timestamp,ltp,volume
2021-06-21 09:16:41,700.55,1478781
2021-06-21 09:16:41,700.55,1478781
2021-06-21 09:16:42,701.25,1488938
2021-06-21 09:16:43,701.55,1497360
2021-06-21 09:16:44,701.7,1507995
2021-06-21 09:16:45,701.0,1519518
2021-06-21 09:16:46,701.3,1526562
2021-06-21 09:16:46,701.45,1528748
2021-06-21 09:16:47,701.4,1540656
2021-06-21 09:16:49,702.7,1553459
2021-06-21 09:16:50,702.75,1566511
2021-06-21 09:16:51,703.5,1579408
2021-06-21 09:16:52,704.95,1593181
2021-06-21 09:16:53,705.0,1603391
2021-06-21 09:16:54,705.0,1622931
2021-06-21 09:16:55,705.1,1649489
2021-06-21 09:16:56,705.8,1656510
2021-06-21 09:16:58,706.2,1685286
2021-06-21 09:16:59,706.95,1693948
2021-06-21 09:17:00,706.2,1707477
2021-06-21 09:17:01,705.75,1720528
2021-06-21 09:17:02,706.3,1728411
2021-06-21 09:17:03,706.0,1737961
2021-06-21 09:17:04,705.8,1741410
2021-06-21 09:17:05,705.8,1752627
2021-06-21 09:17:07,704.9,1799702
2021-06-21 09:17:09,705.4,1818380
2021-06-21 09:17:11,704.95,1845316
2021-06-21 09:17:12,705.45,1855054
2021-06-21 09:17:13,705.25,1860613
2021-06-21 09:17:14,705.25,1865555
2021-06-21 09:17:15,705.4,1879011
2021-06-21 09:17:16,704.75,1885818
2021-06-21 09:17:18,705.0,1905043
2021-06-21 09:17:17,704.3,1901382
2021-06-21 09:17:19,704.35,1911283
2021-06-21 09:17:20,705.0,1919870
2021-06-21 09:17:21,704.55,1928649
2021-06-21 09:17:22,704.95,1934569
2021-06-21 09:17:23,705.3,1942695
2021-06-21 09:17:24,706.0,1953083
2021-06-21 09:17:25,706.75,1976183
2021-06-21 09:17:26,707.0,2004052
2021-06-21 09:17:27,706.4,2013828
2021-06-21 09:17:28,706.2,2014595
2021-06-21 09:17:29,705.9,2023258
2021-06-21 09:17:30,706.6,2035840
2021-06-21 09:17:31,707.0,2041901
2021-06-21 09:17:32,707.05,2054361
2021-06-21 09:17:33,706.6,2061039
2021-06-21 09:17:34,706.15,2071052
2021-06-21 09:17:35,706.35,2079678
2021-06-21 09:17:36,706.5,2095575
2021-06-21 09:17:37,707.0,2104197
2021-06-21 09:17:39,708.0,2125171
2021-06-21 09:17:40,707.95,2125426
2021-06-21 09:17:41,708.85,2137389
2021-06-21 09:17:42,708.5,2151321
2021-06-21 09:17:43,707.65,2156677
2021-06-21 09:17:44,707.45,2172118
2021-06-21 09:17:45,708.95,2182532
2021-06-21 09:17:46,707.65,2197335
2021-06-21 09:17:47,708.25,2213041
2021-06-21 09:17:48,709.85,2231579
2021-06-21 09:17:49,709.8,2283602
2021-06-21 09:17:50,710.55,2329803
2021-06-21 09:17:51,710.8,2340334
2021-06-21 09:17:52,710.5,2347523
2021-06-21 09:17:53,710.7,2354109
2021-06-21 09:17:54,711.25,2366935
2021-06-21 09:17:55,710.25,2381990
2021-06-21 09:17:56,711.0,2390450
2021-06-21 09:17:57,711.0,2407930
2021-06-21 09:17:58,710.25,2421827
2021-06-21 09:17:59,711.35,2431525
2021-06-21 09:18:00,710.75,2442117
2021-06-21 09:18:01,710.9,2450535
2021-06-21 09:18:02,710.25,2459637
2021-06-21 09:18:03,708.9,2498213
2021-06-21 09:18:04,709.7,2521174
2021-06-21 09:18:05,708.2,2544578
2021-06-21 09:18:06,709.85,2559506
2021-06-21 09:18:07,708.1,2575697
2021-06-21 09:18:08,708.1,2583338
2021-06-21 09:18:09,708.1,2588679
2021-06-21 09:18:10,708.2,2595845
2021-06-21 09:18:11,708.25,2600991
2021-06-21 09:18:12,708.55,2606035
2021-06-21 09:18:13,708.75,2615031
2021-06-21 09:18:14,709.05,2619554
2021-06-21 09:18:15,709.55,2628359
2021-06-21 09:18:16,709.2,2641193
2021-06-21 09:18:17,709.15,2646318
2021-06-21 09:18:18,709.45,2653155
2021-06-21 09:18:21,709.55,2668892
2021-06-21 09:18:20,709.35,2666403
2021-06-21 09:18:22,708.8,2674467
2021-06-21 09:18:23,708.85,2678815
2021-06-21 09:18:24,708.6,2683138
2021-06-21 09:18:25,708.6,2687443
2021-06-21 09:18:27,708.1,2694478
2021-06-21 09:18:28,708.45,2708229
2021-06-21 09:18:29,707.3,2717679
2021-06-21 09:18:30,707.45,2727147
2021-06-21 09:18:31,706.6,2736928
2021-06-21 09:18:32,707.3,2745447
2021-06-21 09:18:33,706.85,2753679
2021-06-21 09:18:34,705.95,2766957
2021-06-21 09:18:35,705.0,2799795
2021-06-21 09:18:36,705.45,2812167
2021-06-21 09:18:37,705.95,2818476
2021-06-21 09:18:38,705.35,2822847
2021-06-21 09:18:39,705.65,2831702
2021-06-21 09:18:40,706.2,2840021
2021-06-21 09:18:41,705.25,2841916
2021-06-21 09:18:42,706.65,2849756
2021-06-21 09:18:43,705.4,2858842
2021-06-21 09:18:44,705.85,2863327
2021-06-21 09:18:45,706.5,2866858
2021-06-21 09:18:46,706.8,2874210
2021-06-21 09:18:47,706.45,2884500
2021-06-21 09:18:48,707.25,2893874
2021-06-21 09:18:49,707.25,2905205
2021-06-21 09:18:50,706.65,2911597
2021-06-21 09:18:51,706.95,2917185
2021-06-21 09:18:52,707.35,2923996
2021-06-21 09:18:53,706.9,2932053
2021-06-21 09:18:54,707.25,2939265
2021-06-21 09:18:55,707.35,2943513
2021-06-21 09:18:56,707.35,2949783
2021-06-21 09:18:58,707.8,2955581
2021-06-21 09:18:58,707.4,2955090
2021-06-21 09:18:59,707.5,2957172
2021-06-21 09:19:00,708.4,2965565
2021-06-21 09:19:01,708.25,2967810
2021-06-21 09:19:02,708.4,2972724
2021-06-21 09:19:05,708.55,2983176
2021-06-21 09:19:06,708.4,2986330
2021-06-21 09:19:07,708.3,2992087
2021-06-21 09:19:08,707.45,2997784
2021-06-21 09:19:09,708.25,3009043
2021-06-21 09:19:10,708.05,3016644
2021-06-21 09:19:11,707.95,3020037
2021-06-21 09:19:12,707.2,3036877
2021-06-21 09:19:13,706.65,3040424
2021-06-21 09:19:14,706.25,3047325
2021-06-21 09:19:15,706.5,3059124
2021-06-21 09:19:16,705.8,3062628
2021-06-21 09:19:17,705.5,3077335
2021-06-21 09:19:18,706.2,3082779
2021-06-21 09:19:19,705.55,3088914
2021-06-21 09:19:20,705.25,3093896
2021-06-21 09:19:21,705.9,3099452
2021-06-21 09:19:22,706.6,3107702
2021-06-21 09:19:23,706.8,3111739
2021-06-21 09:19:24,706.7,3115211
2021-06-21 09:19:26,707.0,3123202
2021-06-21 09:19:27,706.7,3125249
2021-06-21 09:19:28,706.8,3128551
2021-06-21 09:19:28,706.5,3128623
2021-06-21 09:19:29,706.45,3130953
2021-06-21 09:19:30,707.0,3135436
2021-06-21 09:19:31,706.3,3141008
2021-06-21 09:19:32,706.8,3146101
2021-06-21 09:19:33,707.1,3148289
2021-06-21 09:19:34,707.25,3155452
2021-06-21 09:19:35,707.0,3159511
2021-06-21 09:19:36,707.6,3163102
2021-06-21 09:19:38,706.8,3170693
2021-06-21 09:19:38,707.2,3171844
2021-06-21 09:19:39,707.35,3175281
2021-06-21 09:19:40,707.2,3178052
2021-06-21 09:19:41,707.1,3179390
2021-06-21 09:19:42,706.75,3181587
2021-06-21 09:19:43,707.0,3186236
2021-06-21 09:19:44,707.2,3187560
2021-06-21 09:19:45,707.35,3197138
2021-06-21 09:19:47,707.05,3206714
2021-06-21 09:19:48,707.65,3208882
2021-06-21 09:19:49,707.55,3211153
2021-06-21 09:19:50,707.5,3214751
2021-06-21 09:19:51,707.05,3217796
2021-06-21 09:19:52,707.6,3219846
2021-06-21 09:19:53,707.35,3221590
2021-06-21 09:19:54,707.5,3227469
2021-06-21 09:19:55,708.0,3229674
2021-06-21 09:19:56,707.6,3240463
2021-06-21 09:19:57,707.35,3253799
2021-06-21 09:19:58,707.55,3256624
2021-06-21 09:19:59,707.4,3259330
2021-06-21 09:20:00,707.65,3264326
2021-06-21 09:20:01,707.6,3276720
2021-06-21 09:20:02,707.75,3281503
2021-06-21 09:20:03,707.45,3293783
2021-06-21 09:20:04,707.7,3297436
2021-06-21 09:20:05,707.45,3302099
2021-06-21 09:20:06,707.1,3306986
2021-06-21 09:20:08,707.3,3313394
2021-06-21 09:20:08,707.35,3312684
2021-06-21 09:20:09,707.35,3315693
2021-06-21 09:20:10,706.6,3322077
2021-06-21 09:20:11,706.45,3328034
2021-06-21 09:20:12,705.9,3344210
2021-06-21 09:20:13,705.7,3351262
2021-06-21 09:20:14,705.05,3357739
2021-06-21 09:20:15,704.05,3409413
2021-06-21 09:20:16,704.3,3413245
2021-06-21 09:20:17,704.55,3419443
2021-06-21 09:20:18,704.75,3426549
2021-06-21 09:20:19,705.55,3435906
2021-06-21 09:20:20,705.05,3438473
2021-06-21 09:20:21,705.05,3444260
2021-06-21 09:20:22,704.8,3447853
2021-06-21 09:20:23,704.4,3462056
2021-06-21 09:20:24,703.95,3464478
2021-06-21 09:20:25,703.55,3467617
2021-06-21 09:20:26,703.3,3481260
2021-06-21 09:20:27,703.2,3484556
2021-06-21 09:20:28,703.05,3489977
2021-06-21 09:20:29,703.6,3496531
2021-06-21 09:20:30,703.3,3506838
2021-06-21 09:20:31,702.45,3513119
2021-06-21 09:20:32,702.35,3517694
2021-06-21 09:20:33,703.05,3524122
2021-06-21 09:20:34,704.05,3537011
2021-06-21 09:20:35,704.75,3543620
2021-06-21 09:20:37,704.3,3564941
2021-06-21 09:20:40,704.35,3569733
2021-06-21 09:20:41,704.55,3574118
2021-06-21 09:20:42,705.2,3576047
2021-06-21 09:20:43,704.9,3579103
2021-06-21 09:20:44,704.4,3583238
2021-06-21 09:20:44,704.4,3583168
2021-06-21 09:20:45,704.95,3584497
2021-06-21 09:20:46,704.4,3595217
2021-06-21 09:20:47,705.05,3598918
2021-06-21 09:20:48,705.15,3602364
2021-06-21 09:20:49,704.7,3609308
2021-06-21 09:20:50,705.0,3610359
2021-06-21 09:20:51,704.85,3617348
2021-06-21 09:20:52,705.5,3619240
2021-06-21 09:20:54,705.25,3622851
2021-06-21 09:20:54,705.2,3622231
2021-06-21 09:20:56,706.15,3642733
2021-06-21 09:20:56,706.65,3642504
2021-06-21 09:20:57,706.55,3647043
2021-06-21 09:20:58,705.55,3659265
2021-06-21 09:20:59,705.65,3661664
2021-06-21 09:21:00,706.0,3665309
2021-06-21 09:21:01,706.35,3670326
2021-06-21 09:21:02,706.4,3671419
2021-06-21 09:21:03,706.95,3675354
2021-06-21 09:21:04,706.3,3679101
2021-06-21 09:21:05,706.55,3681865
2021-06-21 09:21:06,706.8,3683346
2021-06-21 09:21:07,706.95,3686311
2021-06-21 09:21:08,706.95,3689852
2021-06-21 09:21:09,706.8,3691880
2021-06-21 09:21:10,706.2,3694316
2021-06-21 09:21:11,706.7,3696852
2021-06-21 09:21:12,706.9,3700078
2021-06-21 09:21:13,706.8,3702314
2021-06-21 09:21:14,706.65,3705371
2021-06-21 09:21:16,706.7,3712481
2021-06-21 09:21:16,706.6,3715480
2021-06-21 09:21:17,706.3,3716896
2021-06-21 09:21:18,706.8,3719730
2021-06-21 09:21:19,706.0,3724836
2021-06-21 09:21:20,706.2,3727152
2021-06-21 09:21:21,706.8,3729511
2021-06-21 09:21:22,706.3,3731708
2021-06-21 09:21:23,706.75,3733427
2021-06-21 09:21:24,706.3,3735937
2021-06-21 09:21:26,706.6,3739529
2021-06-21 09:21:26,706.8,3746727
2021-06-21 09:21:28,707.0,3756502
2021-06-21 09:21:28,707.0,3759319
2021-06-21 09:21:30,707.3,3765879
2021-06-21 09:21:30,707.05,3769731
2021-06-21 09:21:31,707.45,3771356
2021-06-21 09:21:33,707.1,3773205
2021-06-21 09:21:34,707.05,3775339
2021-06-21 09:21:35,707.45,3779471
2021-06-21 09:21:35,707.25,3780158
2021-06-21 09:21:36,707.5,3788259
2021-06-21 09:21:37,707.25,3790459
2021-06-21 09:21:38,707.95,3799237
2021-06-21 09:21:39,707.95,3801978
2021-06-21 09:21:40,707.5,3805577
2021-06-21 09:21:42,707.5,3808268
2021-06-21 09:21:43,707.45,3809973
2021-06-21 09:21:44,707.5,3811836
2021-06-21 09:21:45,707.9,3816933
2021-06-21 09:21:46,707.9,3818582
2021-06-21 09:21:46,707.5,3819118
2021-06-21 09:21:47,707.0,3832414
2021-06-21 09:21:48,706.95,3836294
2021-06-21 09:21:49,706.6,3843105
2021-06-21 09:21:50,706.7,3844911
2021-06-21 09:21:52,706.6,3847708
2021-06-21 09:21:52,706.3,3849945
2021-06-21 09:21:54,707.0,3857326
2021-06-21 09:21:54,706.6,3857406
2021-06-21 09:21:55,706.5,3862091
2021-06-21 09:21:56,706.95,3863501
2021-06-21 09:21:57,706.5,3864587
2021-06-21 09:21:58,707.0,3866017
2021-06-21 09:21:59,706.65,3867778
2021-06-21 09:22:00,706.5,3873723
2021-06-21 09:22:01,706.9,3877490
2021-06-21 09:22:02,706.8,3878915
2021-06-21 09:22:03,707.0,3879836
2021-06-21 09:22:04,706.7,3884026
2021-06-21 09:22:05,706.6,3886442
2021-06-21 09:22:06,707.25,3890113
2021-06-21 09:22:07,707.0,3891638
2021-06-21 09:22:08,706.95,3893494
2021-06-21 09:22:09,706.95,3896988
2021-06-21 09:22:10,706.7,3897696
2021-06-21 09:22:11,707.1,3900473
2021-06-21 09:22:12,707.0,3903701
2021-06-21 09:22:13,707.0,3906130
2021-06-21 09:22:15,706.95,3908465
2021-06-21 09:22:16,706.95,3909540
2021-06-21 09:22:16,706.6,3910158
2021-06-21 09:22:17,706.7,3912651
2021-06-21 09:22:18,706.7,3913659
2021-06-21 09:22:19,706.5,3917373
2021-06-21 09:22:20,706.5,3921336
2021-06-21 09:22:21,705.9,3930006
2021-06-21 09:22:22,706.05,3934653
2021-06-21 09:22:23,706.4,3937379
2021-06-21 09:22:24,706.0,3938276
2021-06-21 09:22:25,706.0,3939925
2021-06-21 09:22:26,705.8,3941856
2021-06-21 09:22:27,706.5,3950273
2021-06-21 09:22:28,707.0,3950750
2021-06-21 09:22:29,707.25,3958628
2021-06-21 09:22:30,707.7,3963497
2021-06-21 09:22:31,707.9,3971300
2021-06-21 09:22:32,707.95,3984425
2021-06-21 09:22:33,707.2,3985986
2021-06-21 09:22:34,707.7,3987221
2021-06-21 09:22:35,707.3,3990484
2021-06-21 09:22:36,708.0,3995332
2021-06-21 09:22:38,708.3,4011381
2021-06-21 09:22:41,708.5,4027070
2021-06-21 09:22:41,708.95,4035665
2021-06-21 09:22:43,709.75,4048007
2021-06-21 09:22:45,709.9,4065575
2021-06-21 09:22:47,709.75,4128601
2021-06-21 09:22:48,710.1,4133742
2021-06-21 09:22:49,709.75,4138637
2021-06-21 09:22:51,709.35,4150955
2021-06-21 09:22:52,709.5,4164777
2021-06-21 09:22:53,709.9,4170463
2021-06-21 09:22:54,710.45,4175762
2021-06-21 09:22:55,710.4,4181933
2021-06-21 09:22:56,710.25,4188571
2021-06-21 09:22:57,710.25,4192086
2021-06-21 09:22:58,710.65,4219444
2021-06-21 09:23:00,711.2,4238752
2021-06-21 09:22:59,711.3,4231886
2021-06-21 09:23:01,711.3,4258947
2021-06-21 09:23:03,712.8,4299458
2021-06-21 09:23:05,712.25,4334721
2021-06-21 09:23:09,713.5,4365398
2021-06-21 09:23:10,712.1,4381501
2021-06-21 09:23:11,712.9,4389361
2021-06-21 09:23:12,712.6,4396133
2021-06-21 09:23:13,712.9,4402699
2021-06-21 09:23:14,712.8,4405873
2021-06-21 09:23:15,713.1,4414737
2021-06-21 09:23:16,713.0,4419182
2021-06-21 09:23:17,713.75,4432332
2021-06-21 09:23:18,712.95,4444935
2021-06-21 09:23:18,712.9,4444220
2021-06-21 09:23:19,713.65,4451134
2021-06-21 09:23:20,713.45,4459178
2021-06-21 09:23:21,712.9,4474469
2021-06-21 09:23:22,713.2,4482494
2021-06-21 09:23:23,713.3,4496644
2021-06-21 09:23:24,712.35,4508950
2021-06-21 09:23:25,712.9,4515374
2021-06-21 09:23:26,712.25,4523674
2021-06-21 09:23:27,712.55,4533678
2021-06-21 09:23:28,712.5,4552252
2021-06-21 09:23:29,712.8,4559638
2021-06-21 09:23:30,712.7,4569541
2021-06-21 09:23:31,712.35,4573226
2021-06-21 09:23:32,712.3,4578485
2021-06-21 09:23:33,712.6,4585718
2021-06-21 09:23:34,712.7,4590003
2021-06-21 09:23:35,712.85,4595327
2021-06-21 09:23:36,712.6,4615832
2021-06-21 09:23:37,712.75,4632438
2021-06-21 09:23:38,713.45,4636342
2021-06-21 09:23:39,712.25,4647871
2021-06-21 09:23:40,712.75,4651292
2021-06-21 09:23:41,712.6,4655096
2021-06-21 09:23:42,713.2,4658049
2021-06-21 09:23:43,712.65,4669815
2021-06-21 09:23:44,713.05,4681186
2021-06-21 09:23:45,712.3,4689530
2021-06-21 09:23:46,711.85,4717292
2021-06-21 09:23:47,711.3,4722004
2021-06-21 09:23:48,709.0,4761813
2021-06-21 09:23:49,709.7,4769327
2021-06-21 09:23:50,709.2,4777617
2021-06-21 09:23:51,708.55,4783414
2021-06-21 09:23:52,709.8,4790228
2021-06-21 09:23:53,709.2,4797474
2021-06-21 09:23:54,709.6,4800356
2021-06-21 09:23:55,709.55,4804279
2021-06-21 09:23:56,709.75,4810024
2021-06-21 09:23:57,710.0,4818790
2021-06-21 09:23:58,710.4,4824568
2021-06-21 09:23:59,710.7,4828719
2021-06-21 09:24:01,710.7,4830899
2021-06-21 09:24:01,710.1,4832756
2021-06-21 09:24:03,710.7,4841976
2021-06-21 09:24:05,711.5,4848870
2021-06-21 09:24:07,711.2,4859799
2021-06-21 09:24:08,711.1,4863891
2021-06-21 09:24:09,710.95,4866773
2021-06-21 09:24:10,711.15,4871886
2021-06-21 09:24:11,710.9,4874945
2021-06-21 09:24:12,711.2,4878645
2021-06-21 09:24:13,710.95,4881964
2021-06-21 09:24:14,710.8,4888188
2021-06-21 09:24:15,710.0,4913190
2021-06-21 09:24:16,709.4,4923600
2021-06-21 09:24:17,710.0,4935691
2021-06-21 09:24:18,709.85,4940698
2021-06-21 09:24:19,709.8,4947290
2021-06-21 09:24:20,709.7,4949451
2021-06-21 09:24:21,709.35,4956082
2021-06-21 09:24:22,709.75,4959543
2021-06-21 09:24:23,709.3,4976578
2021-06-21 09:24:24,709.15,4979340
2021-06-21 09:24:27,709.3,5014810
2021-06-21 09:24:28,708.7,5018822
2021-06-21 09:24:30,709.35,5021094
2021-06-21 09:24:31,709.0,5026501
2021-06-21 09:24:32,708.0,5062917
2021-06-21 09:24:33,708.0,5073671
2021-06-21 09:24:34,708.0,5078986
2021-06-21 09:24:35,708.65,5080291
2021-06-21 09:24:36,709.2,5087545
2021-06-21 09:24:37,709.9,5091898
2021-06-21 09:24:38,709.35,5093806
2021-06-21 09:24:39,709.25,5097005
2021-06-21 09:24:40,709.8,5098428
2021-06-21 09:24:41,709.55,5099185
2021-06-21 09:24:42,709.65,5100887
2021-06-21 09:24:43,709.75,5106963
2021-06-21 09:24:44,709.95,5108120
2021-06-21 09:24:44,709.95,5109863
2021-06-21 09:24:45,710.15,5128705
2021-06-21 09:24:46,710.7,5133184
2021-06-21 09:24:47,711.15,5143832
2021-06-21 09:24:48,711.3,5146511
2021-06-21 09:24:49,711.6,5150466
2021-06-21 09:24:50,711.6,5151668
2021-06-21 09:24:51,711.8,5154513
2021-06-21 09:24:52,711.9,5156418
2021-06-21 09:24:53,711.65,5159047
2021-06-21 09:24:54,711.25,5162737
2021-06-21 09:24:55,711.45,5164780
2021-06-21 09:24:56,711.4,5166460
2021-06-21 09:24:57,711.05,5167825
2021-06-21 09:24:58,711.3,5171244
2021-06-21 09:24:59,711.0,5176984
2021-06-21 09:25:00,711.0,5183310
2021-06-21 09:25:01,710.7,5184668
2021-06-21 09:25:02,711.0,5186027
2021-06-21 09:25:05,711.6,5194341
2021-06-21 09:25:06,711.85,5196122
2021-06-21 09:25:07,711.45,5206482
2021-06-21 09:25:11,710.7,5248759
2021-06-21 09:25:13,710.2,5266334
2021-06-21 09:25:14,710.4,5270469
2021-06-21 09:25:15,710.95,5274193
2021-06-21 09:25:16,710.25,5275210
2021-06-21 09:25:17,710.25,5279221
2021-06-21 09:25:18,710.65,5281686
2021-06-21 09:25:19,709.9,5287161
2021-06-21 09:25:20,709.55,5290425
2021-06-21 09:25:20,710.25,5292560
2021-06-21 09:25:22,709.85,5294968
2021-06-21 09:25:23,709.8,5299304
2021-06-21 09:25:24,709.6,5303885
2021-06-21 09:25:25,709.95,5313552
2021-06-21 09:25:26,709.95,5315596
2021-06-21 09:25:27,709.7,5317046
2021-06-21 09:25:28,709.55,5319735
2021-06-21 09:25:29,710.1,5321044
2021-06-21 09:25:30,710.6,5324051
2021-06-21 09:25:31,710.15,5328025
2021-06-21 09:25:32,710.25,5330306
2021-06-21 09:25:33,710.6,5332925
2021-06-21 09:25:34,710.25,5338838
2021-06-21 09:25:35,710.6,5341370
2021-06-21 09:25:36,711.0,5350842
2021-06-21 09:25:37,710.55,5354240
2021-06-21 09:25:38,711.0,5357788
2021-06-21 09:25:39,711.0,5358804
2021-06-21 09:25:40,710.3,5364098
2021-06-21 09:25:41,710.35,5366165
2021-06-21 09:25:42,710.95,5369275
2021-06-21 09:25:43,711.0,5370411
2021-06-21 09:25:44,710.9,5374217
2021-06-21 09:25:45,710.95,5378988
2021-06-21 09:25:46,711.0,5381268
2021-06-21 09:25:47,710.5,5383171
2021-06-21 09:25:48,711.0,5385456
2021-06-21 09:25:49,711.0,5386625
2021-06-21 09:25:50,711.0,5388089
2021-06-21 09:25:51,710.9,5390717
2021-06-21 09:25:52,710.65,5392849
2021-06-21 09:25:53,710.6,5394979
2021-06-21 09:25:54,710.35,5396844
2021-06-21 09:25:55,710.35,5398638
2021-06-21 09:25:56,709.55,5410810
2021-06-21 09:25:57,709.8,5413863
2021-06-21 09:25:59,709.95,5420509
2021-06-21 09:26:00,710.0,5422546
2021-06-21 09:26:01,710.0,5425046
2021-06-21 09:26:02,710.7,5435032
2021-06-21 09:26:03,710.5,5437358
2021-06-21 09:26:04,710.4,5441499
2021-06-21 09:26:05,710.8,5444114
2021-06-21 09:26:06,710.85,5445150
2021-06-21 09:26:07,710.7,5447475
2021-06-21 09:26:08,710.7,5447988
2021-06-21 09:26:09,710.65,5449048
2021-06-21 09:26:10,710.65,5449767
2021-06-21 09:26:12,710.55,5451277
2021-06-21 09:26:13,710.8,5452898
2021-06-21 09:26:14,710.6,5454264
2021-06-21 09:26:15,710.15,5459744
2021-06-21 09:26:16,710.35,5466391
2021-06-21 09:26:17,710.4,5468464
2021-06-21 09:26:18,710.5,5470532
2021-06-21 09:26:19,710.0,5480847
2021-06-21 09:26:20,710.25,5482022
2021-06-21 09:26:21,709.55,5484588
2021-06-21 09:26:22,709.95,5488741
2021-06-21 09:26:23,709.8,5492112
2021-06-21 09:26:24,710.0,5493653
2021-06-21 09:26:25,709.7,5494867
2021-06-21 09:26:26,710.4,5496465
2021-06-21 09:26:27,710.0,5499608
2021-06-21 09:26:28,710.05,5500980
2021-06-21 09:26:29,709.25,5507752
2021-06-21 09:26:30,709.8,5510511
2021-06-21 09:26:31,709.8,5511878
2021-06-21 09:26:32,710.0,5515275
2021-06-21 09:26:33,710.0,5515934
2021-06-21 09:26:34,709.7,5518080
2021-06-21 09:26:35,709.5,5518845
2021-06-21 09:26:36,709.25,5522903
2021-06-21 09:26:37,708.85,5555180
2021-06-21 09:26:38,709.0,5556715
2021-06-21 09:26:39,708.7,5565067
2021-06-21 09:26:40,709.55,5571334
2021-06-21 09:26:41,709.05,5572581
2021-06-21 09:26:42,709.4,5574347
2021-06-21 09:26:43,709.4,5576006
2021-06-21 09:26:44,709.65,5577944
2021-06-21 09:26:45,709.05,5581647
2021-06-21 09:26:46,709.2,5584408
2021-06-21 09:26:47,708.75,5586509
2021-06-21 09:26:48,709.0,5589268
2021-06-21 09:26:49,708.7,5595197
2021-06-21 09:26:50,708.55,5602102
2021-06-21 09:26:51,708.5,5609717
2021-06-21 09:26:52,708.0,5612156
2021-06-21 09:26:53,708.15,5614813
2021-06-21 09:26:54,708.25,5616149
2021-06-21 09:26:55,708.6,5618917
2021-06-21 09:26:56,708.65,5620831
2021-06-21 09:26:57,708.4,5643200
2021-06-21 09:26:58,707.65,5647989
2021-06-21 09:26:59,708.0,5649016
2021-06-21 09:27:00,707.55,5652547
2021-06-21 09:27:01,707.95,5658435
2021-06-21 09:27:02,708.0,5661211
2021-06-21 09:27:03,708.0,5666472
2021-06-21 09:27:04,708.0,5668181
2021-06-21 09:27:05,709.2,5679349
2021-06-21 09:27:06,709.45,5681642
2021-06-21 09:27:07,709.55,5683088
2021-06-21 09:27:08,709.6,5686026
2021-06-21 09:27:09,709.8,5694629
2021-06-21 09:27:10,710.05,5696604
2021-06-21 09:27:11,710.3,5698673
2021-06-21 09:27:12,710.15,5703375
2021-06-21 09:27:13,709.9,5708518
2021-06-21 09:27:14,709.35,5709450
2021-06-21 09:27:15,709.55,5711264
2021-06-21 09:27:16,709.75,5712829
2021-06-21 09:27:17,710.0,5713910
2021-06-21 09:27:18,710.1,5714708
2021-06-21 09:27:19,710.2,5716206
2021-06-21 09:27:20,710.0,5717193
2021-06-21 09:27:20,710.0,5717565
2021-06-21 09:27:21,710.0,5720176
2021-06-21 09:27:22,710.0,5721294
2021-06-21 09:27:23,709.6,5721921
2021-06-21 09:27:24,709.95,5723853
2021-06-21 09:27:25,710.0,5724859
2021-06-21 09:27:27,709.8,5727129
2021-06-21 09:27:28,709.85,5733085
2021-06-21 09:27:29,710.15,5746643
2021-06-21 09:27:30,710.1,5748936
2021-06-21 09:27:31,710.65,5756538
2021-06-21 09:27:32,710.65,5758605
2021-06-21 09:27:33,711.0,5765952
2021-06-21 09:27:34,711.35,5787487
2021-06-21 09:27:35,712.05,5812277
2021-06-21 09:27:36,712.25,5819800
2021-06-21 09:27:37,711.7,5821901
2021-06-21 09:27:38,712.6,5828913
2021-06-21 09:27:39,713.35,5860325
2021-06-21 09:27:40,712.95,5875327
2021-06-21 09:27:41,713.35,5879293
2021-06-21 09:27:43,713.1,5892289
2021-06-21 09:27:42,713.0,5887635
2021-06-21 09:27:45,712.4,5899119
2021-06-21 09:27:46,713.0,5908034
2021-06-21 09:27:47,712.6,5916840
2021-06-21 09:27:48,711.5,5926218
2021-06-21 09:27:49,712.0,5928417
2021-06-21 09:27:50,712.6,5932483
2021-06-21 09:27:51,712.3,5935467
2021-06-21 09:27:52,711.85,5942167
2021-06-21 09:27:53,711.85,5946519
2021-06-21 09:27:54,712.05,5948991
2021-06-21 09:27:55,711.5,5950980
2021-06-21 09:27:56,711.95,5953241
2021-06-21 09:27:57,711.7,5954472
2021-06-21 09:27:58,711.7,5956879
2021-06-21 09:27:59,712.3,5963575
2021-06-21 09:28:00,712.35,5965218
2021-06-21 09:28:01,711.6,5970361
2021-06-21 09:28:02,712.0,5973157
2021-06-21 09:28:03,711.7,5974712
2021-06-21 09:28:04,712.15,5978552
2021-06-21 09:28:05,711.55,5981012
2021-06-21 09:28:06,711.65,5985309
2021-06-21 09:28:07,711.6,5986032
2021-06-21 09:28:08,711.25,5988007
2021-06-21 09:28:10,711.25,5990062
2021-06-21 09:28:11,711.45,5992275
2021-06-21 09:28:12,710.8,5997364
2021-06-21 09:28:13,710.45,6002240
2021-06-21 09:28:14,710.8,6004575
2021-06-21 09:28:15,710.4,6005057
2021-06-21 09:28:16,710.95,6007564
2021-06-21 09:28:17,711.0,6008069
2021-06-21 09:28:18,710.6,6008738
2021-06-21 09:28:19,710.6,6010080
2021-06-21 09:28:20,711.1,6010392
2021-06-21 09:28:21,711.0,6012724
2021-06-21 09:28:22,710.6,6013576
2021-06-21 09:28:23,710.95,6015666
2021-06-21 09:28:25,710.6,6025030
2021-06-21 09:28:26,710.9,6026601
2021-06-21 09:28:28,710.6,6034948
2021-06-21 09:28:29,710.7,6035732
2021-06-21 09:28:30,710.6,6040158
2021-06-21 09:28:31,710.95,6042407
2021-06-21 09:28:32,710.95,6043146
2021-06-21 09:28:33,710.6,6044327
2021-06-21 09:28:34,710.6,6045539
2021-06-21 09:28:35,710.2,6047704
2021-06-21 09:28:36,710.7,6048151
2021-06-21 09:28:37,710.5,6050913
2021-06-21 09:28:38,710.75,6052113
2021-06-21 09:28:39,710.4,6053070
2021-06-21 09:28:40,710.6,6054281
2021-06-21 09:28:41,710.6,6057397
2021-06-21 09:28:42,710.65,6059908
2021-06-21 09:28:43,710.1,6061284
2021-06-21 09:28:44,710.0,6068937
2021-06-21 09:28:45,710.4,6069304
2021-06-21 09:28:46,710.35,6070558
2021-06-21 09:28:47,710.25,6071925
2021-06-21 09:28:48,710.25,6073292
2021-06-21 09:28:49,710.4,6075331
2021-06-21 09:28:50,710.6,6075819
2021-06-21 09:28:51,710.9,6077403
2021-06-21 09:28:53,710.55,6079825
2021-06-21 09:28:54,710.4,6080244
2021-06-21 09:28:55,710.9,6082406
2021-06-21 09:28:56,710.45,6083528
2021-06-21 09:28:57,710.9,6084114
2021-06-21 09:28:58,710.9,6084917
2021-06-21 09:28:59,711.0,6087609
2021-06-21 09:29:00,710.6,6087853
2021-06-21 09:29:01,710.9,6088195
2021-06-21 09:29:02,710.5,6088953
2021-06-21 09:29:03,710.95,6114160
2021-06-21 09:29:04,711.0,6115116
2021-06-21 09:29:05,711.0,6116253
2021-06-21 09:29:06,710.8,6117937
2021-06-21 09:29:07,710.55,6126167
2021-06-21 09:29:08,711.0,6127297
2021-06-21 09:29:09,710.65,6128383
2021-06-21 09:29:10,710.6,6129771
2021-06-21 09:29:11,711.0,6132384
2021-06-21 09:29:12,711.0,6133385
2021-06-21 09:29:14,710.9,6136081
2021-06-21 09:29:15,711.0,6137012
2021-06-21 09:29:16,710.65,6140363
2021-06-21 09:29:17,710.9,6144321
2021-06-21 09:29:18,711.0,6144624
2021-06-21 09:29:19,710.9,6147219
2021-06-21 09:29:20,711.15,6149340
2021-06-21 09:29:21,711.35,6151691
2021-06-21 09:29:22,711.3,6152501
2021-06-21 09:29:23,711.3,6152898
2021-06-21 09:29:24,711.35,6153918
2021-06-21 09:29:25,710.95,6155238
2021-06-21 09:29:26,711.15,6156756
2021-06-21 09:29:27,711.05,6157683
2021-06-21 09:29:28,710.8,6165091
2021-06-21 09:29:29,710.8,6165091
2021-06-21 09:29:30,710.7,6167663
2021-06-21 09:29:31,710.9,6168399
2021-06-21 09:29:32,711.0,6169078
2021-06-21 09:29:33,710.7,6169711
2021-06-21 09:29:34,710.9,6170916
2021-06-21 09:29:35,710.8,6173777
2021-06-21 09:29:36,710.8,6174562
2021-06-21 09:29:38,710.9,6176385
2021-06-21 09:29:39,710.9,6176637
2021-06-21 09:29:40,710.55,6178962
2021-06-21 09:29:41,710.9,6179287
2021-06-21 09:29:42,710.55,6180216
2021-06-21 09:29:43,710.6,6181820
2021-06-21 09:29:45,710.5,6182311
2021-06-21 09:29:45,710.5,6182319
2021-06-21 09:29:46,710.9,6189186
2021-06-21 09:29:47,710.4,6192137
2021-06-21 09:29:48,710.0,6196989
2021-06-21 09:29:49,710.0,6254596
2021-06-21 09:29:51,709.7,6257016
2021-06-21 09:29:52,709.65,6258548
2021-06-21 09:29:53,709.6,6260816
2021-06-21 09:29:54,709.45,6263680
2021-06-21 09:29:55,709.75,6266380
2021-06-21 09:29:56,709.75,6270882
2021-06-21 09:29:57,709.3,6271322
2021-06-21 09:29:58,709.3,6272360
2021-06-21 09:29:59,709.15,6272834
2021-06-21 09:30:00,709.45,6273746
2021-06-21 09:30:01,709.6,6277042
2021-06-21 09:30:02,709.55,6278216
2021-06-21 09:30:03,709.65,6281648
2021-06-21 09:30:04,709.8,6283876
2021-06-21 09:30:05,709.3,6284963
2021-06-21 09:30:06,709.3,6290548
2021-06-21 09:30:07,709.35,6293672
2021-06-21 09:30:08,709.15,6297206
2021-06-21 09:30:09,709.5,6299621
2021-06-21 09:30:10,708.8,6320750
2021-06-21 09:30:12,708.75,6325235
2021-06-21 09:30:15,708.75,6342584
2021-06-21 09:30:16,709.2,6346065
2021-06-21 09:30:17,708.9,6348790
2021-06-21 09:30:18,708.8,6349489
2021-06-21 09:30:19,708.85,6353321
2021-06-21 09:30:20,709.0,6358860
2021-06-21 09:30:20,709.15,6359940
2021-06-21 09:30:21,708.95,6361326
2021-06-21 09:30:22,708.5,6363191
2021-06-21 09:30:23,709.05,6365837
2021-06-21 09:30:24,708.5,6367122
2021-06-21 09:30:25,708.4,6368042
2021-06-21 09:30:26,708.2,6369498
2021-06-21 09:30:27,708.2,6372103
2021-06-21 09:30:28,708.85,6377472
2021-06-21 09:30:29,708.3,6382253
2021-06-21 09:30:30,708.3,6383360
2021-06-21 09:30:31,708.5,6383936
2021-06-21 09:30:32,707.85,6420595
2021-06-21 09:30:33,707.85,6422995
2021-06-21 09:30:34,707.9,6424383
2021-06-21 09:30:35,707.85,6426188
2021-06-21 09:30:36,707.85,6429727
2021-06-21 09:30:37,707.95,6440975
2021-06-21 09:30:38,707.65,6443393
2021-06-21 09:30:39,707.55,6446174
2021-06-21 09:30:40,707.85,6448693
2021-06-21 09:30:41,707.95,6452012
2021-06-21 09:30:43,707.6,6455878
2021-06-21 09:30:44,708.0,6465092
2021-06-21 09:30:44,707.55,6465830
2021-06-21 09:30:45,707.25,6469932
2021-06-21 09:30:46,707.55,6472040
2021-06-21 09:30:47,707.5,6477565
2021-06-21 09:30:48,706.45,6507609
2021-06-21 09:30:49,706.9,6509639
2021-06-21 09:30:50,707.05,6513422
2021-06-21 09:30:51,706.65,6522168
2021-06-21 09:30:52,706.0,6539698
2021-06-21 09:30:53,705.4,6551057
2021-06-21 09:30:54,705.25,6559529
2021-06-21 09:30:55,705.35,6571744
2021-06-21 09:30:56,705.25,6575986
2021-06-21 09:30:57,705.6,6581622
2021-06-21 09:30:58,705.8,6585378
2021-06-21 09:30:59,705.35,6589681
2021-06-21 09:31:00,705.25,6597131
2021-06-21 09:31:02,705.05,6634026
2021-06-21 09:31:03,705.95,6638832
2021-06-21 09:31:04,706.0,6643737
2021-06-21 09:31:05,706.3,6669262
2021-06-21 09:31:06,706.25,6671737
2021-06-21 09:31:07,706.0,6675580
2021-06-21 09:31:08,706.55,6682807
2021-06-21 09:31:09,706.0,6687661
2021-06-21 09:31:10,706.4,6689633
2021-06-21 09:31:11,706.4,6690783
2021-06-21 09:31:12,707.0,6697780
2021-06-21 09:31:13,706.0,6715216
2021-06-21 09:31:14,706.0,6719775
2021-06-21 09:31:15,706.0,6723926
2021-06-21 09:31:16,705.6,6729317
2021-06-21 09:31:17,706.7,6732608
2021-06-21 09:31:18,706.55,6734448
2021-06-21 09:31:19,706.0,6736523
2021-06-21 09:31:20,706.2,6738598
2021-06-21 09:31:21,706.2,6742104
2021-06-21 09:31:22,706.75,6743921
2021-06-21 09:31:23,707.0,6747794
2021-06-21 09:31:24,706.65,6748497
2021-06-21 09:31:25,706.85,6750832
2021-06-21 09:31:26,707.45,6752474
2021-06-21 09:31:27,707.3,6753939
2021-06-21 09:31:28,707.75,6756154
2021-06-21 09:31:29,707.0,6762979
2021-06-21 09:31:30,706.95,6765138
2021-06-21 09:31:31,707.2,6767446
2021-06-21 09:31:32,707.55,6769193
2021-06-21 09:31:33,706.85,6772752
2021-06-21 09:31:34,707.0,6775347
2021-06-21 09:31:35,707.3,6776199
2021-06-21 09:31:36,707.1,6776904
2021-06-21 09:31:37,707.0,6791584
2021-06-21 09:31:38,707.0,6795447
2021-06-21 09:31:40,706.8,6804922
2021-06-21 09:31:41,707.0,6808048
2021-06-21 09:31:42,707.15,6810826
2021-06-21 09:31:43,707.0,6811183
2021-06-21 09:31:44,707.7,6814086
2021-06-21 09:31:45,707.25,6815676
2021-06-21 09:31:46,707.35,6817890
2021-06-21 09:31:47,707.35,6819218
2021-06-21 09:31:48,707.35,6827824
2021-06-21 09:31:49,707.85,6831381
2021-06-21 09:31:50,708.5,6834916
2021-06-21 09:31:51,708.25,6835365
2021-06-21 09:31:52,708.5,6839529
2021-06-21 09:31:52,708.5,6839599
2021-06-21 09:31:53,708.3,6840556
2021-06-21 09:31:54,708.5,6841033
2021-06-21 09:31:55,708.9,6850911
2021-06-21 09:31:56,708.55,6855215
2021-06-21 09:31:57,709.15,6859438
2021-06-21 09:31:58,708.5,6860555
2021-06-21 09:31:59,708.25,6862393
2021-06-21 09:32:00,708.05,6864242
2021-06-21 09:32:01,708.15,6866212
2021-06-21 09:32:02,708.75,6871035
2021-06-21 09:32:03,708.75,6873655
2021-06-21 09:32:04,708.45,6880620
2021-06-21 09:32:05,708.6,6882490
2021-06-21 09:32:06,709.1,6883649
2021-06-21 09:32:07,708.7,6888189
2021-06-21 09:32:08,709.15,6889535
2021-06-21 09:32:09,709.0,6894776
2021-06-21 09:32:10,708.75,6902185
2021-06-21 09:32:11,708.65,6906769
2021-06-21 09:32:12,708.55,6907642
2021-06-21 09:32:13,708.55,6908240
2021-06-21 09:32:14,709.4,6913786
2021-06-21 09:32:15,709.45,6916724
2021-06-21 09:32:16,709.25,6919743
2021-06-21 09:32:17,709.1,6921745
2021-06-21 09:32:18,708.75,6930593
2021-06-21 09:32:19,709.05,6934565
2021-06-21 09:32:20,708.95,6935119
2021-06-21 09:32:21,708.9,6938333
2021-06-21 09:32:22,709.85,6942824
2021-06-21 09:32:23,709.8,6944097
2021-06-21 09:32:24,709.5,6944612
2021-06-21 09:32:25,709.9,6946892
2021-06-21 09:32:26,710.05,6963730
2021-06-21 09:32:27,710.85,6973576
2021-06-21 09:32:28,710.9,6975080
2021-06-21 09:32:29,710.75,6978445
2021-06-21 09:32:30,710.4,6979958
2021-06-21 09:32:31,710.85,6982232
2021-06-21 09:32:33,710.55,6986062
2021-06-21 09:32:32,710.8,6984362
2021-06-21 09:32:34,710.6,6995890
2021-06-21 09:32:36,710.6,6997619
2021-06-21 09:32:37,710.75,7004162
2021-06-21 09:32:38,710.85,7005737
2021-06-21 09:32:39,711.3,7008557
2021-06-21 09:32:41,711.4,7020606
2021-06-21 09:32:42,710.95,7027386
2021-06-21 09:32:43,711.1,7030763
2021-06-21 09:32:44,710.6,7034132
2021-06-21 09:32:45,710.5,7039239
2021-06-21 09:32:45,710.85,7039458
2021-06-21 09:32:46,710.45,7047009
2021-06-21 09:32:47,710.1,7056649
2021-06-21 09:32:48,710.45,7057837
2021-06-21 09:32:49,710.9,7060513
2021-06-21 09:32:50,710.85,7061421
2021-06-21 09:32:52,711.15,7075683
2021-06-21 09:32:53,711.1,7081083
2021-06-21 09:32:55,710.9,7085190
2021-06-21 09:32:56,710.9,7087661
2021-06-21 09:32:57,710.95,7089905
2021-06-21 09:32:58,711.0,7090599
2021-06-21 09:32:59,711.05,7092599
2021-06-21 09:33:00,711.0,7096785
2021-06-21 09:33:01,710.85,7098941
2021-06-21 09:33:02,710.35,7103599
2021-06-21 09:33:03,710.7,7110606
2021-06-21 09:33:05,710.4,7113801
2021-06-21 09:33:06,711.0,7115472
2021-06-21 09:33:07,710.65,7116665
2021-06-21 09:33:08,710.65,7120738
2021-06-21 09:33:10,710.55,7123055
2021-06-21 09:33:12,710.55,7134639
2021-06-21 09:33:15,711.3,7146853
2021-06-21 09:33:16,711.5,7158015
2021-06-21 09:33:16,711.8,7158056
2021-06-21 09:33:17,712.35,7201385
2021-06-21 09:33:18,712.15,7214448
2021-06-21 09:33:19,712.3,7217313
2021-06-21 09:33:20,712.85,7222929
2021-06-21 09:33:21,713.45,7276052
2021-06-21 09:33:22,712.8,7298561
2021-06-21 09:33:23,711.8,7311394
2021-06-21 09:33:24,712.0,7315479
2021-06-21 09:33:25,712.45,7318965
2021-06-21 09:33:27,712.4,7322090
2021-06-21 09:33:28,711.95,7326486
2021-06-21 09:33:30,712.0,7332553
2021-06-21 09:33:31,712.5,7336042
2021-06-21 09:33:31,712.3,7336213
2021-06-21 09:33:32,712.25,7336914
2021-06-21 09:33:33,712.25,7341054
2021-06-21 09:33:34,712.75,7343211
2021-06-21 09:33:35,712.75,7344868
2021-06-21 09:33:36,712.7,7346625
2021-06-21 09:33:37,712.3,7349961
2021-06-21 09:33:39,712.45,7354455
2021-06-21 09:33:40,712.45,7356032
2021-06-21 09:33:41,712.4,7358341
2021-06-21 09:33:43,712.45,7361909
2021-06-21 09:33:44,711.65,7368833
2021-06-21 09:33:44,711.2,7369183
2021-06-21 09:33:45,711.25,7371795
2021-06-21 09:33:47,711.8,7378362
2021-06-21 09:33:48,711.8,7378973
2021-06-21 09:33:49,711.2,7380738
2021-06-21 09:33:50,710.45,7389967
2021-06-21 09:33:51,710.5,7391092
2021-06-21 09:33:52,710.55,7415118
2021-06-21 09:33:53,710.6,7418666
2021-06-21 09:33:54,711.25,7429362
2021-06-21 09:33:55,710.95,7430641
2021-06-21 09:33:56,711.2,7433347
2021-06-21 09:33:57,711.25,7434106
2021-06-21 09:33:58,710.7,7436481
2021-06-21 09:33:59,711.25,7437313
2021-06-21 09:34:01,711.25,7439768
2021-06-21 09:34:02,711.45,7441754
2021-06-21 09:34:03,711.55,7442766
2021-06-21 09:34:04,711.4,7443473
2021-06-21 09:34:05,711.0,7445236
2021-06-21 09:34:06,711.15,7445977
2021-06-21 09:34:06,711.2,7445981
2021-06-21 09:34:07,711.3,7448667
2021-06-21 09:34:08,711.3,7458635
2021-06-21 09:34:09,710.9,7459385
2021-06-21 09:34:10,710.75,7460558
2021-06-21 09:34:11,710.75,7462032
2021-06-21 09:34:12,710.5,7465111
2021-06-21 09:34:13,710.85,7467010
2021-06-21 09:34:14,710.9,7467461
2021-06-21 09:34:15,710.9,7469837
2021-06-21 09:34:16,710.9,7470865
2021-06-21 09:34:17,711.0,7472201
2021-06-21 09:34:18,710.95,7472637
2021-06-21 09:34:19,710.55,7473904
2021-06-21 09:34:20,710.5,7474305
2021-06-21 09:34:22,710.9,7475394
2021-06-21 09:34:23,710.9,7475953
2021-06-21 09:34:25,710.85,7478671
2021-06-21 09:34:26,710.95,7479688
2021-06-21 09:34:27,710.9,7487417
2021-06-21 09:34:29,711.4,7493904
2021-06-21 09:34:31,711.25,7495860
2021-06-21 09:34:32,711.5,7496573
2021-06-21 09:34:36,711.45,7502188
2021-06-21 09:34:37,711.4,7503257
2021-06-21 09:34:38,711.45,7503814
2021-06-21 09:34:39,711.0,7504894
2021-06-21 09:34:40,710.95,7509005
2021-06-21 09:34:41,711.35,7509614
2021-06-21 09:34:42,711.4,7509850
2021-06-21 09:34:43,710.6,7515027
2021-06-21 09:34:44,711.25,7517869
2021-06-21 09:34:45,710.5,7521146
2021-06-21 09:34:46,709.6,7543481
2021-06-21 09:34:47,709.55,7553355
2021-06-21 09:34:48,709.95,7554820
2021-06-21 09:34:49,710.0,7555930
2021-06-21 09:34:50,710.0,7556973
2021-06-21 09:34:51,710.0,7558155
2021-06-21 09:34:52,709.95,7560077
2021-06-21 09:34:53,710.0,7563153
2021-06-21 09:34:54,710.0,7564107
2021-06-21 09:34:54,710.0,7564107
2021-06-21 09:34:55,709.9,7569111
2021-06-21 09:34:56,709.5,7572238
2021-06-21 09:34:57,709.6,7594138
2021-06-21 09:34:58,709.75,7598277
2021-06-21 09:34:59,709.5,7599724
2021-06-21 09:35:00,709.0,7611710
2021-06-21 09:35:01,708.55,7616261
2021-06-21 09:35:02,708.95,7616772
2021-06-21 09:35:04,708.15,7621012
2021-06-21 09:35:05,708.4,7640130
2021-06-21 09:35:06,708.15,7645344
2021-06-21 09:35:07,709.0,7646220
2021-06-21 09:35:08,708.95,7647872
2021-06-21 09:35:09,708.8,7651113
2021-06-21 09:35:10,708.25,7658095
2021-06-21 09:35:11,709.6,7666248
2021-06-21 09:35:12,709.2,7666493
2021-06-21 09:35:13,709.1,7668447
2021-06-21 09:35:14,709.6,7668773
2021-06-21 09:35:15,709.6,7670681
2021-06-21 09:35:16,709.7,7672118
2021-06-21 09:35:17,709.7,7672665
2021-06-21 09:35:18,709.4,7674021
2021-06-21 09:35:19,709.7,7674758
2021-06-21 09:35:20,709.6,7676931
2021-06-21 09:35:21,709.2,7677151
2021-06-21 09:35:22,709.4,7677910
2021-06-21 09:35:23,709.7,7678615
2021-06-21 09:35:24,709.7,7680102
2021-06-21 09:35:25,709.0,7683957
2021-06-21 09:35:26,708.8,7694113
2021-06-21 09:35:27,709.0,7696109
2021-06-21 09:35:28,709.0,7697166
2021-06-21 09:35:30,709.0,7701696
2021-06-21 09:35:32,709.35,7706044
2021-06-21 09:35:33,709.0,7707233
2021-06-21 09:35:34,709.1,7709577
2021-06-21 09:35:35,708.95,7710986
2021-06-21 09:35:37,709.7,7714179
2021-06-21 09:35:39,709.55,7717487
2021-06-21 09:35:40,709.3,7718439
2021-06-21 09:35:41,710.0,7723779
2021-06-21 09:35:42,709.9,7725502
2021-06-21 09:35:43,710.0,7726322
2021-06-21 09:35:44,709.65,7729181
2021-06-21 09:35:45,709.85,7729693
2021-06-21 09:35:46,710.0,7730397
2021-06-21 09:35:47,709.5,7730840
2021-06-21 09:35:48,709.65,7732055
2021-06-21 09:35:49,709.95,7734111
2021-06-21 09:35:50,709.6,7734852
2021-06-21 09:35:51,710.0,7735115
2021-06-21 09:35:52,710.05,7736837
2021-06-21 09:35:53,709.8,7737467
2021-06-21 09:35:54,710.0,7738010
2021-06-21 09:35:55,710.05,7739572
2021-06-21 09:35:56,709.85,7741742
2021-06-21 09:35:57,709.75,7743403
2021-06-21 09:35:58,709.8,7743782
2021-06-21 09:35:59,709.95,7744930
2021-06-21 09:36:00,709.8,7745703
2021-06-21 09:36:01,709.9,7746064
2021-06-21 09:36:02,709.85,7746585
2021-06-21 09:36:03,709.6,7748433
2021-06-21 09:36:04,709.95,7748980
2021-06-21 09:36:05,709.55,7749204
2021-06-21 09:36:06,709.55,7753568
2021-06-21 09:36:06,709.55,7754151
2021-06-21 09:36:08,709.25,7770998
2021-06-21 09:36:09,709.3,7772782
2021-06-21 09:36:10,709.05,7773193
2021-06-21 09:36:11,709.1,7775118
2021-06-21 09:36:12,709.55,7775360
2021-06-21 09:36:13,709.7,7776523
2021-06-21 09:36:14,709.85,7777168
2021-06-21 09:36:15,710.2,7782781
2021-06-21 09:36:16,710.0,7783055
2021-06-21 09:36:17,710.0,7785054
2021-06-21 09:36:18,710.0,7785630
2021-06-21 09:36:19,710.0,7786869
2021-06-21 09:36:20,710.25,7789713
2021-06-21 09:36:21,710.35,7790519
2021-06-21 09:36:22,709.9,7792929
2021-06-21 09:36:23,709.15,7797998
2021-06-21 09:36:24,709.7,7800503
2021-06-21 09:36:25,709.9,7802250
2021-06-21 09:36:26,710.0,7803282
2021-06-21 09:36:26,710.0,7803313
2021-06-21 09:36:27,709.95,7807233
2021-06-21 09:36:28,709.75,7808437
2021-06-21 09:36:29,709.95,7809192
2021-06-21 09:36:31,709.55,7809676
2021-06-21 09:36:32,709.0,7811432
2021-06-21 09:36:34,709.0,7813962
2021-06-21 09:36:35,709.0,7814094
2021-06-21 09:36:36,709.0,7819527
2021-06-21 09:36:37,708.8,7820730
2021-06-21 09:36:38,708.9,7823572
2021-06-21 09:36:39,708.5,7827836
2021-06-21 09:36:40,709.0,7828534
2021-06-21 09:36:41,709.0,7837582
2021-06-21 09:36:42,708.7,7838166
2021-06-21 09:36:43,708.6,7842387
2021-06-21 09:36:44,708.5,7842838
2021-06-21 09:36:45,708.5,7844021
2021-06-21 09:36:46,707.9,7866933
2021-06-21 09:36:47,707.55,7867889
2021-06-21 09:36:48,707.9,7869159
2021-06-21 09:36:49,707.5,7871428
2021-06-21 09:36:50,707.6,7873471
2021-06-21 09:36:51,708.0,7875334
2021-06-21 09:36:52,708.05,7877326
2021-06-21 09:36:53,708.05,7880915
2021-06-21 09:36:54,708.7,7885143
2021-06-21 09:36:55,708.25,7887367
2021-06-21 09:36:56,708.6,7890202
2021-06-21 09:36:57,708.6,7892830
2021-06-21 09:36:58,708.6,7893523
2021-06-21 09:36:59,708.0,7907264
2021-06-21 09:37:00,708.0,7908394
2021-06-21 09:37:01,708.35,7908925
2021-06-21 09:37:02,708.2,7909953
2021-06-21 09:37:03,708.2,7911614
2021-06-21 09:37:04,708.75,7917145
2021-06-21 09:37:05,708.65,7919453
2021-06-21 09:37:06,708.9,7923105
2021-06-21 09:37:07,708.85,7925374
2021-06-21 09:37:09,709.15,7927146
2021-06-21 09:37:10,709.3,7928111
2021-06-21 09:37:10,709.2,7928220
2021-06-21 09:37:11,709.2,7928748
2021-06-21 09:37:12,709.15,7931647
2021-06-21 09:37:13,709.1,7931942
2021-06-21 09:37:14,709.3,7933188
2021-06-21 09:37:15,708.75,7933445
2021-06-21 09:37:16,708.6,7933819
2021-06-21 09:37:17,708.65,7934047
2021-06-21 09:37:19,708.5,7940354
2021-06-21 09:37:20,708.8,7946582
2021-06-21 09:37:21,708.55,7951292
2021-06-21 09:37:22,708.7,7952640
2021-06-21 09:37:23,708.25,7954439
2021-06-21 09:37:24,708.6,7955975
2021-06-21 09:37:25,708.6,7957076
2021-06-21 09:37:26,708.55,7958086
2021-06-21 09:37:27,708.95,7959887
2021-06-21 09:37:28,708.6,7960442
2021-06-21 09:37:29,708.65,7961142
2021-06-21 09:37:30,708.6,7961373
2021-06-21 09:37:31,709.1,7967288
2021-06-21 09:37:32,709.4,7968656
2021-06-21 09:37:33,709.35,7969102
2021-06-21 09:37:35,709.1,7969780
2021-06-21 09:37:34,709.1,7969485
2021-06-21 09:37:36,709.5,7971407
2021-06-21 09:37:37,709.1,7972213
2021-06-21 09:37:38,709.5,7972361
2021-06-21 09:37:39,709.15,7972846
2021-06-21 09:37:40,709.45,7973260
2021-06-21 09:37:41,709.05,7974583
2021-06-21 09:37:42,709.0,7975015
2021-06-21 09:37:43,708.8,7975756
2021-06-21 09:37:44,709.25,7976353
2021-06-21 09:37:45,709.15,7978250
2021-06-21 09:37:46,708.75,7979234
2021-06-21 09:37:47,708.75,7980140
2021-06-21 09:37:48,708.9,7981212
2021-06-21 09:37:49,708.75,7982566
2021-06-21 09:37:50,709.1,7983526
2021-06-21 09:37:51,709.15,7983958
2021-06-21 09:37:52,708.9,7984300
2021-06-21 09:37:53,708.85,7985240
2021-06-21 09:37:54,708.65,7986075
2021-06-21 09:37:55,709.0,7986802
2021-06-21 09:37:56,708.85,7988004
2021-06-21 09:37:57,709.0,7988793
2021-06-21 09:37:58,708.55,7991455
2021-06-21 09:37:59,708.5,7992798
2021-06-21 09:38:02,708.85,7993578
2021-06-21 09:38:03,708.8,7993720
2021-06-21 09:38:04,708.35,7994588
2021-06-21 09:38:05,708.0,8002717
2021-06-21 09:38:06,707.8,8003809
2021-06-21 09:38:07,707.9,8004253
2021-06-21 09:38:08,708.2,8004767
2021-06-21 09:38:09,708.0,8006108
2021-06-21 09:38:10,708.0,8007096
2021-06-21 09:38:11,707.6,8009418
2021-06-21 09:38:12,707.55,8010646
2021-06-21 09:38:13,707.5,8014302
2021-06-21 09:38:14,708.0,8015576
2021-06-21 09:38:15,707.4,8016443
2021-06-21 09:38:16,707.4,8018229
2021-06-21 09:38:17,707.1,8021716
2021-06-21 09:38:18,707.45,8025485
2021-06-21 09:38:19,707.4,8038138
2021-06-21 09:38:21,707.1,8041826
2021-06-21 09:38:22,708.05,8052620
2021-06-21 09:38:23,707.75,8057514
2021-06-21 09:38:24,708.5,8059625
2021-06-21 09:38:25,707.65,8063857
2021-06-21 09:38:26,708.05,8065365
2021-06-21 09:38:27,708.25,8065829
2021-06-21 09:38:28,708.15,8066878
2021-06-21 09:38:29,708.15,8066949
2021-06-21 09:38:30,708.5,8067444
2021-06-21 09:38:31,709.0,8073128
2021-06-21 09:38:32,708.85,8074462
2021-06-21 09:38:33,708.85,8076768
2021-06-21 09:38:34,708.65,8077464
2021-06-21 09:38:35,709.0,8079690
2021-06-21 09:38:36,709.0,8080159
2021-06-21 09:38:37,709.0,8081340
2021-06-21 09:38:38,708.6,8082157
2021-06-21 09:38:39,708.4,8082873
2021-06-21 09:38:40,708.45,8084493
2021-06-21 09:38:41,708.25,8085015
2021-06-21 09:38:42,708.5,8086187
2021-06-21 09:38:44,708.15,8086950
2021-06-21 09:38:45,709.0,8088415
2021-06-21 09:38:49,708.7,8093920
2021-06-21 09:38:51,708.8,8098436
2021-06-21 09:38:52,708.45,8099144
2021-06-21 09:38:53,708.6,8099899
2021-06-21 09:38:54,708.5,8102408
2021-06-21 09:38:55,708.8,8103312
2021-06-21 09:38:56,708.3,8103651
2021-06-21 09:38:57,708.45,8104691
2021-06-21 09:38:58,708.8,8105170
2021-06-21 09:38:59,708.45,8105872
2021-06-21 09:39:01,708.75,8107133
2021-06-21 09:39:03,708.55,8109057
2021-06-21 09:39:04,708.3,8109157
2021-06-21 09:39:05,708.7,8109875
2021-06-21 09:39:06,708.4,8111171
2021-06-21 09:39:07,708.75,8111835
2021-06-21 09:39:08,708.8,8116201
2021-06-21 09:39:09,709.3,8116756
2021-06-21 09:39:10,709.0,8118198
2021-06-21 09:39:11,709.2,8119120
2021-06-21 09:39:12,708.8,8120122
2021-06-21 09:39:13,708.3,8120370
2021-06-21 09:39:14,708.45,8121763
2021-06-21 09:39:15,709.3,8122427
2021-06-21 09:39:16,709.45,8124037
2021-06-21 09:39:17,709.15,8125525
2021-06-21 09:39:19,709.2,8128965
2021-06-21 09:39:20,709.55,8131410
2021-06-21 09:39:21,709.5,8132255
2021-06-21 09:39:22,709.3,8133067
2021-06-21 09:39:24,709.5,8135291
2021-06-21 09:39:25,709.45,8135942
2021-06-21 09:39:26,709.75,8138099
2021-06-21 09:39:27,709.5,8138453
2021-06-21 09:39:28,710.0,8169402
2021-06-21 09:39:29,709.45,8173334
2021-06-21 09:39:30,709.55,8173907
2021-06-21 09:39:33,709.6,8175015
2021-06-21 09:39:32,709.6,8174853
2021-06-21 09:39:34,709.5,8175453
2021-06-21 09:39:36,709.0,8176644
2021-06-21 09:39:37,709.4,8177123
2021-06-21 09:39:38,709.25,8177695
2021-06-21 09:39:39,709.5,8178218
2021-06-21 09:39:40,709.5,8178511
2021-06-21 09:39:41,709.25,8182505
2021-06-21 09:39:42,709.65,8183025
2021-06-21 09:39:43,709.25,8183031
2021-06-21 09:39:44,709.55,8183196
2021-06-21 09:39:45,709.05,8183926
2021-06-21 09:39:48,709.25,8186099
2021-06-21 09:39:49,709.4,8186216
2021-06-21 09:39:50,709.4,8186714
2021-06-21 09:39:51,709.4,8186750
2021-06-21 09:39:52,709.4,8187122
2021-06-21 09:39:53,709.25,8187358
2021-06-21 09:39:54,709.0,8190860
2021-06-21 09:39:55,709.1,8191175
2021-06-21 09:39:56,709.25,8191324
2021-06-21 09:39:57,709.0,8193591
2021-06-21 09:39:58,709.35,8193824
2021-06-21 09:39:59,709.05,8194200
2021-06-21 09:40:00,709.05,8194424
2021-06-21 09:40:01,709.45,8195347
2021-06-21 09:40:02,709.35,8206920
2021-06-21 09:40:03,709.5,8206976
2021-06-21 09:40:04,709.35,8207162
2021-06-21 09:40:05,709.25,8207972
2021-06-21 09:40:06,709.05,8208428
2021-06-21 09:40:07,709.05,8208970
2021-06-21 09:40:08,709.05,8209392
2021-06-21 09:40:09,709.35,8210085
2021-06-21 09:40:10,709.35,8210657
2021-06-21 09:40:11,709.15,8210780
2021-06-21 09:40:13,709.15,8213228
2021-06-21 09:40:14,709.5,8213856
2021-06-21 09:40:15,709.4,8214137
2021-06-21 09:40:16,709.0,8214832
2021-06-21 09:40:17,709.45,8215235
2021-06-21 09:40:18,709.4,8215862
2021-06-21 09:40:19,709.1,8216315
2021-06-21 09:40:20,709.45,8218289
2021-06-21 09:40:24,709.5,8220258
2021-06-21 09:40:24,709.45,8220284
2021-06-21 09:40:25,709.05,8220538
2021-06-21 09:40:26,709.0,8221455
2021-06-21 09:40:28,708.9,8227926
2021-06-21 09:40:29,709.0,8228489
2021-06-21 09:40:30,708.8,8229005
2021-06-21 09:40:31,708.9,8232459
2021-06-21 09:40:32,708.75,8235628
2021-06-21 09:40:33,708.8,8235990
2021-06-21 09:40:34,708.9,8237756
2021-06-21 09:40:36,708.65,8238994
2021-06-21 09:40:38,708.45,8240393
2021-06-21 09:40:38,708.35,8240405
2021-06-21 09:40:39,708.5,8242685
2021-06-21 09:40:41,708.5,8243517
2021-06-21 09:40:42,708.4,8246530
2021-06-21 09:40:43,708.2,8257224
2021-06-21 09:40:44,708.15,8257543
2021-06-21 09:40:46,708.05,8259896
2021-06-21 09:40:47,707.7,8260314
2021-06-21 09:40:48,707.7,8260682
2021-06-21 09:40:49,707.95,8265337
2021-06-21 09:40:50,707.9,8268393
2021-06-21 09:40:51,707.45,8271933
2021-06-21 09:40:52,707.6,8274175
2021-06-21 09:40:53,707.2,8278073
2021-06-21 09:40:54,707.1,8321209
2021-06-21 09:40:55,707.45,8324123
2021-06-21 09:40:56,707.6,8324701
2021-06-21 09:40:58,707.25,8325599
2021-06-21 09:40:59,707.7,8332576
2021-06-21 09:40:59,707.4,8337060
2021-06-21 09:41:00,707.55,8337248
2021-06-21 09:41:01,708.0,8339750
2021-06-21 09:41:02,707.85,8340364
2021-06-21 09:41:03,707.8,8343000
2021-06-21 09:41:04,707.9,8346203
2021-06-21 09:41:06,708.15,8348079
2021-06-21 09:41:07,707.9,8350421
2021-06-21 09:41:08,707.5,8352499
2021-06-21 09:41:09,707.2,8353270
2021-06-21 09:41:10,707.65,8354281
2021-06-21 09:41:11,707.95,8357532
2021-06-21 09:41:12,708.2,8358489
2021-06-21 09:41:13,708.1,8362337
2021-06-21 09:41:14,708.1,8362882
2021-06-21 09:41:15,708.15,8364011
2021-06-21 09:41:16,707.85,8366257
2021-06-21 09:41:17,707.7,8368382
2021-06-21 09:41:18,707.85,8368617
2021-06-21 09:41:19,707.8,8369280
2021-06-21 09:41:20,707.25,8373163
2021-06-21 09:41:21,707.85,8375312
2021-06-21 09:41:22,707.4,8377344
2021-06-21 09:41:23,707.2,8378346
2021-06-21 09:41:25,707.4,8380141
2021-06-21 09:41:26,707.8,8382737
2021-06-21 09:41:26,707.8,8382737
2021-06-21 09:41:27,707.5,8383153
2021-06-21 09:41:28,707.8,8384348
2021-06-21 09:41:29,707.85,8385519
2021-06-21 09:41:31,707.85,8386398
2021-06-21 09:41:32,707.8,8386987
2021-06-21 09:41:33,707.4,8387925
2021-06-21 09:41:34,707.5,8388389
2021-06-21 09:41:35,707.75,8388708
2021-06-21 09:41:37,707.85,8388964
2021-06-21 09:41:38,707.8,8389170
2021-06-21 09:41:39,707.85,8391132
2021-06-21 09:41:39,707.85,8391302
2021-06-21 09:41:41,707.85,8392419
2021-06-21 09:41:42,707.5,8393865
2021-06-21 09:41:43,707.8,8393883
2021-06-21 09:41:44,707.85,8395661
2021-06-21 09:41:46,707.85,8397915
2021-06-21 09:41:48,707.85,8400210
2021-06-21 09:41:49,707.85,8403148
2021-06-21 09:41:50,707.55,8403262
2021-06-21 09:41:52,707.5,8405915
2021-06-21 09:41:51,707.8,8405652
2021-06-21 09:41:53,707.6,8407815
2021-06-21 09:41:54,707.8,8408666
2021-06-21 09:41:55,707.8,8409222
2021-06-21 09:41:56,707.8,8410076
2021-06-21 09:41:57,707.8,8411506
2021-06-21 09:41:58,707.8,8411935
2021-06-21 09:41:59,707.8,8414501
2021-06-21 09:42:00,707.8,8415446
2021-06-21 09:42:01,707.6,8415497
2021-06-21 09:42:02,707.6,8415946
2021-06-21 09:42:03,707.8,8417156
2021-06-21 09:42:04,707.55,8419821
2021-06-21 09:42:05,707.8,8420271
2021-06-21 09:42:06,707.55,8423728
2021-06-21 09:42:07,707.75,8428697
2021-06-21 09:42:08,707.55,8430866
2021-06-21 09:42:09,707.95,8433288
2021-06-21 09:42:10,708.0,8435953
2021-06-21 09:42:11,708.1,8441089
2021-06-21 09:42:12,708.3,8443887
2021-06-21 09:42:13,708.9,8450465
2021-06-21 09:42:15,709.15,8460042
2021-06-21 09:42:17,709.5,8460672
2021-06-21 09:42:18,709.0,8464657
2021-06-21 09:42:19,709.0,8471076
2021-06-21 09:42:20,708.9,8471164
2021-06-21 09:42:21,708.6,8471363
2021-06-21 09:42:22,708.8,8472363
2021-06-21 09:42:23,708.6,8472898
2021-06-21 09:42:24,708.3,8474658
2021-06-21 09:42:25,708.7,8475069
2021-06-21 09:42:25,708.7,8475069
2021-06-21 09:42:26,708.35,8475867
2021-06-21 09:42:27,708.5,8476323
2021-06-21 09:42:28,708.45,8481949
2021-06-21 09:42:29,708.0,8484832
2021-06-21 09:42:30,707.85,8485503
2021-06-21 09:42:31,708.1,8486540
2021-06-21 09:42:32,708.45,8486911
2021-06-21 09:42:33,708.3,8487476
2021-06-21 09:42:34,708.65,8487694
2021-06-21 09:42:35,708.35,8487842
2021-06-21 09:42:36,708.7,8488645
2021-06-21 09:42:37,708.45,8488700
2021-06-21 09:42:38,708.3,8491912
2021-06-21 09:42:39,708.15,8492600
2021-06-21 09:42:40,708.05,8495113
2021-06-21 09:42:41,708.55,8495457
2021-06-21 09:42:42,708.5,8496649
2021-06-21 09:42:44,708.0,8498458
2021-06-21 09:42:44,708.0,8500496
2021-06-21 09:42:46,708.2,8505786
2021-06-21 09:42:46,708.0,8505998
2021-06-21 09:42:47,708.25,8506705
2021-06-21 09:42:48,708.1,8507339
2021-06-21 09:42:49,707.6,8507984
2021-06-21 09:42:50,707.95,8508076
2021-06-21 09:42:51,708.0,8508902
2021-06-21 09:42:53,708.1,8509677
2021-06-21 09:42:54,707.85,8510359
2021-06-21 09:42:55,707.9,8512113
2021-06-21 09:42:56,707.8,8513660
2021-06-21 09:42:57,707.9,8514089
2021-06-21 09:42:58,707.9,8514213
2021-06-21 09:42:58,707.9,8514798
2021-06-21 09:42:59,707.5,8521709
2021-06-21 09:43:00,707.85,8522771
2021-06-21 09:43:01,707.85,8522880
2021-06-21 09:43:02,707.2,8531628
2021-06-21 09:43:04,707.5,8535166
2021-06-21 09:43:05,707.15,8535973
2021-06-21 09:43:06,707.05,8539125
2021-06-21 09:43:07,707.65,8540118
2021-06-21 09:43:08,707.4,8540214
2021-06-21 09:43:09,707.4,8541120
2021-06-21 09:43:10,707.45,8548501
2021-06-21 09:43:10,707.6,8548531
2021-06-21 09:43:12,707.9,8551481
2021-06-21 09:43:14,707.9,8553911
2021-06-21 09:43:16,707.3,8555003
2021-06-21 09:43:16,707.45,8555532
2021-06-21 09:43:18,707.9,8557020
2021-06-21 09:43:20,707.85,8558373
2021-06-21 09:43:21,707.9,8558875
2021-06-21 09:43:21,708.0,8560959
2021-06-21 09:43:24,708.0,8562197
2021-06-21 09:43:25,707.65,8567580
2021-06-21 09:43:27,708.0,8567890
2021-06-21 09:43:28,707.65,8568578
2021-06-21 09:43:28,707.95,8568651
2021-06-21 09:43:29,708.0,8569395
2021-06-21 09:43:31,707.6,8572596
2021-06-21 09:43:32,707.8,8572727
2021-06-21 09:43:33,707.55,8576808
2021-06-21 09:43:34,708.45,8578347
2021-06-21 09:43:35,708.4,8579094
2021-06-21 09:43:36,708.0,8580518
2021-06-21 09:43:38,707.65,8582094
2021-06-21 09:43:39,707.8,8582231
2021-06-21 09:43:40,707.9,8582895
2021-06-21 09:43:41,708.0,8583457
2021-06-21 09:43:42,707.55,8584144
2021-06-21 09:43:43,707.9,8585002
2021-06-21 09:43:44,707.5,8586450
2021-06-21 09:43:44,707.5,8586464
2021-06-21 09:43:45,707.8,8586797
2021-06-21 09:43:46,707.8,8587005
2021-06-21 09:43:47,707.8,8587312
2021-06-21 09:43:49,707.8,8588856
2021-06-21 09:43:50,707.6,8589636
2021-06-21 09:43:51,707.95,8590423
2021-06-21 09:43:52,707.85,8600724
2021-06-21 09:43:53,707.8,8602197
2021-06-21 09:43:55,707.55,8602916
2021-06-21 09:43:58,708.0,8603961
2021-06-21 09:43:59,707.9,8604359
2021-06-21 09:44:00,708.0,8605098
2021-06-21 09:44:01,707.9,8605923
2021-06-21 09:44:03,707.8,8606078
2021-06-21 09:44:06,707.95,8606673
2021-06-21 09:44:07,708.0,8610386
2021-06-21 09:44:08,707.7,8610513
2021-06-21 09:44:09,707.9,8610575
2021-06-21 09:44:10,707.8,8610712
2021-06-21 09:44:11,707.8,8611462
2021-06-21 09:44:12,708.0,8611586
2021-06-21 09:44:13,707.8,8611852
2021-06-21 09:44:13,708.0,8611862
2021-06-21 09:44:15,707.8,8612458
2021-06-21 09:44:16,707.95,8612688
2021-06-21 09:44:17,707.65,8612951
2021-06-21 09:44:18,707.5,8620459
2021-06-21 09:44:19,707.5,8621609
2021-06-21 09:44:20,707.5,8622968
2021-06-21 09:44:21,707.4,8624612
2021-06-21 09:44:22,707.85,8626039
2021-06-21 09:44:23,707.9,8626370
2021-06-21 09:44:24,707.8,8626483
2021-06-21 09:44:25,707.5,8626785
2021-06-21 09:44:25,707.5,8626881
2021-06-21 09:44:27,707.65,8629150
2021-06-21 09:44:28,707.1,8636977
2021-06-21 09:44:29,707.7,8639521
2021-06-21 09:44:29,707.5,8639545
2021-06-21 09:44:30,707.5,8640643
2021-06-21 09:44:31,707.5,8645834
2021-06-21 09:44:32,707.0,8653486
2021-06-21 09:44:33,707.3,8653680
2021-06-21 09:44:34,706.8,8677930
2021-06-21 09:44:37,706.55,8684593
2021-06-21 09:44:38,706.25,8685429
2021-06-21 09:44:39,706.2,8686866
2021-06-21 09:44:40,706.15,8693169
2021-06-21 09:44:41,706.55,8695727
2021-06-21 09:44:42,706.55,8698911
2021-06-21 09:44:43,706.05,8708971
2021-06-21 09:44:44,706.2,8710280
2021-06-21 09:44:45,706.15,8711935
2021-06-21 09:44:46,706.25,8713471
2021-06-21 09:44:48,706.05,8724801
2021-06-21 09:44:50,706.5,8734811
2021-06-21 09:44:51,705.75,8739438
2021-06-21 09:44:51,706.0,8739903
2021-06-21 09:44:52,706.0,8742440
2021-06-21 09:44:53,705.55,8745452
2021-06-21 09:44:54,706.0,8745970
2021-06-21 09:44:55,705.55,8749394
2021-06-21 09:44:56,705.55,8750551
2021-06-21 09:44:57,705.95,8755332
2021-06-21 09:44:58,705.6,8756895
2021-06-21 09:45:00,705.3,8759935
2021-06-21 09:45:01,705.25,8763091
2021-06-21 09:45:02,705.55,8767823
2021-06-21 09:45:03,705.65,8771358
2021-06-21 09:45:05,706.15,8777452
2021-06-21 09:45:06,706.3,8779280
2021-06-21 09:45:07,706.6,8781115
2021-06-21 09:45:08,707.0,8786699
2021-06-21 09:45:10,707.35,8790251
2021-06-21 09:45:10,707.35,8791332
2021-06-21 09:45:12,707.7,8792138
2021-06-21 09:45:13,706.7,8809230
2021-06-21 09:45:14,706.45,8809760
2021-06-21 09:45:15,706.1,8811281
2021-06-21 09:45:16,706.0,8812015
2021-06-21 09:45:17,706.25,8812663
2021-06-21 09:45:18,706.1,8813210
2021-06-21 09:45:18,706.3,8813641
2021-06-21 09:45:20,706.65,8814429
2021-06-21 09:45:21,706.75,8815461
2021-06-21 09:45:22,706.55,8817757
2021-06-21 09:45:23,706.5,8823496
2021-06-21 09:45:24,706.85,8823926
2021-06-21 09:45:24,706.55,8824247
2021-06-21 09:45:25,706.95,8824987
2021-06-21 09:45:27,706.9,8826439
2021-06-21 09:45:28,706.55,8826950
2021-06-21 09:45:29,706.6,8828023
2021-06-21 09:45:30,706.95,8828253
2021-06-21 09:45:31,706.75,8831008
2021-06-21 09:45:32,706.85,8832615
2021-06-21 09:45:34,707.0,8834315
2021-06-21 09:45:34,706.8,8834843
2021-06-21 09:45:35,706.75,8835697
2021-06-21 09:45:36,707.25,8837631
2021-06-21 09:45:37,707.0,8838301
2021-06-21 09:45:38,707.0,8839764
2021-06-21 09:45:39,707.0,8839924
2021-06-21 09:45:41,707.0,8841217
2021-06-21 09:45:41,707.2,8841362
2021-06-21 09:45:42,706.75,8843192
2021-06-21 09:45:43,706.85,8845496
2021-06-21 09:45:45,707.0,8846513
2021-06-21 09:45:45,707.4,8847120
2021-06-21 09:45:46,707.15,8847560
2021-06-21 09:45:47,707.0,8847578
2021-06-21 09:45:48,707.35,8848026
2021-06-21 09:45:50,707.1,8848682
2021-06-21 09:45:52,707.4,8850226
2021-06-21 09:45:53,707.3,8850766
2021-06-21 09:45:53,707.25,8851289
2021-06-21 09:45:55,706.85,8854674
2021-06-21 09:45:56,706.6,8855157
2021-06-21 09:45:57,706.6,8855669
2021-06-21 09:45:58,706.7,8855989
2021-06-21 09:45:59,706.8,8857535
2021-06-21 09:46:00,706.65,8858032
2021-06-21 09:46:01,706.6,8858356
2021-06-21 09:46:04,706.85,8859628
2021-06-21 09:46:04,707.05,8860441
2021-06-21 09:46:05,706.6,8861695
2021-06-21 09:46:06,706.95,8862144
2021-06-21 09:46:07,706.45,8863176
2021-06-21 09:46:09,706.5,8864408
2021-06-21 09:46:10,707.0,8865300
2021-06-21 09:46:12,707.0,8867637
2021-06-21 09:46:12,706.9,8868513
2021-06-21 09:46:13,707.35,8870099
2021-06-21 09:46:14,706.95,8871324
2021-06-21 09:46:15,706.75,8872573
2021-06-21 09:46:17,707.0,8873181
2021-06-21 09:46:17,707.0,8873205
2021-06-21 09:46:19,706.8,8873578
2021-06-21 09:46:20,707.0,8874018
2021-06-21 09:46:20,707.0,8874724
2021-06-21 09:46:21,706.75,8875782
2021-06-21 09:46:22,707.15,8877150
2021-06-21 09:46:24,707.0,8877559
2021-06-21 09:46:25,707.0,8877640
2021-06-21 09:46:26,706.85,8878189
2021-06-21 09:46:27,707.2,8879274
2021-06-21 09:46:27,707.0,8878494
2021-06-21 09:46:29,707.05,8884920
2021-06-21 09:46:29,707.35,8884921
2021-06-21 09:46:31,706.9,8885937
2021-06-21 09:46:32,707.3,8886162
2021-06-21 09:46:33,707.3,8886263
2021-06-21 09:46:34,707.3,8886350
2021-06-21 09:46:35,707.0,8886550
2021-06-21 09:46:36,707.35,8887434
2021-06-21 09:46:37,707.35,8887551
2021-06-21 09:46:39,707.35,8888341
2021-06-21 09:46:40,707.4,8889644
2021-06-21 09:46:41,707.35,8890008
2021-06-21 09:46:42,707.85,8893433
2021-06-21 09:46:43,707.8,8911808
2021-06-21 09:46:44,708.0,8912272
2021-06-21 09:46:44,708.0,8913086
2021-06-21 09:46:46,707.95,8916253
2021-06-21 09:46:47,707.65,8916775
2021-06-21 09:46:48,707.8,8916872
2021-06-21 09:46:49,707.9,8917158
2021-06-21 09:46:50,707.9,8918041
2021-06-21 09:46:51,707.8,8918668
2021-06-21 09:46:52,707.55,8920132
2021-06-21 09:46:52,707.55,8920132
2021-06-21 09:46:53,707.7,8920629
2021-06-21 09:46:55,707.65,8921264
2021-06-21 09:46:56,707.65,8922091
2021-06-21 09:46:57,707.8,8932418
2021-06-21 09:46:58,707.9,8932537
2021-06-21 09:46:59,707.95,8932933
2021-06-21 09:47:00,707.85,8933647
2021-06-21 09:47:01,707.7,8934331
2021-06-21 09:47:02,707.85,8936280
2021-06-21 09:47:03,707.85,8936888
2021-06-21 09:47:04,707.8,8937682
2021-06-21 09:47:05,707.75,8939902
2021-06-21 09:47:06,707.8,8940195
2021-06-21 09:47:07,707.95,8941687
2021-06-21 09:47:08,707.95,8942444
2021-06-21 09:47:09,708.0,8944725
2021-06-21 09:47:10,707.0,8971691
2021-06-21 09:47:11,707.4,8979690
2021-06-21 09:47:12,707.85,8981469
2021-06-21 09:47:13,707.65,9010883
2021-06-21 09:47:13,707.65,9010909
2021-06-21 09:47:14,707.6,9011065
2021-06-21 09:47:15,707.3,9013217
2021-06-21 09:47:17,707.2,9013693
2021-06-21 09:47:18,707.45,9014360
2021-06-21 09:47:19,707.45,9014541
2021-06-21 09:47:20,707.4,9014726
2021-06-21 09:47:21,707.1,9015787
2021-06-21 09:47:22,707.5,9016043
2021-06-21 09:47:23,707.45,9017417
2021-06-21 09:47:24,707.35,9018448
2021-06-21 09:47:25,707.45,9018735
2021-06-21 09:47:26,707.1,9019406
2021-06-21 09:47:27,707.3,9021402
2021-06-21 09:47:27,706.9,9021124
2021-06-21 09:47:29,707.5,9021711
2021-06-21 09:47:30,707.55,9022309
2021-06-21 09:47:31,707.45,9022420
2021-06-21 09:47:32,707.45,9022924
2021-06-21 09:47:33,707.5,9023051
2021-06-21 09:47:34,707.3,9023249
2021-06-21 09:47:35,707.35,9023298
2021-06-21 09:47:36,707.5,9023635
2021-06-21 09:47:37,707.45,9024292
2021-06-21 09:47:40,707.6,9025523
2021-06-21 09:47:41,707.85,9026082
2021-06-21 09:47:44,707.8,9026735
2021-06-21 09:47:45,707.5,9027735
2021-06-21 09:47:48,707.5,9031756
2021-06-21 09:47:49,707.4,9031852
2021-06-21 09:47:50,707.35,9032334
2021-06-21 09:47:51,707.2,9032516
2021-06-21 09:47:52,707.15,9033316
2021-06-21 09:47:53,707.4,9033396
2021-06-21 09:47:54,707.4,9034360
2021-06-21 09:47:54,707.4,9034448
2021-06-21 09:47:55,707.2,9037877
2021-06-21 09:47:57,707.0,9038229
2021-06-21 09:47:58,707.0,9039529
2021-06-21 09:47:59,707.0,9039913
2021-06-21 09:48:00,706.95,9042346
2021-06-21 09:48:01,706.9,9042713
2021-06-21 09:48:02,706.9,9043193
2021-06-21 09:48:03,706.45,9043489
2021-06-21 09:48:04,706.3,9045284
2021-06-21 09:48:05,706.4,9047278
2021-06-21 09:48:07,706.6,9052045
2021-06-21 09:48:08,706.55,9052219
2021-06-21 09:48:09,706.45,9052659
2021-06-21 09:48:10,705.85,9058908
2021-06-21 09:48:11,706.0,9059566
2021-06-21 09:48:12,705.9,9063877
2021-06-21 09:48:13,705.75,9064872
2021-06-21 09:48:14,705.5,9073925
2021-06-21 09:48:14,705.5,9074877
2021-06-21 09:48:16,705.6,9127863
2021-06-21 09:48:17,705.1,9128275
2021-06-21 09:48:18,705.4,9142047
2021-06-21 09:48:19,705.0,9151410
2021-06-21 09:48:20,705.45,9153280
2021-06-21 09:48:21,705.3,9170859
2021-06-21 09:48:22,705.0,9180216
2021-06-21 09:48:23,705.4,9182657
2021-06-21 09:48:24,705.05,9191515
2021-06-21 09:48:25,705.15,9194604
2021-06-21 09:48:26,705.7,9196771
2021-06-21 09:48:27,705.15,9203493
2021-06-21 09:48:28,705.2,9212115
2021-06-21 09:48:29,704.7,9259124
2021-06-21 09:48:30,704.6,9260433
2021-06-21 09:48:31,704.85,9265480
2021-06-21 09:48:32,704.25,9268039
2021-06-21 09:48:33,704.25,9272992
2021-06-21 09:48:34,704.4,9275980
2021-06-21 09:48:35,704.25,9277778
2021-06-21 09:48:36,704.0,9283938
2021-06-21 09:48:36,704.0,9284598
2021-06-21 09:48:37,704.0,9290746
2021-06-21 09:48:41,704.1,9301117
2021-06-21 09:48:42,704.25,9305239
2021-06-21 09:48:43,704.15,9311633
2021-06-21 09:48:44,704.2,9313544
2021-06-21 09:48:45,704.1,9318719
2021-06-21 09:48:46,704.75,9320470
2021-06-21 09:48:46,704.5,9320643
2021-06-21 09:48:47,704.6,9324636
2021-06-21 09:48:48,704.5,9326524
2021-06-21 09:48:49,704.55,9330120
2021-06-21 09:48:50,704.5,9332057
2021-06-21 09:48:51,704.4,9333610
2021-06-21 09:48:52,704.5,9334593
2021-06-21 09:48:53,704.35,9335442
2021-06-21 09:48:55,704.35,9336326
2021-06-21 09:48:56,704.7,9349912
2021-06-21 09:48:57,704.4,9350492
2021-06-21 09:48:58,704.4,9353088
2021-06-21 09:48:59,705.0,9358085
2021-06-21 09:49:00,705.05,9359481
2021-06-21 09:49:01,705.4,9362388
2021-06-21 09:49:02,705.05,9363174
2021-06-21 09:49:03,705.5,9366742
2021-06-21 09:49:04,705.9,9367575
2021-06-21 09:49:05,705.85,9369640
2021-06-21 09:49:06,705.5,9371427
2021-06-21 09:49:07,705.35,9373511
2021-06-21 09:49:08,705.35,9375588
2021-06-21 09:49:09,705.5,9376119
2021-06-21 09:49:10,705.4,9376434
2021-06-21 09:49:11,705.25,9377603
2021-06-21 09:49:12,705.1,9378169
2021-06-21 09:49:13,705.6,9379201
2021-06-21 09:49:14,705.6,9380413
2021-06-21 09:49:15,705.75,9382296
2021-06-21 09:49:16,705.75,9383865
2021-06-21 09:49:17,705.45,9385190
2021-06-21 09:49:18,705.5,9386436
2021-06-21 09:49:19,705.95,9387416
2021-06-21 09:49:20,706.0,9391070
2021-06-21 09:49:21,706.15,9391773
2021-06-21 09:49:23,706.7,9395277
2021-06-21 09:49:24,706.95,9402906
2021-06-21 09:49:25,706.35,9407415
2021-06-21 09:49:26,706.9,9412151
2021-06-21 09:49:28,706.35,9416678
2021-06-21 09:49:29,706.45,9417219
2021-06-21 09:49:30,706.95,9418017
2021-06-21 09:49:31,706.75,9419597
2021-06-21 09:49:32,706.45,9420393
2021-06-21 09:49:33,706.7,9420704
2021-06-21 09:49:34,706.7,9420916
2021-06-21 09:49:35,706.5,9421016
2021-06-21 09:49:36,706.9,9424044
2021-06-21 09:49:38,707.0,9428023
2021-06-21 09:49:39,706.55,9428985
2021-06-21 09:49:40,706.6,9429487
2021-06-21 09:49:41,706.9,9439808
2021-06-21 09:49:43,707.15,9441499
2021-06-21 09:49:44,707.0,9441711
2021-06-21 09:49:45,706.9,9442381
2021-06-21 09:49:46,707.35,9443677
2021-06-21 09:49:47,707.0,9444866
2021-06-21 09:49:48,706.85,9445985
2021-06-21 09:49:49,706.85,9446829
2021-06-21 09:49:50,706.1,9450006
2021-06-21 09:49:51,706.45,9451214
2021-06-21 09:49:52,706.2,9451403
2021-06-21 09:49:53,706.6,9451855
2021-06-21 09:49:54,706.6,9452127
2021-06-21 09:49:55,706.0,9455898
2021-06-21 09:49:56,706.1,9456142
2021-06-21 09:49:57,706.25,9459860
2021-06-21 09:49:58,706.4,9462010
2021-06-21 09:49:59,706.15,9462220
2021-06-21 09:50:00,706.05,9465152
2021-06-21 09:50:01,706.15,9465680
2021-06-21 09:50:02,706.3,9465920
2021-06-21 09:50:03,706.4,9466253
2021-06-21 09:50:04,706.35,9467586
2021-06-21 09:50:05,705.85,9467739
2021-06-21 09:50:06,706.0,9468059
2021-06-21 09:50:07,706.05,9468677
2021-06-21 09:50:08,706.35,9470147
2021-06-21 09:50:09,706.35,9471391
2021-06-21 09:50:10,706.2,9471675
2021-06-21 09:50:11,706.2,9471675
2021-06-21 09:50:12,706.95,9473855
2021-06-21 09:50:13,706.85,9475852
2021-06-21 09:50:14,706.8,9476856
2021-06-21 09:50:15,706.95,9478011
2021-06-21 09:50:16,706.45,9478361
2021-06-21 09:50:17,706.65,9478986
2021-06-21 09:50:18,706.35,9479385
2021-06-21 09:50:19,706.7,9480340
2021-06-21 09:50:20,706.8,9482356
2021-06-21 09:50:21,706.8,9482872
2021-06-21 09:50:22,706.65,9484245
2021-06-21 09:50:23,706.35,9484252
2021-06-21 09:50:24,706.25,9484815
2021-06-21 09:50:25,706.7,9485038
2021-06-21 09:50:26,706.3,9486147
2021-06-21 09:50:27,706.6,9487185
2021-06-21 09:50:29,706.35,9489614
2021-06-21 09:50:31,706.7,9489826
2021-06-21 09:50:32,706.35,9490173
2021-06-21 09:50:33,706.5,9490319
2021-06-21 09:50:34,706.55,9490826
2021-06-21 09:50:35,706.5,9490943
2021-06-21 09:50:36,706.6,9499181
2021-06-21 09:50:37,706.55,9499977
2021-06-21 09:50:38,706.6,9500143
2021-06-21 09:50:39,706.75,9505484
2021-06-21 09:50:40,706.5,9507289
2021-06-21 09:50:41,706.8,9507294
2021-06-21 09:50:42,706.35,9508031
2021-06-21 09:50:43,706.35,9508311
2021-06-21 09:50:44,706.2,9509820
2021-06-21 09:50:45,706.55,9510060
2021-06-21 09:50:46,706.35,9510754
2021-06-21 09:50:47,706.5,9511259
2021-06-21 09:50:48,706.3,9512634
2021-06-21 09:50:49,706.15,9513322
2021-06-21 09:50:50,706.2,9514238
2021-06-21 09:50:51,705.95,9518794
2021-06-21 09:50:52,706.1,9519504
2021-06-21 09:50:53,706.1,9520005
2021-06-21 09:50:54,705.2,9526290
2021-06-21 09:50:55,705.25,9528468
2021-06-21 09:50:56,705.7,9529883
2021-06-21 09:50:57,705.4,9530432
2021-06-21 09:50:58,705.2,9535947
2021-06-21 09:50:59,705.4,9536999
2021-06-21 09:51:00,705.2,9546488
2021-06-21 09:51:01,705.2,9547192
2021-06-21 09:51:02,705.4,9547512
2021-06-21 09:51:03,705.55,9548162
2021-06-21 09:51:04,705.25,9548752
2021-06-21 09:51:05,704.85,9571067
2021-06-21 09:51:06,704.8,9571326
2021-06-21 09:51:07,704.65,9572192
2021-06-21 09:51:08,704.7,9574773
2021-06-21 09:51:09,704.8,9575530
2021-06-21 09:51:10,704.3,9576438
2021-06-21 09:51:12,704.4,9578719
2021-06-21 09:51:13,704.75,9583721
2021-06-21 09:51:14,704.85,9587610
2021-06-21 09:51:14,704.7,9587388
2021-06-21 09:51:15,704.75,9590191
2021-06-21 09:51:16,705.05,9594324
2021-06-21 09:51:17,704.95,9595026
2021-06-21 09:51:18,705.25,9595945
2021-06-21 09:51:19,705.05,9597741
2021-06-21 09:51:20,705.05,9598285
2021-06-21 09:51:21,705.2,9599793
2021-06-21 09:51:22,705.05,9600515
2021-06-21 09:51:23,705.35,9601638
2021-06-21 09:51:24,705.35,9602554
2021-06-21 09:51:25,705.5,9603268
2021-06-21 09:51:26,705.0,9604874
2021-06-21 09:51:27,705.0,9606407
2021-06-21 09:51:29,705.3,9608302
2021-06-21 09:51:32,705.0,9610204
2021-06-21 09:51:33,705.25,9611065
2021-06-21 09:51:34,705.35,9612157
2021-06-21 09:51:35,705.05,9614184
2021-06-21 09:51:37,705.15,9615357
2021-06-21 09:51:37,705.45,9615365
2021-06-21 09:51:38,706.0,9619236
2021-06-21 09:51:39,705.4,9619483
2021-06-21 09:51:40,705.25,9621659
2021-06-21 09:51:41,705.4,9622290
2021-06-21 09:51:42,705.15,9622508
2021-06-21 09:51:43,705.65,9622954
2021-06-21 09:51:44,705.3,9623782
2021-06-21 09:51:45,705.65,9626724
2021-06-21 09:51:46,705.3,9628455
2021-06-21 09:51:47,705.0,9645621
2021-06-21 09:51:48,704.5,9646394
2021-06-21 09:51:49,704.65,9652949
2021-06-21 09:51:50,704.1,9653688
2021-06-21 09:51:51,704.4,9657681
2021-06-21 09:51:52,704.0,9675454
2021-06-21 09:51:53,703.35,9690099
2021-06-21 09:51:54,703.6,9693089
2021-06-21 09:51:55,703.4,9694871
2021-06-21 09:51:56,703.35,9696417
2021-06-21 09:51:57,703.3,9698450
2021-06-21 09:51:58,703.05,9706186
2021-06-21 09:51:59,703.05,9708923
2021-06-21 09:52:00,703.85,9724918
2021-06-21 09:52:01,703.2,9729410
2021-06-21 09:52:02,703.5,9730716
2021-06-21 09:52:03,703.4,9745282
2021-06-21 09:52:04,703.05,9746665
2021-06-21 09:52:05,703.0,9752738
2021-06-21 09:52:08,703.0,9772244
2021-06-21 09:52:11,703.3,9782991
2021-06-21 09:52:12,703.3,9785903
2021-06-21 09:52:13,703.45,9790312
2021-06-21 09:52:14,703.6,9795417
2021-06-21 09:52:15,703.45,9797718
2021-06-21 09:52:16,703.15,9801039
2021-06-21 09:52:17,703.2,9802903
2021-06-21 09:52:18,703.35,9805469
2021-06-21 09:52:19,703.1,9809352
2021-06-21 09:52:20,703.1,9810749
2021-06-21 09:52:21,703.35,9813598
2021-06-21 09:52:22,703.35,9817488
2021-06-21 09:52:23,703.35,9817862
2021-06-21 09:52:24,703.3,9818826
2021-06-21 09:52:25,703.3,9819339
2021-06-21 09:52:26,703.6,9823907
2021-06-21 09:52:27,703.15,9826212
2021-06-21 09:52:28,703.65,9830262
2021-06-21 09:52:29,703.55,9832611
2021-06-21 09:52:30,703.5,9836616
2021-06-21 09:52:31,703.15,9837395
2021-06-21 09:52:33,703.1,9851929
2021-06-21 09:52:34,703.2,9854572
2021-06-21 09:52:35,703.75,9857307
2021-06-21 09:52:36,704.15,9872364
2021-06-21 09:52:37,704.25,9875798
2021-06-21 09:52:39,704.2,9879888
2021-06-21 09:52:40,704.6,9881938
2021-06-21 09:52:41,704.4,9890538
2021-06-21 09:52:42,704.15,9891886
2021-06-21 09:52:43,704.1,9893066
2021-06-21 09:52:44,704.1,9893581
2021-06-21 09:52:45,704.25,9896293
2021-06-21 09:52:46,703.65,9901251
2021-06-21 09:52:47,703.3,9909907
2021-06-21 09:52:48,703.05,9926186
2021-06-21 09:52:49,702.7,9942678
2021-06-21 09:52:50,703.0,9943525
2021-06-21 09:52:51,703.2,9945204
2021-06-21 09:52:52,702.55,9947540
2021-06-21 09:52:54,702.9,9951012
2021-06-21 09:52:55,702.8,9952893
2021-06-21 09:52:56,702.7,9955937
2021-06-21 09:52:57,703.0,9964722
2021-06-21 09:52:59,703.5,9971350
2021-06-21 09:52:59,703.55,9971698
2021-06-21 09:53:01,703.5,9975944
2021-06-21 09:53:02,703.1,9979924
2021-06-21 09:53:03,703.7,9981500
2021-06-21 09:53:04,703.05,9984015
2021-06-21 09:53:06,703.6,9993077
2021-06-21 09:53:08,703.4,9995647
2021-06-21 09:53:08,703.4,9995587
2021-06-21 09:53:09,703.55,9998604
2021-06-21 09:53:11,703.7,10002026
2021-06-21 09:53:13,703.9,10016352
2021-06-21 09:53:15,704.25,10017622
2021-06-21 09:53:16,703.6,10019399
2021-06-21 09:53:17,704.0,10022681
2021-06-21 09:53:18,704.0,10024713
2021-06-21 09:53:19,703.9,10026633
2021-06-21 09:53:20,703.75,10027903
2021-06-21 09:53:21,703.7,10028753
2021-06-21 09:53:22,703.7,10029714
2021-06-21 09:53:23,703.7,10031068
2021-06-21 09:53:24,704.0,10032800
2021-06-21 09:53:25,703.7,10035384
2021-06-21 09:53:26,703.7,10036183
2021-06-21 09:53:28,703.95,10036848
2021-06-21 09:53:29,703.75,10039747
2021-06-21 09:53:30,704.0,10041287
2021-06-21 09:53:30,704.0,10041402
2021-06-21 09:53:31,704.0,10043663
2021-06-21 09:53:32,704.0,10045354
2021-06-21 09:53:33,704.3,10049307
2021-06-21 09:53:34,704.3,10057222
2021-06-21 09:53:35,704.2,10058132
2021-06-21 09:53:36,704.6,10059414
2021-06-21 09:53:37,704.6,10059992
2021-06-21 09:53:38,704.55,10060594
2021-06-21 09:53:39,704.35,10062219
2021-06-21 09:53:40,704.2,10062597
2021-06-21 09:53:41,704.25,10066662
2021-06-21 09:53:42,704.65,10067474
2021-06-21 09:53:43,704.3,10068015
2021-06-21 09:53:44,704.5,10068453
2021-06-21 09:53:45,704.45,10069416
2021-06-21 09:53:46,704.55,10069685
2021-06-21 09:53:47,704.5,10070635
2021-06-21 09:53:48,704.35,10071282
2021-06-21 09:53:49,704.1,10072712
2021-06-21 09:53:50,704.05,10074491
2021-06-21 09:53:51,704.3,10075422
2021-06-21 09:53:52,704.3,10076536
2021-06-21 09:53:53,704.0,10077693
2021-06-21 09:53:54,704.0,10078763
2021-06-21 09:53:56,704.45,10080168
2021-06-21 09:53:57,704.1,10083867
2021-06-21 09:53:58,703.75,10085175
2021-06-21 09:53:58,704.15,10085562
2021-06-21 09:53:59,704.0,10087051
2021-06-21 09:54:00,703.75,10090665
2021-06-21 09:54:01,703.75,10091234
2021-06-21 09:54:02,703.35,10093678
2021-06-21 09:54:03,703.4,10094310
2021-06-21 09:54:04,703.75,10094589
2021-06-21 09:54:05,703.45,10095009
2021-06-21 09:54:06,703.45,10095124
2021-06-21 09:54:07,703.75,10095433
2021-06-21 09:54:09,703.55,10095897
2021-06-21 09:54:10,703.7,10096581
2021-06-21 09:54:11,703.5,10097261
2021-06-21 09:54:12,703.85,10098173
2021-06-21 09:54:13,703.95,10098886
2021-06-21 09:54:14,703.6,10099434
2021-06-21 09:54:16,703.55,10100459
2021-06-21 09:54:17,703.8,10101908
2021-06-21 09:54:18,703.85,10103409
2021-06-21 09:54:19,703.8,10104049
2021-06-21 09:54:20,703.8,10104573
2021-06-21 09:54:21,703.6,10105373
2021-06-21 09:54:22,703.5,10108399
2021-06-21 09:54:23,703.8,10115475
2021-06-21 09:54:25,704.55,10125958
2021-06-21 09:54:26,705.0,10141441
2021-06-21 09:54:28,704.65,10143041
2021-06-21 09:54:29,704.4,10145364
2021-06-21 09:54:29,704.25,10145408
2021-06-21 09:54:30,704.9,10146910
2021-06-21 09:54:31,704.7,10148496
2021-06-21 09:54:33,704.85,10148866
2021-06-21 09:54:34,704.85,10149543
2021-06-21 09:54:35,704.5,10149807
2021-06-21 09:54:36,704.55,10151117
2021-06-21 09:54:37,705.05,10152818
2021-06-21 09:54:38,704.75,10154058
2021-06-21 09:54:39,704.65,10155588
2021-06-21 09:54:40,705.15,10155994
2021-06-21 09:54:40,704.75,10156014
2021-06-21 09:54:41,704.7,10156950
2021-06-21 09:54:42,704.45,10161284
2021-06-21 09:54:43,704.75,10162535
2021-06-21 09:54:44,704.65,10163608
2021-06-21 09:54:45,704.8,10164415
2021-06-21 09:54:46,704.4,10165490
2021-06-21 09:54:47,704.8,10166709
2021-06-21 09:54:48,704.7,10167234
2021-06-21 09:54:49,704.3,10178526
2021-06-21 09:54:50,704.55,10179175
2021-06-21 09:54:52,704.75,10180893
2021-06-21 09:54:52,704.8,10182437
2021-06-21 09:54:54,704.75,10186369
2021-06-21 09:54:55,704.5,10186639
2021-06-21 09:54:57,704.0,10200085
2021-06-21 09:54:58,704.35,10200858
2021-06-21 09:54:59,704.3,10201909
2021-06-21 09:55:00,704.25,10202394
2021-06-21 09:55:00,703.9,10202641
2021-06-21 09:55:01,704.05,10203792
2021-06-21 09:55:02,704.4,10204055
2021-06-21 09:55:03,704.05,10204306
2021-06-21 09:55:04,704.4,10204526
2021-06-21 09:55:07,704.4,10210200
2021-06-21 09:55:08,704.7,10210668
2021-06-21 09:55:09,704.4,10211124
2021-06-21 09:55:09,704.7,10212462
2021-06-21 09:55:10,703.9,10216788
2021-06-21 09:55:11,704.35,10217209
2021-06-21 09:55:12,704.15,10217643
2021-06-21 09:55:13,704.1,10217773
2021-06-21 09:55:14,704.1,10217981
2021-06-21 09:55:15,704.0,10221595
2021-06-21 09:55:16,704.35,10221657
2021-06-21 09:55:17,704.0,10221739
2021-06-21 09:55:18,704.0,10223096
2021-06-21 09:55:19,704.0,10223238
2021-06-21 09:55:20,704.35,10225119
2021-06-21 09:55:22,704.0,10226558
2021-06-21 09:55:23,704.1,10226758
2021-06-21 09:55:24,704.05,10228512
2021-06-21 09:55:25,704.45,10228602
2021-06-21 09:55:26,704.2,10232358
2021-06-21 09:55:27,704.65,10233918
2021-06-21 09:55:28,705.2,10247489
2021-06-21 09:55:29,704.85,10248817
2021-06-21 09:55:30,704.45,10250255
2021-06-21 09:55:31,704.95,10250824
2021-06-21 09:55:33,704.45,10251638
2021-06-21 09:55:34,704.85,10252743
2021-06-21 09:55:35,704.95,10254778
2021-06-21 09:55:36,704.95,10256747
2021-06-21 09:55:37,704.75,10257429
2021-06-21 09:55:38,704.95,10257931
2021-06-21 09:55:39,704.8,10258684
2021-06-21 09:55:40,704.65,10258832
2021-06-21 09:55:41,704.7,10259354
2021-06-21 09:55:42,704.9,10260064
2021-06-21 09:55:43,704.9,10260623
2021-06-21 09:55:44,704.9,10260731
2021-06-21 09:55:45,705.0,10262220
2021-06-21 09:55:46,704.9,10262831
2021-06-21 09:55:50,704.75,10264998
2021-06-21 09:55:51,705.3,10267021
2021-06-21 09:55:52,704.8,10268479
2021-06-21 09:55:53,705.0,10268759
2021-06-21 09:55:54,705.05,10271666
2021-06-21 09:55:55,705.1,10271975
2021-06-21 09:55:56,704.75,10281412
2021-06-21 09:55:57,705.35,10282448
2021-06-21 09:55:58,705.35,10282983
2021-06-21 09:55:59,705.5,10284918
2021-06-21 09:56:00,705.0,10288828
2021-06-21 09:56:02,705.05,10289128
2021-06-21 09:56:03,705.0,10290414
2021-06-21 09:56:03,705.2,10290899
2021-06-21 09:56:05,705.15,10291707
2021-06-21 09:56:06,705.4,10292531
2021-06-21 09:56:07,705.45,10297812
2021-06-21 09:56:08,705.35,10303433
2021-06-21 09:56:09,705.05,10306125
2021-06-21 09:56:10,705.0,10306703
2021-06-21 09:56:11,704.95,10307195
2021-06-21 09:56:12,704.5,10309088
2021-06-21 09:56:14,704.8,10309451
2021-06-21 09:56:15,704.95,10313893
2021-06-21 09:56:17,705.0,10315585
2021-06-21 09:56:18,704.7,10315693
2021-06-21 09:56:19,704.9,10317103
2021-06-21 09:56:20,704.6,10317194
2021-06-21 09:56:22,704.9,10317574
2021-06-21 09:56:22,704.9,10317601
2021-06-21 09:56:23,704.9,10318154
2021-06-21 09:56:25,705.0,10319270
2021-06-21 09:56:27,704.85,10321408
2021-06-21 09:56:28,704.8,10321602
2021-06-21 09:56:29,704.6,10322592
2021-06-21 09:56:30,705.0,10323826
2021-06-21 09:56:31,704.9,10327928
2021-06-21 09:56:31,704.9,10327928
2021-06-21 09:56:32,705.55,10334182
2021-06-21 09:56:33,705.4,10334769
2021-06-21 09:56:35,705.45,10336714
2021-06-21 09:56:36,705.05,10337967
2021-06-21 09:56:37,705.5,10338436
2021-06-21 09:56:38,705.25,10338601
2021-06-21 09:56:39,705.0,10340475
2021-06-21 09:56:40,704.85,10341727
2021-06-21 09:56:40,705.35,10342747
2021-06-21 09:56:41,705.05,10343191
2021-06-21 09:56:43,705.5,10344161
2021-06-21 09:56:44,705.1,10344206
2021-06-21 09:56:45,705.4,10344862
2021-06-21 09:56:46,705.45,10345718
2021-06-21 09:56:46,705.05,10345768
2021-06-21 09:56:47,705.35,10346796
2021-06-21 09:56:49,705.4,10347183
2021-06-21 09:56:50,705.45,10347616
2021-06-21 09:56:52,705.1,10348824
2021-06-21 09:56:53,705.35,10349119
2021-06-21 09:56:54,705.4,10349473
2021-06-21 09:56:55,705.4,10350303
2021-06-21 09:56:56,705.1,10350864
2021-06-21 09:56:57,705.4,10350950
2021-06-21 09:56:58,705.2,10353830
2021-06-21 09:57:00,705.2,10366762
2021-06-21 09:57:01,705.65,10367998
2021-06-21 09:57:02,705.7,10368883
2021-06-21 09:57:03,705.5,10370042
2021-06-21 09:57:04,705.7,10370074
2021-06-21 09:57:05,705.85,10371100
2021-06-21 09:57:06,705.85,10371771
2021-06-21 09:57:07,706.0,10386447
2021-06-21 09:57:08,706.4,10387645
2021-06-21 09:57:09,706.25,10391530
2021-06-21 09:57:10,706.3,10396023
2021-06-21 09:57:11,706.4,10397621
2021-06-21 09:57:13,706.9,10411715
2021-06-21 09:57:14,706.15,10416073
2021-06-21 09:57:15,706.25,10420844
2021-06-21 09:57:16,706.4,10421912
2021-06-21 09:57:17,706.5,10427780
2021-06-21 09:57:18,707.0,10456212
2021-06-21 09:57:18,706.75,10457272
2021-06-21 09:57:20,706.35,10464943
2021-06-21 09:57:21,706.0,10470264
2021-06-21 09:57:21,706.1,10471143
2021-06-21 09:57:22,706.1,10471591
2021-06-21 09:57:23,705.65,10473734
2021-06-21 09:57:24,705.8,10475780
2021-06-21 09:57:25,706.35,10476672
2021-06-21 09:57:28,706.3,10478695
2021-06-21 09:57:29,706.25,10478757
2021-06-21 09:57:30,706.6,10492935
2021-06-21 09:57:31,706.6,10496058
2021-06-21 09:57:32,706.15,10498395
2021-06-21 09:57:32,706.7,10497840
2021-06-21 09:57:34,706.35,10501129
2021-06-21 09:57:35,706.65,10502433
2021-06-21 09:57:36,706.75,10507229
2021-06-21 09:57:38,706.5,10510530
2021-06-21 09:57:39,706.85,10511571
2021-06-21 09:57:40,707.05,10515057
2021-06-21 09:57:41,706.65,10516136
2021-06-21 09:57:42,706.8,10517897
2021-06-21 09:57:43,706.6,10518885
2021-06-21 09:57:44,707.1,10521870
2021-06-21 09:57:45,706.6,10524771
2021-06-21 09:57:46,706.9,10527468
2021-06-21 09:57:47,707.05,10529776
2021-06-21 09:57:48,706.9,10530655
2021-06-21 09:57:49,707.1,10531461
2021-06-21 09:57:50,707.1,10536548
2021-06-21 09:57:51,707.1,10543242
2021-06-21 09:57:52,707.0,10545389
2021-06-21 09:57:53,707.0,10551767
2021-06-21 09:57:54,706.65,10552410
2021-06-21 09:57:55,706.85,10554944
2021-06-21 09:57:56,707.2,10558303
2021-06-21 09:57:57,706.9,10559046
2021-06-21 09:57:59,707.45,10562666
2021-06-21 09:58:00,707.2,10564212
2021-06-21 09:58:01,707.45,10565004
2021-06-21 09:58:02,707.0,10566099
2021-06-21 09:58:03,707.5,10568398
2021-06-21 09:58:04,707.2,10570676
2021-06-21 09:58:05,707.4,10572166
2021-06-21 09:58:06,707.5,10573409
2021-06-21 09:58:07,707.5,10576175
2021-06-21 09:58:08,707.45,10577064
2021-06-21 09:58:09,707.4,10585246
2021-06-21 09:58:10,707.85,10589921
2021-06-21 09:58:11,708.0,10602594
2021-06-21 09:58:12,708.0,10602899
2021-06-21 09:58:13,708.2,10638073
2021-06-21 09:58:14,708.9,10654754
2021-06-21 09:58:15,708.8,10657732
2021-06-21 09:58:16,708.25,10680370
2021-06-21 09:58:17,708.15,10682496
2021-06-21 09:58:19,709.0,10687131
2021-06-21 09:58:20,708.8,10690905
2021-06-21 09:58:21,708.55,10691895
2021-06-21 09:58:22,708.6,10695772
2021-06-21 09:58:23,708.65,10709728
2021-06-21 09:58:24,708.8,10714261
2021-06-21 09:58:25,708.8,10715704
2021-06-21 09:58:26,708.8,10717275
2021-06-21 09:58:27,708.85,10725792
2021-06-21 09:58:27,708.9,10725913
2021-06-21 09:58:29,708.55,10728461
2021-06-21 09:58:30,708.5,10730191
2021-06-21 09:58:31,708.9,10732346
2021-06-21 09:58:32,708.85,10733890
2021-06-21 09:58:33,708.9,10737514
2021-06-21 09:58:34,708.85,10738973
2021-06-21 09:58:35,708.9,10740586
2021-06-21 09:58:36,708.85,10741120
2021-06-21 09:58:37,709.0,10743286
2021-06-21 09:58:38,709.0,10747298
2021-06-21 09:58:39,708.9,10748755
2021-06-21 09:58:40,708.9,10750025
2021-06-21 09:58:41,709.35,10751756
2021-06-21 09:58:42,709.5,10757897
2021-06-21 09:58:43,709.25,10765134
2021-06-21 09:58:44,709.35,10769660
2021-06-21 09:58:46,709.35,10772290
2021-06-21 09:58:50,709.4,10787050
2021-06-21 09:58:51,709.2,10790044
2021-06-21 09:58:52,709.35,10793674
2021-06-21 09:58:53,709.3,10798833
2021-06-21 09:58:54,709.25,10803032
2021-06-21 09:58:55,709.8,10806618
2021-06-21 09:58:56,709.4,10807612
2021-06-21 09:58:57,709.4,10809136
2021-06-21 09:58:57,709.4,10809436
2021-06-21 09:58:59,709.55,10813978
2021-06-21 09:59:00,708.7,10824669
2021-06-21 09:59:01,709.8,10835772
2021-06-21 09:59:02,708.95,10836542
2021-06-21 09:59:03,709.0,10836870
2021-06-21 09:59:04,709.3,10837693
2021-06-21 09:59:05,709.35,10839935
2021-06-21 09:59:06,709.0,10840242
2021-06-21 09:59:07,709.35,10841342
2021-06-21 09:59:08,709.05,10843174
2021-06-21 09:59:09,709.35,10845662
2021-06-21 09:59:10,709.05,10850593
2021-06-21 09:59:11,709.45,10852227
2021-06-21 09:59:11,709.7,10854397
2021-06-21 09:59:12,709.05,10855323
2021-06-21 09:59:14,709.35,10856923
2021-06-21 09:59:14,709.1,10857299
2021-06-21 09:59:15,709.4,10857334
2021-06-21 09:59:16,709.5,10859219
2021-06-21 09:59:17,709.55,10860789
2021-06-21 09:59:18,709.7,10861747
2021-06-21 09:59:19,709.3,10877903
2021-06-21 09:59:20,709.85,10880157
2021-06-21 09:59:21,709.95,10881517
2021-06-21 09:59:23,709.7,10914606
2021-06-21 09:59:24,710.0,10917532
2021-06-21 09:59:25,709.65,10917949
2021-06-21 09:59:26,709.65,10919245
2021-06-21 09:59:27,709.95,10921888
2021-06-21 09:59:28,709.65,10922664
2021-06-21 09:59:29,709.95,10923897
2021-06-21 09:59:30,710.0,10924834
2021-06-21 09:59:31,709.65,10925722
2021-06-21 09:59:32,709.7,10926718
2021-06-21 09:59:33,709.9,10928059
2021-06-21 09:59:34,710.0,10929676
2021-06-21 09:59:35,709.65,10930621
2021-06-21 09:59:36,710.0,10936333
2021-06-21 09:59:38,710.0,10941527
2021-06-21 09:59:39,710.0,10942515
2021-06-21 09:59:41,709.45,10952310
2021-06-21 09:59:43,709.8,10961168
2021-06-21 09:59:44,709.65,10961856
2021-06-21 09:59:45,709.45,10963824
2021-06-21 09:59:46,709.4,10964719
2021-06-21 09:59:47,709.3,10965245
2021-06-21 09:59:49,709.3,10967161
2021-06-21 09:59:50,709.6,10972273
2021-06-21 09:59:51,709.8,10974302
2021-06-21 09:59:52,709.75,10975910
2021-06-21 09:59:53,709.65,10976472
2021-06-21 09:59:54,709.4,10979606
2021-06-21 09:59:55,709.2,10981555
2021-06-21 09:59:56,709.7,10983265
2021-06-21 09:59:57,709.55,10985820
2021-06-21 09:59:58,709.25,10987242
2021-06-21 09:59:59,709.5,10993022
2021-06-21 10:00:00,709.4,10994856
2021-06-21 10:00:01,709.3,10995740
2021-06-21 10:00:02,709.4,10997091
2021-06-21 10:00:03,709.45,10997744
2021-06-21 10:00:04,709.1,10998519
2021-06-21 10:00:05,709.1,10998821
2021-06-21 10:00:07,709.1,11002711
2021-06-21 10:00:08,709.15,11004371
2021-06-21 10:00:09,709.1,11005209
2021-06-21 10:00:11,709.0,11013573
2021-06-21 10:00:12,709.0,11015447
2021-06-21 10:00:13,709.4,11016305
2021-06-21 10:00:14,709.4,11016904
2021-06-21 10:00:15,708.65,11019849
2021-06-21 10:00:16,708.35,11023449
2021-06-21 10:00:17,708.35,11024876
2021-06-21 10:00:18,708.3,11025376
2021-06-21 10:00:19,708.8,11026774
2021-06-21 10:00:20,708.5,11027425
2021-06-21 10:00:21,708.75,11029133
2021-06-21 10:00:22,708.7,11030385
2021-06-21 10:00:24,708.15,11035649
2021-06-21 10:00:25,707.8,11050020
2021-06-21 10:00:26,707.8,11052402
2021-06-21 10:00:27,707.85,11052929
2021-06-21 10:00:28,707.6,11055153
2021-06-21 10:00:29,707.6,11057075
2021-06-21 10:00:30,708.0,11065298
2021-06-21 10:00:31,707.95,11065878
2021-06-21 10:00:32,708.25,11066576
2021-06-21 10:00:33,707.6,11066809
2021-06-21 10:00:34,707.95,11071270
2021-06-21 10:00:37,707.7,11073778
2021-06-21 10:00:38,707.95,11074323
2021-06-21 10:00:39,707.85,11074730
2021-06-21 10:00:40,707.6,11077602
2021-06-21 10:00:41,707.95,11081142
2021-06-21 10:00:42,707.7,11081645
2021-06-21 10:00:43,708.0,11083125
2021-06-21 10:00:44,707.7,11083178
2021-06-21 10:00:45,707.85,11084695
2021-06-21 10:00:46,707.5,11085209
2021-06-21 10:00:47,707.85,11085411
2021-06-21 10:00:48,707.95,11086126
2021-06-21 10:00:49,707.45,11090131
2021-06-21 10:00:50,708.0,11090557
2021-06-21 10:00:51,707.6,11091063
2021-06-21 10:00:52,707.6,11092318
2021-06-21 10:00:54,707.9,11093448
2021-06-21 10:00:55,708.6,11101896
2021-06-21 10:00:56,708.6,11102286
2021-06-21 10:00:57,708.85,11104925
2021-06-21 10:00:58,708.9,11106280
2021-06-21 10:00:59,708.7,11107933
2021-06-21 10:01:00,708.85,11108094
2021-06-21 10:01:01,708.55,11109049
2021-06-21 10:01:02,708.25,11109521
2021-06-21 10:01:03,708.25,11109969
2021-06-21 10:01:04,708.35,11109986
2021-06-21 10:01:05,708.45,11110148
2021-06-21 10:01:06,708.7,11110742
2021-06-21 10:01:07,708.7,11110881
2021-06-21 10:01:08,708.4,11111491
2021-06-21 10:01:09,708.8,11111724
2021-06-21 10:01:10,708.8,11111735
2021-06-21 10:01:11,708.9,11112170
2021-06-21 10:01:12,708.95,11113836
2021-06-21 10:01:13,708.8,11114134
2021-06-21 10:01:15,708.8,11117641
2021-06-21 10:01:16,709.05,11121749
2021-06-21 10:01:17,709.45,11122194
2021-06-21 10:01:18,709.45,11122925
2021-06-21 10:01:19,709.5,11123486
2021-06-21 10:01:20,709.4,11125656
2021-06-21 10:01:21,709.4,11125950
2021-06-21 10:01:22,709.7,11126695
2021-06-21 10:01:23,709.95,11129744
2021-06-21 10:01:24,709.7,11130782
2021-06-21 10:01:25,709.85,11133107
2021-06-21 10:01:26,709.95,11134553
2021-06-21 10:01:27,709.7,11134653
2021-06-21 10:01:28,709.95,11140835
2021-06-21 10:01:29,710.0,11146252
2021-06-21 10:01:30,709.5,11149618
2021-06-21 10:01:31,709.55,11152338
2021-06-21 10:01:32,709.95,11152761
2021-06-21 10:01:33,709.95,11153201
2021-06-21 10:01:34,709.45,11155869
2021-06-21 10:01:35,709.4,11157082
2021-06-21 10:01:36,709.6,11160801
2021-06-21 10:01:37,710.0,11161582
2021-06-21 10:01:38,709.95,11161833
2021-06-21 10:01:39,709.65,11163462
2021-06-21 10:01:40,710.0,11164110
2021-06-21 10:01:42,709.6,11170397
2021-06-21 10:01:43,709.7,11171997
2021-06-21 10:01:44,709.55,11172848
2021-06-21 10:01:45,709.6,11173287
2021-06-21 10:01:46,710.0,11173838
2021-06-21 10:01:47,710.0,11173838
2021-06-21 10:01:49,709.9,11180012
2021-06-21 10:01:50,710.0,11182585
2021-06-21 10:01:51,709.65,11183136
2021-06-21 10:01:52,709.6,11184198
2021-06-21 10:01:53,709.95,11184812
2021-06-21 10:01:54,709.6,11185001
2021-06-21 10:01:55,709.35,11186956
2021-06-21 10:01:56,709.6,11188106
2021-06-21 10:01:57,709.25,11193456
2021-06-21 10:01:58,708.9,11193603
2021-06-21 10:01:59,709.55,11195983
2021-06-21 10:02:00,709.6,11196494
2021-06-21 10:02:02,709.3,11198877
2021-06-21 10:02:02,709.3,11198877
2021-06-21 10:02:03,709.45,11199552
2021-06-21 10:02:04,709.85,11201469
2021-06-21 10:02:05,709.45,11202127
2021-06-21 10:02:06,709.85,11202824
2021-06-21 10:02:07,709.8,11203297
2021-06-21 10:02:08,709.55,11204444
2021-06-21 10:02:09,709.8,11206858
2021-06-21 10:02:10,709.8,11207958
2021-06-21 10:02:11,709.45,11208181
2021-06-21 10:02:12,709.55,11209108
2021-06-21 10:02:13,709.6,11210759
2021-06-21 10:02:14,709.65,11211144
2021-06-21 10:02:16,708.95,11219088
2021-06-21 10:02:17,709.4,11220992
2021-06-21 10:02:18,709.5,11221510
2021-06-21 10:02:19,709.35,11221806
2021-06-21 10:02:20,708.95,11221853
2021-06-21 10:02:21,709.2,11223118
2021-06-21 10:02:22,709.45,11224005
2021-06-21 10:02:23,709.4,11224073
2021-06-21 10:02:24,709.0,11224484
2021-06-21 10:02:25,709.35,11225424
2021-06-21 10:02:26,709.45,11225771
2021-06-21 10:02:27,709.2,11226309
2021-06-21 10:02:29,709.35,11227460
2021-06-21 10:02:30,709.1,11227812
2021-06-21 10:02:32,709.1,11228216
2021-06-21 10:02:32,709.15,11228231
2021-06-21 10:02:33,709.05,11228774
2021-06-21 10:02:34,709.35,11229569
2021-06-21 10:02:35,709.05,11229665
2021-06-21 10:02:36,709.0,11230389
2021-06-21 10:02:37,709.05,11231141
2021-06-21 10:02:39,709.0,11232794
2021-06-21 10:02:39,709.0,11232944
2021-06-21 10:02:40,708.6,11233683
2021-06-21 10:02:41,709.0,11234501
2021-06-21 10:02:42,708.65,11234777
2021-06-21 10:02:43,708.5,11235508
2021-06-21 10:02:44,708.7,11235741
2021-06-21 10:02:45,708.95,11236692
2021-06-21 10:02:46,708.8,11238204
2021-06-21 10:02:47,708.7,11238649
2021-06-21 10:02:48,708.6,11239129
2021-06-21 10:02:49,708.65,11239179
2021-06-21 10:02:50,708.9,11239844
2021-06-21 10:02:51,708.85,11240130
2021-06-21 10:02:52,708.55,11241061
2021-06-21 10:02:53,709.3,11244260
2021-06-21 10:02:54,709.2,11244429
2021-06-21 10:02:55,708.75,11244992
2021-06-21 10:02:56,708.8,11245327
2021-06-21 10:02:57,709.35,11246867
2021-06-21 10:02:58,708.95,11247098
2021-06-21 10:02:59,709.05,11247318
2021-06-21 10:03:00,708.95,11247835
2021-06-21 10:03:01,708.95,11248264
2021-06-21 10:03:02,709.0,11248521
2021-06-21 10:03:03,709.3,11249484
2021-06-21 10:03:04,709.2,11249803
2021-06-21 10:03:05,708.95,11250101
2021-06-21 10:03:06,709.3,11250354
2021-06-21 10:03:07,709.25,11251425
2021-06-21 10:03:09,709.15,11252560
2021-06-21 10:03:10,708.95,11253054
2021-06-21 10:03:10,709.2,11253134
2021-06-21 10:03:12,709.15,11254933
2021-06-21 10:03:13,709.05,11255748
2021-06-21 10:03:14,709.4,11256330
2021-06-21 10:03:15,708.95,11256832
2021-06-21 10:03:16,709.35,11257218
2021-06-21 10:03:17,709.25,11257339
2021-06-21 10:03:18,709.0,11258025
2021-06-21 10:03:19,709.35,11258480
2021-06-21 10:03:20,708.9,11259801
2021-06-21 10:03:21,709.3,11260732
2021-06-21 10:03:22,709.35,11261752
2021-06-21 10:03:24,709.3,11261961
2021-06-21 10:03:24,708.9,11263521
2021-06-21 10:03:25,709.5,11273276
2021-06-21 10:03:26,709.3,11273646
2021-06-21 10:03:27,709.5,11274943
2021-06-21 10:03:28,709.4,11275610
2021-06-21 10:03:29,709.55,11276809
2021-06-21 10:03:30,709.3,11292778
2021-06-21 10:03:31,709.5,11293288
2021-06-21 10:03:32,709.5,11293404
2021-06-21 10:03:33,709.1,11293584
2021-06-21 10:03:35,709.15,11294030
2021-06-21 10:03:35,709.5,11294077
2021-06-21 10:03:36,709.45,11294386
2021-06-21 10:03:37,709.4,11294839
2021-06-21 10:03:38,709.2,11296637
2021-06-21 10:03:39,709.5,11296839
2021-06-21 10:03:40,709.5,11296896
2021-06-21 10:03:41,709.45,11297193
2021-06-21 10:03:42,709.45,11297289
2021-06-21 10:03:43,709.4,11297569
2021-06-21 10:03:44,709.45,11297669
2021-06-21 10:03:45,709.45,11297943
2021-06-21 10:03:46,709.45,11298793
2021-06-21 10:03:47,708.9,11303575
2021-06-21 10:03:48,708.85,11304323
2021-06-21 10:03:49,709.35,11304746
2021-06-21 10:03:50,709.35,11307011
2021-06-21 10:03:51,709.35,11307365
2021-06-21 10:03:52,708.95,11308819
2021-06-21 10:03:53,708.85,11309246
2021-06-21 10:03:54,709.25,11309519
2021-06-21 10:03:55,709.15,11310244
2021-06-21 10:03:56,708.4,11317486
2021-06-21 10:03:58,709.0,11320269
2021-06-21 10:04:00,709.25,11324006
2021-06-21 10:04:01,709.2,11324944
2021-06-21 10:04:01,709.3,11325102
2021-06-21 10:04:02,709.0,11326172
2021-06-21 10:04:03,708.95,11328503
2021-06-21 10:04:04,709.0,11328648
2021-06-21 10:04:05,709.3,11328831
2021-06-21 10:04:06,709.15,11329205
2021-06-21 10:04:07,709.25,11329409
2021-06-21 10:04:08,709.0,11329694
2021-06-21 10:04:10,708.85,11330274
2021-06-21 10:04:11,709.0,11330913
2021-06-21 10:04:11,708.9,11331173
2021-06-21 10:04:12,709.25,11332847
2021-06-21 10:04:13,709.0,11333395
2021-06-21 10:04:14,708.85,11334021
2021-06-21 10:04:15,708.75,11334956
2021-06-21 10:04:16,709.25,11338096
2021-06-21 10:04:17,708.9,11338670
2021-06-21 10:04:18,709.0,11339210
2021-06-21 10:04:19,709.0,11339517
2021-06-21 10:04:20,709.0,11340290
2021-06-21 10:04:21,708.6,11347255
2021-06-21 10:04:22,708.6,11348791
2021-06-21 10:04:24,708.05,11352381
2021-06-21 10:04:25,708.0,11359607
2021-06-21 10:04:26,708.35,11360128
2021-06-21 10:04:27,707.9,11361017
2021-06-21 10:04:28,707.85,11362123
2021-06-21 10:04:28,707.8,11362815
2021-06-21 10:04:29,708.5,11364673
2021-06-21 10:04:30,708.6,11365242
2021-06-21 10:04:31,708.0,11366531
2021-06-21 10:04:33,708.15,11367281
2021-06-21 10:04:33,708.35,11368328
2021-06-21 10:04:35,708.15,11369392
2021-06-21 10:04:36,708.0,11370125
2021-06-21 10:04:37,708.2,11371506
2021-06-21 10:04:38,708.05,11372258
2021-06-21 10:04:39,708.15,11372930
2021-06-21 10:04:39,708.15,11372953
2021-06-21 10:04:40,708.15,11373626
2021-06-21 10:04:41,707.9,11376798
2021-06-21 10:04:42,707.75,11383476
2021-06-21 10:04:43,707.5,11385701
2021-06-21 10:04:44,707.6,11389091
2021-06-21 10:04:45,707.95,11392848
2021-06-21 10:04:48,707.9,11395203
2021-06-21 10:04:49,707.45,11396982
2021-06-21 10:04:49,707.45,11397148
2021-06-21 10:04:50,707.9,11399609
2021-06-21 10:04:51,707.65,11399630
2021-06-21 10:04:52,707.8,11401761
2021-06-21 10:04:54,708.3,11407227
2021-06-21 10:04:55,708.4,11407886
2021-06-21 10:04:56,708.35,11410009
2021-06-21 10:04:57,708.45,11410117
2021-06-21 10:04:58,708.5,11410279
2021-06-21 10:04:58,708.2,11410321
2021-06-21 10:04:59,708.35,11411686
2021-06-21 10:05:00,708.35,11414809
2021-06-21 10:05:01,708.2,11415385
2021-06-21 10:05:02,708.45,11416840
2021-06-21 10:05:03,708.0,11417178
2021-06-21 10:05:04,708.0,11418743
2021-06-21 10:05:05,708.15,11420746
2021-06-21 10:05:06,708.15,11421194
2021-06-21 10:05:07,708.25,11421616
2021-06-21 10:05:08,708.15,11423254
2021-06-21 10:05:09,708.05,11424207
2021-06-21 10:05:10,708.05,11424528
2021-06-21 10:05:12,708.05,11424672
2021-06-21 10:05:13,708.05,11424903
2021-06-21 10:05:14,708.15,11425147
2021-06-21 10:05:15,708.0,11426371
2021-06-21 10:05:16,708.1,11427672
2021-06-21 10:05:16,708.15,11426393
2021-06-21 10:05:17,708.15,11428014
2021-06-21 10:05:19,708.5,11429767
2021-06-21 10:05:20,708.4,11431488
2021-06-21 10:05:21,708.9,11433880
2021-06-21 10:05:22,708.8,11433929
2021-06-21 10:05:23,708.75,11434696
2021-06-21 10:05:24,708.5,11435536
2021-06-21 10:05:26,708.2,11435853
2021-06-21 10:05:27,708.15,11436423
2021-06-21 10:05:27,708.45,11436431
2021-06-21 10:05:28,708.5,11436768
2021-06-21 10:05:29,708.25,11436869
2021-06-21 10:05:30,708.6,11437049
2021-06-21 10:05:31,708.5,11437132
2021-06-21 10:05:32,708.45,11438315
2021-06-21 10:05:33,708.45,11438413
2021-06-21 10:05:35,708.85,11440749
2021-06-21 10:05:35,708.5,11440724
2021-06-21 10:05:36,708.5,11441022
2021-06-21 10:05:37,708.8,11441247
2021-06-21 10:05:38,708.8,11441454
2021-06-21 10:05:39,708.55,11441760
2021-06-21 10:05:40,708.5,11442491
2021-06-21 10:05:42,708.5,11443833
2021-06-21 10:05:43,708.85,11444299
2021-06-21 10:05:44,708.5,11445266
2021-06-21 10:05:45,708.5,11445467
2021-06-21 10:05:45,708.5,11445567
2021-06-21 10:05:47,708.55,11446430
2021-06-21 10:05:48,708.6,11448414
2021-06-21 10:05:48,709.0,11449835
2021-06-21 10:05:49,709.1,11454701
2021-06-21 10:05:50,709.15,11454854
2021-06-21 10:05:51,709.2,11455022
2021-06-21 10:05:52,709.25,11458416
2021-06-21 10:05:53,709.0,11458574
2021-06-21 10:05:54,709.25,11459190
2021-06-21 10:05:55,709.2,11459839
2021-06-21 10:05:56,709.2,11460894
2021-06-21 10:05:57,709.2,11461358
2021-06-21 10:05:59,709.3,11461555
2021-06-21 10:06:00,709.45,11464674
2021-06-21 10:06:00,709.45,11464675
2021-06-21 10:06:01,709.5,11467152
2021-06-21 10:06:02,709.25,11467476
2021-06-21 10:06:03,709.5,11468994
2021-06-21 10:06:04,709.45,11469315
2021-06-21 10:06:05,709.45,11470205
2021-06-21 10:06:06,709.15,11471199
2021-06-21 10:06:07,709.3,11471612
2021-06-21 10:06:08,709.2,11472767
2021-06-21 10:06:09,709.5,11473378
2021-06-21 10:06:10,709.15,11475340
2021-06-21 10:06:12,709.45,11475352
2021-06-21 10:06:13,709.2,11475713
2021-06-21 10:06:14,709.4,11475886
2021-06-21 10:06:15,709.5,11475895
2021-06-21 10:06:16,709.15,11476269
2021-06-21 10:06:17,709.45,11477158
2021-06-21 10:06:18,709.15,11477924
2021-06-21 10:06:19,709.35,11478270
2021-06-21 10:06:20,709.2,11479020
2021-06-21 10:06:21,709.15,11479270
2021-06-21 10:06:22,709.05,11481310
2021-06-21 10:06:23,708.85,11481699
2021-06-21 10:06:23,708.55,11481862
2021-06-21 10:06:24,708.9,11482043
2021-06-21 10:06:25,708.3,11483824
2021-06-21 10:06:26,708.7,11486039
2021-06-21 10:06:29,708.7,11487514
2021-06-21 10:06:29,708.7,11487765
2021-06-21 10:06:30,708.85,11487808
2021-06-21 10:06:31,708.5,11487880
2021-06-21 10:06:32,708.55,11488166
2021-06-21 10:06:33,708.95,11488522
2021-06-21 10:06:34,708.55,11488632
2021-06-21 10:06:35,708.95,11488739
2021-06-21 10:06:36,708.9,11489065
2021-06-21 10:06:37,708.4,11489548
2021-06-21 10:06:39,708.65,11490323
2021-06-21 10:06:40,708.3,11490715
2021-06-21 10:06:41,708.75,11490937
2021-06-21 10:06:41,708.7,11491035
2021-06-21 10:06:42,708.5,11492477
2021-06-21 10:06:43,708.9,11492591
2021-06-21 10:06:44,709.0,11492770
2021-06-21 10:06:45,708.6,11492772
2021-06-21 10:06:46,708.8,11492843
2021-06-21 10:06:47,708.5,11493068
2021-06-21 10:06:49,708.9,11493401
2021-06-21 10:06:50,708.9,11493411
2021-06-21 10:06:51,708.9,11493534
2021-06-21 10:06:52,708.8,11494212
2021-06-21 10:06:53,708.95,11494899
2021-06-21 10:06:54,709.0,11495149
2021-06-21 10:06:53,708.95,11495008
2021-06-21 10:06:55,708.55,11495399
2021-06-21 10:06:56,708.6,11495968
2021-06-21 10:06:57,708.6,11496288
2021-06-21 10:06:58,708.55,11496820
2021-06-21 10:07:00,708.5,11498260
2021-06-21 10:07:01,708.9,11498463
2021-06-21 10:07:02,708.9,11499156
2021-06-21 10:07:03,708.7,11499218
2021-06-21 10:07:03,708.7,11499218
2021-06-21 10:07:04,709.0,11504121
2021-06-21 10:07:05,708.85,11504166
2021-06-21 10:07:06,709.0,11504321
2021-06-21 10:07:08,709.0,11504585
2021-06-21 10:07:09,709.05,11504752
2021-06-21 10:07:10,708.95,11504994
2021-06-21 10:07:11,709.0,11506348
2021-06-21 10:07:12,708.7,11506451
2021-06-21 10:07:12,708.7,11506501
2021-06-21 10:07:13,709.0,11506619
2021-06-21 10:07:14,709.0,11506927
2021-06-21 10:07:15,709.0,11507285
2021-06-21 10:07:16,708.95,11510439
2021-06-21 10:07:17,709.25,11510632
2021-06-21 10:07:19,708.9,11512351
2021-06-21 10:07:20,709.2,11512786
2021-06-21 10:07:21,709.2,11512786
2021-06-21 10:07:22,709.0,11515222
2021-06-21 10:07:23,708.85,11515351
2021-06-21 10:07:24,708.85,11515513
2021-06-21 10:07:24,708.85,11515513
2021-06-21 10:07:25,709.0,11515620
2021-06-21 10:07:26,709.4,11518579
2021-06-21 10:07:27,709.4,11518762
2021-06-21 10:07:28,709.2,11521211
2021-06-21 10:07:29,709.5,11530254
2021-06-21 10:07:30,709.25,11530625
2021-06-21 10:07:31,709.2,11530749
2021-06-21 10:07:32,709.15,11531099
2021-06-21 10:07:33,709.45,11531110
2021-06-21 10:07:34,709.45,11531158
2021-06-21 10:07:35,709.15,11531260
2021-06-21 10:07:36,708.85,11533895
2021-06-21 10:07:38,709.0,11534094
2021-06-21 10:07:39,708.9,11535500
2021-06-21 10:07:40,708.8,11535914
2021-06-21 10:07:40,708.85,11535924
2021-06-21 10:07:41,708.85,11536127
2021-06-21 10:07:42,708.85,11538018
2021-06-21 10:07:43,708.75,11538434
2021-06-21 10:07:44,708.75,11539845
2021-06-21 10:07:45,708.6,11540661
2021-06-21 10:07:46,708.6,11545663
2021-06-21 10:07:48,708.6,11545972
2021-06-21 10:07:49,708.65,11547326
2021-06-21 10:07:50,708.65,11547480
2021-06-21 10:07:51,708.8,11547660
2021-06-21 10:07:52,709.0,11548320
2021-06-21 10:07:53,708.95,11548982
2021-06-21 10:07:53,708.8,11548992
2021-06-21 10:07:54,708.95,11549000
2021-06-21 10:07:55,708.9,11549051
2021-06-21 10:07:56,709.0,11550142
2021-06-21 10:07:57,709.0,11550232
