timestamp,ltp,volume
2021-06-21 09:16:29,3034.5,13163
2021-06-21 09:16:30,3032.2,13274
2021-06-21 09:16:31,3032.2,13365
2021-06-21 09:16:32,3032.2,13387
2021-06-21 09:16:33,3032.2,13413
2021-06-21 09:16:34,3035.0,13828
2021-06-21 09:16:35,3033.15,13901
2021-06-21 09:16:36,3034.75,13912
2021-06-21 09:16:37,3034.75,13990
2021-06-21 09:16:38,3033.35,14018
2021-06-21 09:16:39,3031.25,14415
2021-06-21 09:16:40,3032.95,14431
2021-06-21 09:16:41,3032.9,14439
2021-06-21 09:16:42,3031.7,14483
2021-06-21 09:16:43,3032.75,14518
2021-06-21 09:16:44,3032.75,14522
2021-06-21 09:16:45,3032.75,14522
2021-06-21 09:16:46,3032.6,14538
2021-06-21 09:16:46,3032.0,14541
2021-06-21 09:16:47,3031.95,15556
2021-06-21 09:16:49,3031.6,15596
2021-06-21 09:16:50,3033.8,15734
2021-06-21 09:16:51,3033.8,15734
2021-06-21 09:16:52,3031.8,16144
2021-06-21 09:16:53,3032.7,16197
2021-06-21 09:16:54,3033.65,16223
2021-06-21 09:16:55,3033.65,16319
2021-06-21 09:16:56,3033.25,16324
2021-06-21 09:16:58,3033.9,16406
2021-06-21 09:16:59,3034.9,16488
2021-06-21 09:17:00,3034.05,16554
2021-06-21 09:17:01,3033.8,17064
2021-06-21 09:17:02,3033.65,17071
2021-06-21 09:17:03,3032.7,17101
2021-06-21 09:17:04,3032.7,17101
2021-06-21 09:17:05,3032.95,17120
2021-06-21 09:17:07,3029.4,17259
2021-06-21 09:17:09,3030.9,17294
2021-06-21 09:17:11,3031.9,17767
2021-06-21 09:17:12,3030.55,17780
2021-06-21 09:17:13,3030.3,17801
2021-06-21 09:17:14,3030.05,17945
2021-06-21 09:17:15,3030.0,18019
2021-06-21 09:17:16,3028.25,18127
2021-06-21 09:17:17,3028.0,18150
2021-06-21 09:17:18,3028.0,18150
2021-06-21 09:17:19,3028.75,18169
2021-06-21 09:17:20,3028.75,18205
2021-06-21 09:17:21,3029.15,18232
2021-06-21 09:17:22,3030.05,18269
2021-06-21 09:17:23,3029.45,18312
2021-06-21 09:17:24,3029.85,18329
2021-06-21 09:17:25,3029.45,18345
2021-06-21 09:17:26,3029.6,18364
2021-06-21 09:17:27,3029.6,18364
2021-06-21 09:17:28,3029.6,18364
2021-06-21 09:17:29,3029.9,18382
2021-06-21 09:17:30,3029.9,18382
2021-06-21 09:17:31,3029.95,18383
2021-06-21 09:17:32,3030.0,18391
2021-06-21 09:17:33,3029.45,18394
2021-06-21 09:17:34,3029.45,18394
2021-06-21 09:17:35,3029.45,18394
2021-06-21 09:17:36,3030.05,18401
2021-06-21 09:17:37,3029.0,18548
2021-06-21 09:17:39,3030.3,18729
2021-06-21 09:17:40,3031.0,18753
2021-06-21 09:17:41,3030.3,18791
2021-06-21 09:17:42,3028.65,19291
2021-06-21 09:17:43,3029.05,19330
2021-06-21 09:17:44,3030.65,19392
2021-06-21 09:17:45,3030.7,19547
2021-06-21 09:17:46,3030.55,19581
2021-06-21 09:17:47,3029.15,19582
2021-06-21 09:17:48,3027.7,20082
2021-06-21 09:17:49,3028.25,20180
2021-06-21 09:17:50,3027.95,20453
2021-06-21 09:17:51,3027.5,20467
2021-06-21 09:17:52,3027.15,20516
2021-06-21 09:17:53,3027.95,20602
2021-06-21 09:17:54,3030.95,21243
2021-06-21 09:17:55,3030.0,21244
2021-06-21 09:17:56,3029.1,21363
2021-06-21 09:17:57,3029.35,21468
2021-06-21 09:17:58,3028.7,21492
2021-06-21 09:17:59,3028.7,21568
2021-06-21 09:18:00,3030.25,21757
2021-06-21 09:18:01,3030.25,21757
2021-06-21 09:18:02,3028.5,21791
2021-06-21 09:18:03,3028.5,21791
2021-06-21 09:18:04,3028.5,21814
2021-06-21 09:18:05,3030.5,21895
2021-06-21 09:18:06,3028.0,22056
2021-06-21 09:18:07,3027.9,22070
2021-06-21 09:18:08,3028.75,22158
2021-06-21 09:18:09,3027.05,22178
2021-06-21 09:18:10,3027.05,22257
2021-06-21 09:18:11,3027.0,22276
2021-06-21 09:18:12,3027.0,22276
2021-06-21 09:18:13,3028.25,22311
2021-06-21 09:18:14,3028.2,22498
2021-06-21 09:18:15,3028.6,22503
2021-06-21 09:18:16,3028.55,22730
2021-06-21 09:18:17,3029.8,22748
2021-06-21 09:18:18,3029.8,22748
2021-06-21 09:18:20,3030.45,22765
2021-06-21 09:18:21,3028.65,22770
2021-06-21 09:18:22,3028.55,22936
2021-06-21 09:18:23,3030.0,22937
2021-06-21 09:18:24,3028.2,22947
2021-06-21 09:18:25,3030.0,22950
2021-06-21 09:18:27,3028.2,22960
2021-06-21 09:18:28,3028.2,22960
2021-06-21 09:18:29,3028.2,22991
2021-06-21 09:18:30,3029.9,22995
2021-06-21 09:18:31,3029.55,22996
2021-06-21 09:18:32,3028.0,23265
2021-06-21 09:18:33,3028.0,23265
2021-06-21 09:18:34,3025.9,23465
2021-06-21 09:18:35,3027.05,23470
2021-06-21 09:18:36,3026.2,23507
2021-06-21 09:18:37,3026.2,23507
2021-06-21 09:18:38,3028.25,23527
2021-06-21 09:18:39,3028.25,23641
2021-06-21 09:18:40,3028.25,23668
2021-06-21 09:18:41,3026.75,23773
2021-06-21 09:18:42,3026.75,23773
2021-06-21 09:18:43,3027.25,23868
2021-06-21 09:18:44,3027.25,23868
2021-06-21 09:18:45,3028.6,23919
2021-06-21 09:18:46,3027.2,23957
2021-06-21 09:18:47,3027.2,23957
2021-06-21 09:18:48,3027.35,23998
2021-06-21 09:18:49,3027.35,23998
2021-06-21 09:18:50,3030.95,24044
2021-06-21 09:18:51,3030.95,24045
2021-06-21 09:18:52,3031.75,24048
2021-06-21 09:18:53,3031.75,24048
2021-06-21 09:18:54,3031.8,24054
2021-06-21 09:18:55,3031.85,24056
2021-06-21 09:18:56,3031.65,24137
2021-06-21 09:18:57,3031.0,24143
2021-06-21 09:18:59,3031.9,24168
2021-06-21 09:19:00,3031.9,24168
2021-06-21 09:19:01,3030.95,24401
2021-06-21 09:19:02,3031.75,24406
2021-06-21 09:19:03,3031.9,24422
2021-06-21 09:19:04,3031.85,24436
2021-06-21 09:19:05,3030.15,24623
2021-06-21 09:19:05,3031.6,24596
2021-06-21 09:19:06,3031.6,24633
2021-06-21 09:19:07,3031.75,24684
2021-06-21 09:19:09,3030.35,24694
2021-06-21 09:19:10,3032.5,24722
2021-06-21 09:19:11,3032.5,24722
2021-06-21 09:19:12,3032.5,24722
2021-06-21 09:19:13,3032.5,24722
2021-06-21 09:19:14,3031.5,24833
2021-06-21 09:19:15,3032.35,24856
2021-06-21 09:19:16,3032.5,25111
2021-06-21 09:19:18,3032.35,25159
2021-06-21 09:19:21,3032.55,25174
2021-06-21 09:19:22,3032.55,25174
2021-06-21 09:19:23,3033.0,25175
2021-06-21 09:19:24,3033.0,25175
2021-06-21 09:19:26,3035.25,25611
2021-06-21 09:19:27,3035.95,25613
2021-06-21 09:19:28,3035.45,25664
2021-06-21 09:19:28,3035.45,25664
2021-06-21 09:19:29,3036.0,25675
2021-06-21 09:19:30,3035.45,25680
2021-06-21 09:19:31,3035.5,25838
2021-06-21 09:19:32,3037.6,26088
2021-06-21 09:19:33,3035.9,26350
2021-06-21 09:19:34,3034.0,26381
2021-06-21 09:19:35,3034.1,26406
2021-06-21 09:19:36,3035.75,26486
2021-06-21 09:19:38,3035.75,26486
2021-06-21 09:19:38,3035.75,26486
2021-06-21 09:19:39,3035.75,26486
2021-06-21 09:19:40,3035.85,26496
2021-06-21 09:19:41,3034.7,26504
2021-06-21 09:19:42,3036.05,26520
2021-06-21 09:19:43,3035.95,26584
2021-06-21 09:19:44,3035.75,26598
2021-06-21 09:19:45,3034.7,26675
2021-06-21 09:19:47,3036.05,27213
2021-06-21 09:19:48,3034.85,27270
2021-06-21 09:19:49,3034.75,27787
2021-06-21 09:19:50,3032.6,27837
2021-06-21 09:19:51,3032.9,27896
2021-06-21 09:19:52,3034.05,27914
2021-06-21 09:19:53,3034.8,27971
2021-06-21 09:19:54,3034.25,28009
2021-06-21 09:19:55,3034.25,28009
2021-06-21 09:19:56,3034.1,28068
2021-06-21 09:19:57,3034.1,28068
2021-06-21 09:19:58,3035.1,28218
2021-06-21 09:19:59,3034.0,28220
2021-06-21 09:20:00,3035.1,28232
2021-06-21 09:20:01,3035.1,28244
2021-06-21 09:20:02,3033.75,28373
2021-06-21 09:20:03,3032.1,28397
2021-06-21 09:20:04,3032.1,28397
2021-06-21 09:20:05,3033.3,28422
2021-06-21 09:20:06,3033.3,28422
2021-06-21 09:20:08,3033.75,28452
2021-06-21 09:20:08,3033.75,28452
2021-06-21 09:20:09,3032.45,29054
2021-06-21 09:20:10,3031.3,29717
2021-06-21 09:20:11,3031.25,29731
2021-06-21 09:20:12,3031.25,29741
2021-06-21 09:20:13,3031.05,29770
2021-06-21 09:20:14,3030.0,29773
2021-06-21 09:20:15,3029.15,29824
2021-06-21 09:20:16,3028.0,29844
2021-06-21 09:20:17,3029.35,29847
2021-06-21 09:20:18,3029.45,29852
2021-06-21 09:20:19,3029.45,29856
2021-06-21 09:20:20,3029.45,29856
2021-06-21 09:20:21,3029.45,29856
2021-06-21 09:20:22,3029.45,30107
2021-06-21 09:20:23,3029.45,30116
2021-06-21 09:20:24,3030.0,30315
2021-06-21 09:20:25,3029.45,30336
2021-06-21 09:20:26,3030.95,30339
2021-06-21 09:20:27,3031.0,30343
2021-06-21 09:20:28,3031.15,30363
2021-06-21 09:20:29,3034.8,30793
2021-06-21 09:20:30,3033.85,30843
2021-06-21 09:20:31,3033.85,30843
2021-06-21 09:20:32,3036.9,31403
2021-06-21 09:20:33,3035.65,31449
2021-06-21 09:20:34,3035.65,31452
2021-06-21 09:20:35,3037.15,31530
2021-06-21 09:20:37,3036.2,31584
2021-06-21 09:20:40,3036.2,31612
2021-06-21 09:20:41,3036.2,31612
2021-06-21 09:20:42,3036.2,31612
2021-06-21 09:20:43,3037.0,31715
2021-06-21 09:20:44,3037.45,31726
2021-06-21 09:20:44,3037.45,31725
2021-06-21 09:20:45,3037.3,31728
2021-06-21 09:20:46,3036.35,31737
2021-06-21 09:20:47,3037.0,31763
2021-06-21 09:20:48,3036.4,32155
2021-06-21 09:20:49,3036.45,32178
2021-06-21 09:20:51,3037.0,32179
2021-06-21 09:20:52,3037.0,32179
2021-06-21 09:20:53,3036.5,32216
2021-06-21 09:20:55,3038.0,32311
2021-06-21 09:20:58,3038.95,32411
2021-06-21 09:20:58,3038.35,32446
2021-06-21 09:20:59,3038.35,32469
2021-06-21 09:21:00,3038.35,32469
2021-06-21 09:21:01,3038.35,32476
2021-06-21 09:21:02,3038.35,32484
2021-06-21 09:21:03,3038.35,32552
2021-06-21 09:21:04,3039.0,32564
2021-06-21 09:21:05,3038.35,32572
2021-06-21 09:21:06,3039.85,32579
2021-06-21 09:21:07,3040.0,32635
2021-06-21 09:21:08,3039.0,32662
2021-06-21 09:21:09,3038.35,32835
2021-06-21 09:21:10,3037.5,32853
2021-06-21 09:21:11,3037.5,32912
2021-06-21 09:21:12,3038.4,32922
2021-06-21 09:21:13,3038.35,32955
2021-06-21 09:21:14,3037.05,32980
2021-06-21 09:21:15,3036.0,33255
2021-06-21 09:21:16,3036.0,33398
2021-06-21 09:21:17,3036.0,33426
2021-06-21 09:21:18,3036.0,33440
2021-06-21 09:21:19,3037.0,33553
2021-06-21 09:21:20,3037.0,33570
2021-06-21 09:21:21,3037.55,33591
2021-06-21 09:21:22,3037.0,33598
2021-06-21 09:21:23,3037.0,33605
2021-06-21 09:21:24,3037.0,33612
2021-06-21 09:21:25,3037.0,33612
2021-06-21 09:21:26,3038.1,33655
2021-06-21 09:21:27,3038.1,33655
2021-06-21 09:21:28,3037.5,33915
2021-06-21 09:21:29,3037.05,33924
2021-06-21 09:21:30,3037.05,33966
2021-06-21 09:21:31,3038.2,34000
2021-06-21 09:21:33,3038.25,34146
2021-06-21 09:21:34,3039.95,34153
2021-06-21 09:21:35,3040.2,34537
2021-06-21 09:21:35,3040.2,34545
2021-06-21 09:21:36,3040.95,34648
2021-06-21 09:21:37,3040.15,34838
2021-06-21 09:21:38,3040.15,34839
2021-06-21 09:21:39,3041.2,35226
2021-06-21 09:21:40,3041.45,35265
2021-06-21 09:21:42,3041.45,35273
2021-06-21 09:21:43,3041.45,35284
2021-06-21 09:21:44,3041.45,35318
2021-06-21 09:21:45,3041.45,35332
2021-06-21 09:21:46,3041.45,35532
2021-06-21 09:21:46,3041.45,35532
2021-06-21 09:21:47,3041.45,35554
2021-06-21 09:21:48,3041.5,35632
2021-06-21 09:21:49,3041.45,35642
2021-06-21 09:21:50,3041.45,35693
2021-06-21 09:21:51,3041.4,35694
2021-06-21 09:21:52,3042.0,35705
2021-06-21 09:21:54,3041.4,35875
2021-06-21 09:21:54,3041.0,35883
2021-06-21 09:21:55,3041.0,35909
2021-06-21 09:21:56,3041.45,35917
2021-06-21 09:21:57,3042.0,35923
2021-06-21 09:21:58,3040.15,35933
2021-06-21 09:21:59,3039.65,35941
2021-06-21 09:22:01,3041.3,35975
2021-06-21 09:22:03,3041.1,36240
2021-06-21 09:22:05,3041.15,36270
2021-06-21 09:22:06,3040.3,36307
2021-06-21 09:22:07,3040.3,36307
2021-06-21 09:22:08,3041.85,36311
2021-06-21 09:22:09,3040.65,36385
2021-06-21 09:22:10,3042.0,36532
2021-06-21 09:22:11,3041.85,36603
2021-06-21 09:22:12,3041.85,36603
2021-06-21 09:22:13,3042.65,36735
2021-06-21 09:22:14,3042.2,36746
2021-06-21 09:22:15,3042.2,36746
2021-06-21 09:22:16,3042.2,36746
2021-06-21 09:22:17,3042.6,36750
2021-06-21 09:22:17,3044.2,36899
2021-06-21 09:22:18,3043.9,36938
2021-06-21 09:22:19,3044.2,36953
2021-06-21 09:22:20,3044.2,37015
2021-06-21 09:22:21,3044.0,37067
2021-06-21 09:22:22,3044.1,37069
2021-06-21 09:22:23,3044.1,37069
2021-06-21 09:22:24,3046.75,37940
2021-06-21 09:22:25,3045.65,37966
2021-06-21 09:22:26,3046.65,37969
2021-06-21 09:22:27,3046.95,37993
2021-06-21 09:22:28,3045.7,38094
2021-06-21 09:22:31,3045.85,38351
2021-06-21 09:22:34,3046.2,40183
2021-06-21 09:22:36,3046.2,40303
2021-06-21 09:22:37,3046.85,40495
2021-06-21 09:22:39,3046.85,40606
2021-06-21 09:22:40,3045.5,40618
2021-06-21 09:22:41,3045.0,41009
2021-06-21 09:22:42,3044.85,41126
2021-06-21 09:22:43,3044.6,41335
2021-06-21 09:22:44,3044.55,41456
2021-06-21 09:22:45,3043.4,41490
2021-06-21 09:22:46,3043.35,41498
2021-06-21 09:22:47,3043.9,41604
2021-06-21 09:22:48,3044.0,41619
2021-06-21 09:22:49,3044.0,41624
2021-06-21 09:22:50,3042.55,41659
2021-06-21 09:22:52,3043.95,41687
2021-06-21 09:22:53,3043.95,41687
2021-06-21 09:22:54,3043.95,41687
2021-06-21 09:22:55,3042.25,41715
2021-06-21 09:22:56,3042.4,41766
2021-06-21 09:22:57,3042.4,41766
2021-06-21 09:22:58,3043.0,41803
2021-06-21 09:23:00,3042.35,41863
2021-06-21 09:23:01,3042.35,41863
2021-06-21 09:23:02,3042.65,41872
2021-06-21 09:23:03,3044.0,41928
2021-06-21 09:23:04,3042.6,41943
2021-06-21 09:23:05,3043.8,41953
2021-06-21 09:23:06,3042.65,41966
2021-06-21 09:23:07,3042.65,42010
2021-06-21 09:23:08,3044.55,42246
2021-06-21 09:23:09,3042.4,42306
2021-06-21 09:23:10,3042.35,42331
2021-06-21 09:23:10,3042.35,42331
2021-06-21 09:23:11,3042.35,42331
2021-06-21 09:23:12,3044.0,42336
2021-06-21 09:23:13,3044.0,42381
2021-06-21 09:23:14,3044.3,42388
2021-06-21 09:23:15,3044.3,42388
2021-06-21 09:23:16,3044.3,42388
2021-06-21 09:23:17,3044.3,42388
2021-06-21 09:23:18,3043.7,42426
2021-06-21 09:23:20,3043.7,42426
2021-06-21 09:23:22,3043.45,42896
2021-06-21 09:23:23,3042.45,42948
2021-06-21 09:23:24,3043.7,42951
2021-06-21 09:23:25,3043.7,42961
2021-06-21 09:23:26,3044.3,43093
2021-06-21 09:23:27,3044.2,43138
2021-06-21 09:23:28,3044.2,43138
2021-06-21 09:23:29,3044.0,43148
2021-06-21 09:23:30,3044.0,43148
2021-06-21 09:23:30,3044.0,43148
2021-06-21 09:23:31,3043.85,43189
2021-06-21 09:23:32,3042.75,43263
2021-06-21 09:23:33,3043.85,43273
2021-06-21 09:23:34,3043.85,43276
2021-06-21 09:23:35,3043.85,43276
2021-06-21 09:23:36,3043.9,43302
2021-06-21 09:23:37,3043.9,43302
2021-06-21 09:23:38,3043.85,43361
2021-06-21 09:23:39,3045.5,43812
2021-06-21 09:23:40,3045.5,43814
2021-06-21 09:23:41,3045.5,43955
2021-06-21 09:23:42,3044.6,43958
2021-06-21 09:23:43,3044.55,43980
2021-06-21 09:23:44,3045.55,44176
2021-06-21 09:23:45,3045.6,44183
2021-06-21 09:23:46,3045.6,44207
2021-06-21 09:23:47,3045.6,44227
2021-06-21 09:23:48,3046.95,44282
2021-06-21 09:23:49,3045.75,44291
2021-06-21 09:23:50,3046.95,44321
2021-06-21 09:23:51,3045.9,44477
2021-06-21 09:23:52,3045.95,44578
2021-06-21 09:23:53,3046.0,44626
2021-06-21 09:23:54,3046.0,44626
2021-06-21 09:23:55,3045.95,44799
2021-06-21 09:23:56,3045.95,44820
2021-06-21 09:23:57,3046.5,44826
2021-06-21 09:23:58,3045.3,45226
2021-06-21 09:23:59,3045.6,45288
2021-06-21 09:24:01,3045.2,45301
2021-06-21 09:24:02,3045.2,45301
2021-06-21 09:24:03,3045.2,45308
2021-06-21 09:24:04,3045.0,45327
2021-06-21 09:24:05,3045.95,45432
2021-06-21 09:24:06,3045.0,45445
2021-06-21 09:24:07,3043.85,45538
2021-06-21 09:24:07,3045.0,45539
2021-06-21 09:24:10,3043.6,45586
2021-06-21 09:24:11,3044.55,45587
2021-06-21 09:24:12,3043.5,45589
2021-06-21 09:24:13,3043.5,45591
2021-06-21 09:24:14,3043.85,45613
2021-06-21 09:24:15,3042.0,45639
2021-06-21 09:24:16,3041.6,46013
2021-06-21 09:24:17,3039.7,46107
2021-06-21 09:24:18,3038.45,46122
2021-06-21 09:24:19,3038.05,46402
2021-06-21 09:24:20,3038.15,46428
2021-06-21 09:24:21,3038.15,46428
2021-06-21 09:24:22,3038.15,46428
2021-06-21 09:24:23,3039.35,46534
2021-06-21 09:24:24,3039.05,46890
2021-06-21 09:24:25,3039.5,46909
2021-06-21 09:24:26,3039.5,46909
2021-06-21 09:24:27,3042.25,46921
2021-06-21 09:24:28,3041.1,46940
2021-06-21 09:24:30,3042.3,47026
2021-06-21 09:24:34,3043.25,47062
2021-06-21 09:24:40,3043.9,47094
2021-06-21 09:24:41,3046.0,47197
2021-06-21 09:24:42,3044.5,47240
2021-06-21 09:24:43,3045.95,47241
2021-06-21 09:24:44,3045.95,47241
2021-06-21 09:24:45,3044.1,47294
2021-06-21 09:24:46,3045.7,47393
2021-06-21 09:24:47,3045.15,47413
2021-06-21 09:24:48,3045.15,47414
2021-06-21 09:24:49,3046.0,47464
2021-06-21 09:24:50,3046.0,47465
2021-06-21 09:24:51,3045.1,47473
2021-06-21 09:24:52,3046.0,47500
2021-06-21 09:24:53,3045.2,47551
2021-06-21 09:24:54,3046.0,47554
2021-06-21 09:24:55,3046.7,47632
2021-06-21 09:24:56,3046.7,47632
2021-06-21 09:24:57,3046.8,47780
2021-06-21 09:24:58,3046.65,47792
2021-06-21 09:24:59,3046.65,47802
2021-06-21 09:24:59,3045.15,47825
2021-06-21 09:25:01,3046.55,47839
2021-06-21 09:25:01,3046.55,47864
2021-06-21 09:25:02,3045.15,47875
2021-06-21 09:25:03,3046.45,47952
2021-06-21 09:25:04,3046.0,47977
2021-06-21 09:25:06,3045.3,49026
2021-06-21 09:25:07,3045.35,49111
2021-06-21 09:25:08,3044.15,49117
2021-06-21 09:25:09,3045.2,49130
2021-06-21 09:25:09,3045.2,49131
2021-06-21 09:25:10,3044.3,49137
2021-06-21 09:25:11,3045.05,49144
2021-06-21 09:25:13,3045.05,49303
2021-06-21 09:25:14,3044.1,49305
2021-06-21 09:25:15,3042.9,49483
2021-06-21 09:25:16,3042.9,49513
2021-06-21 09:25:17,3043.3,49540
2021-06-21 09:25:18,3043.0,49623
2021-06-21 09:25:19,3043.45,49637
2021-06-21 09:25:20,3042.3,49644
2021-06-21 09:25:21,3042.3,49644
2021-06-21 09:25:22,3042.3,49644
2021-06-21 09:25:24,3043.75,49660
2021-06-21 09:25:25,3044.1,49665
2021-06-21 09:25:26,3044.15,49671
2021-06-21 09:25:28,3045.95,49848
2021-06-21 09:25:30,3046.5,49993
2021-06-21 09:25:31,3046.95,50527
2021-06-21 09:25:35,3046.0,50661
2021-06-21 09:25:36,3046.1,50664
2021-06-21 09:25:37,3045.0,50770
2021-06-21 09:25:39,3046.0,50783
2021-06-21 09:25:40,3046.0,50783
2021-06-21 09:25:41,3046.0,50820
2021-06-21 09:25:42,3046.0,50821
2021-06-21 09:25:43,3044.8,50868
2021-06-21 09:25:44,3044.5,50870
2021-06-21 09:25:46,3044.9,50883
2021-06-21 09:25:47,3044.9,50884
2021-06-21 09:25:48,3044.9,50967
2021-06-21 09:25:49,3044.8,50969
2021-06-21 09:25:50,3046.0,50972
2021-06-21 09:25:51,3044.8,50974
2021-06-21 09:25:52,3044.8,50974
2021-06-21 09:25:53,3044.8,50974
2021-06-21 09:25:54,3046.0,50978
2021-06-21 09:25:55,3046.0,50988
2021-06-21 09:25:56,3046.0,50992
2021-06-21 09:25:57,3046.0,50992
2021-06-21 09:25:58,3046.0,51003
2021-06-21 09:25:59,3045.05,51013
2021-06-21 09:26:00,3046.0,51018
2021-06-21 09:26:02,3046.0,51081
2021-06-21 09:26:03,3046.0,51081
2021-06-21 09:26:04,3046.0,51084
2021-06-21 09:26:06,3045.95,51145
2021-06-21 09:26:05,3046.0,51094
2021-06-21 09:26:07,3044.4,51218
2021-06-21 09:26:08,3044.5,51219
2021-06-21 09:26:09,3045.9,51220
2021-06-21 09:26:10,3045.9,51220
2021-06-21 09:26:11,3045.0,51240
2021-06-21 09:26:12,3045.0,51240
2021-06-21 09:26:13,3045.0,51243
2021-06-21 09:26:14,3044.65,51260
2021-06-21 09:26:15,3044.0,51344
2021-06-21 09:26:16,3044.0,51377
2021-06-21 09:26:17,3044.0,51401
2021-06-21 09:26:18,3044.0,51411
2021-06-21 09:26:19,3044.4,51465
2021-06-21 09:26:20,3044.5,51470
2021-06-21 09:26:21,3044.5,51470
2021-06-21 09:26:22,3044.5,51470
2021-06-21 09:26:23,3044.35,51472
2021-06-21 09:26:24,3043.9,51477
2021-06-21 09:26:25,3044.35,51566
2021-06-21 09:26:26,3044.1,51599
2021-06-21 09:26:27,3044.1,51599
2021-06-21 09:26:28,3044.1,51599
2021-06-21 09:26:29,3044.65,51609
2021-06-21 09:26:30,3044.65,51609
2021-06-21 09:26:31,3044.65,51609
2021-06-21 09:26:32,3044.65,51624
2021-06-21 09:26:33,3044.65,51624
2021-06-21 09:26:34,3045.0,51629
2021-06-21 09:26:35,3044.35,51630
2021-06-21 09:26:36,3044.35,51630
2021-06-21 09:26:37,3044.35,51630
2021-06-21 09:26:38,3044.35,51630
2021-06-21 09:26:39,3044.35,51630
2021-06-21 09:26:40,3045.0,51633
2021-06-21 09:26:41,3043.8,51663
2021-06-21 09:26:42,3043.8,51663
2021-06-21 09:26:43,3043.8,51663
2021-06-21 09:26:44,3045.0,51666
2021-06-21 09:26:45,3043.95,51683
2021-06-21 09:26:46,3043.95,51683
2021-06-21 09:26:47,3044.9,51715
2021-06-21 09:26:48,3044.9,51715
2021-06-21 09:26:49,3044.7,51726
2021-06-21 09:26:50,3044.7,51726
2021-06-21 09:26:51,3044.7,51726
2021-06-21 09:26:52,3043.55,51727
2021-06-21 09:26:53,3043.55,51727
2021-06-21 09:26:54,3044.4,51797
2021-06-21 09:26:55,3044.7,51798
2021-06-21 09:26:56,3044.7,51798
2021-06-21 09:26:57,3044.7,51798
2021-06-21 09:26:58,3043.6,51899
2021-06-21 09:26:59,3044.45,51978
2021-06-21 09:27:00,3044.45,51978
2021-06-21 09:27:01,3044.45,51978
2021-06-21 09:27:02,3044.95,52149
2021-06-21 09:27:03,3044.0,52201
2021-06-21 09:27:04,3044.35,52517
2021-06-21 09:27:05,3045.9,52518
2021-06-21 09:27:06,3044.45,52569
2021-06-21 09:27:07,3044.45,52569
2021-06-21 09:27:08,3045.95,52573
2021-06-21 09:27:09,3045.95,52573
2021-06-21 09:27:10,3045.0,52590
2021-06-21 09:27:11,3044.25,52628
2021-06-21 09:27:12,3044.25,52628
2021-06-21 09:27:13,3044.25,52628
2021-06-21 09:27:14,3045.0,52638
2021-06-21 09:27:15,3045.0,52639
2021-06-21 09:27:16,3045.0,52639
2021-06-21 09:27:17,3045.0,52648
2021-06-21 09:27:19,3044.0,52654
2021-06-21 09:27:20,3044.0,52660
2021-06-21 09:27:21,3044.25,52669
2021-06-21 09:27:22,3044.0,52684
2021-06-21 09:27:23,3044.0,52686
2021-06-21 09:27:24,3044.25,52706
2021-06-21 09:27:32,3046.8,53762
2021-06-21 09:27:33,3048.45,54851
2021-06-21 09:27:34,3048.45,54898
2021-06-21 09:27:35,3047.5,54929
2021-06-21 09:27:36,3048.6,54933
2021-06-21 09:27:37,3048.65,54968
2021-06-21 09:27:38,3048.75,54998
2021-06-21 09:27:39,3049.5,55000
2021-06-21 09:27:40,3049.7,55582
2021-06-21 09:27:41,3048.95,55658
2021-06-21 09:27:42,3049.9,55745
2021-06-21 09:27:43,3049.9,55796
2021-06-21 09:27:44,3049.5,55829
2021-06-21 09:27:45,3048.15,55837
2021-06-21 09:27:46,3049.4,55912
2021-06-21 09:27:47,3050.0,56392
2021-06-21 09:27:48,3049.2,56456
2021-06-21 09:27:49,3047.5,56463
2021-06-21 09:27:50,3049.05,56471
2021-06-21 09:27:51,3049.35,56501
2021-06-21 09:27:52,3049.95,56505
2021-06-21 09:27:53,3050.05,56603
2021-06-21 09:27:54,3051.5,56813
2021-06-21 09:27:55,3050.35,56840
2021-06-21 09:27:57,3051.2,56858
2021-06-21 09:27:58,3051.4,56877
2021-06-21 09:27:59,3051.95,57087
2021-06-21 09:28:00,3051.7,57088
2021-06-21 09:28:01,3051.7,57089
2021-06-21 09:28:02,3052.0,57125
2021-06-21 09:28:03,3052.0,57163
2021-06-21 09:28:04,3052.45,57193
2021-06-21 09:28:05,3053.9,57194
2021-06-21 09:28:06,3052.4,57295
2021-06-21 09:28:07,3053.6,57311
2021-06-21 09:28:08,3053.8,57321
2021-06-21 09:28:10,3051.5,57801
2021-06-21 09:28:11,3050.0,57896
2021-06-21 09:28:12,3050.0,58054
2021-06-21 09:28:13,3049.4,58102
2021-06-21 09:28:14,3050.0,58139
2021-06-21 09:28:15,3050.15,58142
2021-06-21 09:28:16,3049.4,58143
2021-06-21 09:28:17,3050.0,58205
2021-06-21 09:28:18,3049.4,58258
2021-06-21 09:28:19,3049.2,58439
2021-06-21 09:28:20,3051.75,58605
2021-06-21 09:28:21,3051.75,58605
2021-06-21 09:28:22,3051.75,58606
2021-06-21 09:28:23,3050.65,58620
2021-06-21 09:28:24,3052.15,58636
2021-06-21 09:28:25,3052.25,58714
2021-06-21 09:28:26,3050.95,58717
2021-06-21 09:28:27,3052.15,58744
2021-06-21 09:28:28,3051.5,58823
2021-06-21 09:28:29,3052.65,58826
2021-06-21 09:28:30,3052.7,58828
2021-06-21 09:28:31,3053.0,58847
2021-06-21 09:28:32,3053.0,58876
2021-06-21 09:28:33,3053.65,59005
2021-06-21 09:28:34,3053.9,59036
2021-06-21 09:28:35,3055.35,59574
2021-06-21 09:28:36,3055.35,59622
2021-06-21 09:28:37,3053.35,59659
2021-06-21 09:28:40,3054.7,59857
2021-06-21 09:28:39,3052.95,59853
2021-06-21 09:28:41,3055.25,59878
2021-06-21 09:28:42,3053.65,59905
2021-06-21 09:28:43,3055.2,60075
2021-06-21 09:28:44,3053.65,60077
2021-06-21 09:28:45,3055.3,60156
2021-06-21 09:28:46,3053.2,60347
2021-06-21 09:28:47,3053.3,60350
2021-06-21 09:28:48,3053.65,60354
2021-06-21 09:28:49,3054.85,60421
2021-06-21 09:28:50,3054.85,60421
2021-06-21 09:28:51,3054.9,60474
2021-06-21 09:28:52,3055.95,60988
2021-06-21 09:28:53,3055.9,61018
2021-06-21 09:28:54,3056.0,61106
2021-06-21 09:28:55,3057.0,61152
2021-06-21 09:28:56,3056.0,61312
2021-06-21 09:28:57,3056.0,61313
2021-06-21 09:28:58,3056.0,61769
2021-06-21 09:28:59,3056.0,61832
2021-06-21 09:29:00,3057.0,61839
2021-06-21 09:29:01,3056.0,61964
2021-06-21 09:29:02,3055.2,61994
2021-06-21 09:29:03,3056.0,62032
2021-06-21 09:29:04,3057.0,62076
2021-06-21 09:29:05,3057.0,62082
2021-06-21 09:29:06,3056.05,62185
2021-06-21 09:29:07,3056.9,62271
2021-06-21 09:29:08,3057.0,62272
2021-06-21 09:29:09,3057.5,62356
2021-06-21 09:29:10,3057.95,62436
2021-06-21 09:29:11,3057.05,62465
2021-06-21 09:29:12,3057.95,62510
2021-06-21 09:29:13,3057.95,62510
2021-06-21 09:29:14,3059.0,62762
2021-06-21 09:29:15,3059.05,62767
2021-06-21 09:29:16,3059.65,63053
2021-06-21 09:29:17,3059.9,63165
2021-06-21 09:29:18,3059.1,63204
2021-06-21 09:29:19,3059.1,63243
2021-06-21 09:29:20,3058.25,63293
2021-06-21 09:29:21,3059.4,63346
2021-06-21 09:29:22,3059.5,63408
2021-06-21 09:29:23,3057.95,63433
2021-06-21 09:29:24,3059.25,63551
2021-06-21 09:29:25,3059.0,63691
2021-06-21 09:29:26,3057.9,63756
2021-06-21 09:29:27,3059.0,63823
2021-06-21 09:29:28,3058.9,63845
2021-06-21 09:29:29,3058.9,63845
2021-06-21 09:29:30,3059.0,63940
2021-06-21 09:29:31,3058.05,63957
2021-06-21 09:29:32,3058.05,63991
2021-06-21 09:29:33,3058.0,64249
2021-06-21 09:29:34,3057.1,64296
2021-06-21 09:29:35,3057.05,64335
2021-06-21 09:29:36,3058.75,64479
2021-06-21 09:29:37,3059.0,64599
2021-06-21 09:29:38,3059.25,64794
2021-06-21 09:29:39,3060.8,65265
2021-06-21 09:29:40,3060.0,65304
2021-06-21 09:29:42,3058.7,65441
2021-06-21 09:29:43,3058.7,65473
2021-06-21 09:29:46,3062.65,66098
2021-06-21 09:29:48,3062.3,66232
2021-06-21 09:29:49,3059.9,66397
2021-06-21 09:29:49,3062.25,66427
2021-06-21 09:29:50,3062.1,66474
2021-06-21 09:29:51,3060.4,66565
2021-06-21 09:29:52,3061.0,66589
2021-06-21 09:29:53,3060.0,66915
2021-06-21 09:29:54,3060.4,66927
2021-06-21 09:29:55,3059.65,67169
2021-06-21 09:29:56,3061.0,67409
2021-06-21 09:29:57,3061.0,67410
2021-06-21 09:29:58,3061.0,67508
2021-06-21 09:29:59,3060.05,67659
2021-06-21 09:30:00,3060.0,67986
2021-06-21 09:30:01,3060.55,68119
2021-06-21 09:30:02,3060.25,68141
2021-06-21 09:30:03,3060.0,68213
2021-06-21 09:30:04,3060.5,68420
2021-06-21 09:30:05,3060.05,68562
2021-06-21 09:30:06,3060.45,68616
2021-06-21 09:30:07,3058.0,68700
2021-06-21 09:30:08,3058.0,68832
2021-06-21 09:30:09,3059.4,68894
2021-06-21 09:30:10,3059.5,68918
2021-06-21 09:30:11,3058.3,68925
2021-06-21 09:30:12,3058.35,68936
2021-06-21 09:30:13,3060.55,68940
2021-06-21 09:30:14,3059.95,68966
2021-06-21 09:30:17,3058.75,69607
2021-06-21 09:30:18,3059.9,69662
2021-06-21 09:30:19,3060.0,69790
2021-06-21 09:30:20,3059.4,70209
2021-06-21 09:30:21,3059.95,70222
2021-06-21 09:30:22,3060.0,70734
2021-06-21 09:30:23,3060.05,70801
2021-06-21 09:30:24,3060.05,70880
2021-06-21 09:30:25,3060.05,70880
2021-06-21 09:30:26,3059.4,70941
2021-06-21 09:30:27,3060.0,71030
2021-06-21 09:30:31,3059.45,71092
2021-06-21 09:30:32,3059.4,71274
2021-06-21 09:30:33,3059.4,71379
2021-06-21 09:30:34,3060.05,71473
2021-06-21 09:30:35,3060.5,71499
2021-06-21 09:30:36,3061.0,71508
2021-06-21 09:30:37,3060.35,72046
2021-06-21 09:30:38,3062.0,72079
2021-06-21 09:30:39,3061.0,72089
2021-06-21 09:30:40,3059.4,72562
2021-06-21 09:30:41,3059.85,72564
2021-06-21 09:30:42,3060.0,72610
2021-06-21 09:30:43,3061.0,72652
2021-06-21 09:30:44,3061.0,72678
2021-06-21 09:30:45,3060.95,72731
2021-06-21 09:30:46,3060.0,72771
2021-06-21 09:30:47,3061.0,72891
2021-06-21 09:30:48,3061.0,73514
2021-06-21 09:30:49,3061.0,73698
2021-06-21 09:30:50,3061.0,73726
2021-06-21 09:30:51,3061.0,73944
2021-06-21 09:30:52,3061.05,73983
2021-06-21 09:30:53,3062.35,73999
2021-06-21 09:30:54,3061.05,74026
2021-06-21 09:30:55,3062.8,74611
2021-06-21 09:30:56,3064.6,74716
2021-06-21 09:30:57,3064.7,74918
2021-06-21 09:30:58,3065.95,75569
2021-06-21 09:30:59,3064.7,75826
2021-06-21 09:31:00,3064.0,76127
2021-06-21 09:31:02,3062.7,76328
2021-06-21 09:31:03,3063.5,76369
2021-06-21 09:31:04,3063.9,76695
2021-06-21 09:31:05,3063.65,76749
2021-06-21 09:31:06,3061.35,76810
2021-06-21 09:31:07,3063.3,77006
2021-06-21 09:31:08,3063.2,77018
2021-06-21 09:31:09,3062.5,77320
2021-06-21 09:31:10,3061.35,77716
2021-06-21 09:31:11,3061.35,77747
2021-06-21 09:31:12,3062.1,78725
2021-06-21 09:31:13,3062.65,78818
2021-06-21 09:31:14,3061.5,78865
2021-06-21 09:31:15,3060.5,79014
2021-06-21 09:31:16,3062.0,79074
2021-06-21 09:31:17,3061.95,79098
2021-06-21 09:31:18,3061.35,79276
2021-06-21 09:31:19,3061.95,79288
2021-06-21 09:31:21,3061.0,79337
2021-06-21 09:31:22,3061.35,79370
2021-06-21 09:31:23,3061.35,79371
2021-06-21 09:31:24,3061.35,79409
2021-06-21 09:31:25,3061.35,79411
2021-06-21 09:31:26,3061.35,79461
2021-06-21 09:31:27,3061.95,79492
2021-06-21 09:31:28,3061.0,79504
2021-06-21 09:31:29,3060.6,79549
2021-06-21 09:31:30,3060.5,79597
2021-06-21 09:31:31,3060.5,79966
2021-06-21 09:31:32,3060.5,79966
2021-06-21 09:31:33,3060.5,80118
2021-06-21 09:31:34,3060.5,80136
2021-06-21 09:31:36,3060.5,81448
2021-06-21 09:31:37,3061.8,81511
2021-06-21 09:31:39,3058.35,83535
2021-06-21 09:31:40,3058.8,83744
2021-06-21 09:31:41,3058.8,83801
2021-06-21 09:31:42,3058.05,83993
2021-06-21 09:31:43,3057.6,84022
2021-06-21 09:31:45,3060.0,84061
2021-06-21 09:31:46,3058.5,84079
2021-06-21 09:31:47,3057.6,84090
2021-06-21 09:31:48,3057.6,84090
2021-06-21 09:31:49,3059.6,84091
2021-06-21 09:31:50,3055.0,86929
2021-06-21 09:31:51,3053.2,87071
2021-06-21 09:31:52,3054.65,87319
2021-06-21 09:31:53,3054.85,87320
2021-06-21 09:31:54,3054.6,87478
2021-06-21 09:31:55,3055.8,87506
2021-06-21 09:31:56,3054.7,87507
2021-06-21 09:31:57,3055.85,87542
2021-06-21 09:31:58,3057.45,87644
2021-06-21 09:31:59,3057.45,87646
2021-06-21 09:32:00,3056.55,87664
2021-06-21 09:32:01,3058.35,87683
2021-06-21 09:32:02,3058.75,87763
2021-06-21 09:32:04,3059.0,87920
2021-06-21 09:32:05,3058.95,88014
2021-06-21 09:32:06,3059.5,88024
2021-06-21 09:32:07,3058.05,88037
2021-06-21 09:32:08,3059.75,88160
2021-06-21 09:32:09,3059.75,88180
2021-06-21 09:32:10,3059.75,88180
2021-06-21 09:32:11,3060.0,88186
2021-06-21 09:32:12,3060.0,88196
2021-06-21 09:32:13,3060.0,88212
2021-06-21 09:32:14,3058.35,88303
2021-06-21 09:32:15,3058.55,88401
2021-06-21 09:32:16,3057.35,88514
2021-06-21 09:32:17,3057.65,88601
2021-06-21 09:32:18,3057.65,88603
2021-06-21 09:32:19,3057.7,88608
2021-06-21 09:32:20,3058.4,88653
2021-06-21 09:32:21,3058.3,88658
2021-06-21 09:32:22,3058.35,88659
2021-06-21 09:32:23,3058.35,88659
2021-06-21 09:32:24,3058.4,88661
2021-06-21 09:32:25,3058.3,88677
2021-06-21 09:32:26,3057.65,88690
2021-06-21 09:32:28,3056.7,88695
2021-06-21 09:32:30,3056.7,88695
2021-06-21 09:32:31,3056.7,88695
2021-06-21 09:32:32,3058.0,88696
2021-06-21 09:32:34,3058.4,88752
2021-06-21 09:32:35,3057.2,88778
2021-06-21 09:32:35,3057.2,88778
2021-06-21 09:32:36,3058.5,88795
2021-06-21 09:32:37,3058.9,88805
2021-06-21 09:32:38,3058.75,88812
2021-06-21 09:32:39,3058.75,88837
2021-06-21 09:32:40,3058.7,88840
2021-06-21 09:32:41,3057.7,88843
2021-06-21 09:32:42,3059.15,88849
2021-06-21 09:32:43,3059.15,88849
2021-06-21 09:32:44,3057.45,88857
2021-06-21 09:32:45,3058.95,88868
2021-06-21 09:32:51,3057.45,89023
2021-06-21 09:32:52,3058.5,89054
2021-06-21 09:32:53,3058.65,89058
2021-06-21 09:32:54,3058.7,89060
2021-06-21 09:32:56,3057.0,89189
2021-06-21 09:32:57,3057.5,89218
2021-06-21 09:32:58,3058.0,89498
2021-06-21 09:32:59,3058.0,89505
2021-06-21 09:33:00,3056.65,89529
2021-06-21 09:33:01,3057.95,89530
2021-06-21 09:33:03,3056.3,89531
2021-06-21 09:33:04,3056.0,89537
2021-06-21 09:33:04,3056.0,89537
2021-06-21 09:33:05,3057.65,89542
2021-06-21 09:33:06,3057.0,89612
2021-06-21 09:33:07,3058.45,89618
2021-06-21 09:33:08,3058.45,89618
2021-06-21 09:33:10,3058.7,89654
2021-06-21 09:33:11,3056.5,89774
2021-06-21 09:33:12,3057.2,89809
2021-06-21 09:33:13,3057.2,89812
2021-06-21 09:33:14,3058.0,89837
2021-06-21 09:33:15,3058.7,89843
2021-06-21 09:33:16,3057.7,89885
2021-06-21 09:33:17,3058.9,89894
2021-06-21 09:33:18,3058.7,89895
2021-06-21 09:33:20,3058.9,89898
2021-06-21 09:33:22,3058.0,89907
2021-06-21 09:33:23,3058.9,89908
2021-06-21 09:33:24,3059.0,89941
2021-06-21 09:33:25,3058.9,89946
2021-06-21 09:33:26,3058.9,89946
2021-06-21 09:33:26,3058.9,89946
2021-06-21 09:33:27,3058.15,89955
2021-06-21 09:33:28,3059.0,89956
2021-06-21 09:33:29,3059.0,89956
2021-06-21 09:33:31,3058.3,89998
2021-06-21 09:33:32,3057.35,90075
2021-06-21 09:33:33,3058.95,90085
2021-06-21 09:33:34,3058.95,90085
2021-06-21 09:33:35,3058.95,90085
2021-06-21 09:33:36,3059.0,90089
2021-06-21 09:33:37,3059.0,90089
2021-06-21 09:33:38,3058.05,90169
2021-06-21 09:33:40,3058.95,90280
2021-06-21 09:33:41,3058.95,90282
2021-06-21 09:33:42,3058.95,90284
2021-06-21 09:33:42,3058.95,90286
2021-06-21 09:33:43,3059.0,90366
2021-06-21 09:33:44,3059.0,90368
2021-06-21 09:33:45,3058.2,90378
2021-06-21 09:33:46,3057.9,90392
2021-06-21 09:33:47,3059.0,90395
2021-06-21 09:33:48,3059.0,90417
2021-06-21 09:33:49,3059.0,90419
2021-06-21 09:33:52,3059.0,90424
2021-06-21 09:33:53,3059.0,90427
2021-06-21 09:33:54,3059.0,90429
2021-06-21 09:33:55,3059.0,90432
2021-06-21 09:33:56,3059.0,90434
2021-06-21 09:33:57,3059.0,90439
2021-06-21 09:33:58,3059.0,90449
2021-06-21 09:33:59,3059.0,90454
2021-06-21 09:34:00,3058.9,90457
2021-06-21 09:34:01,3058.9,90462
2021-06-21 09:34:02,3058.9,90462
2021-06-21 09:34:03,3058.9,90464
2021-06-21 09:34:03,3058.9,90464
2021-06-21 09:34:04,3058.9,90464
2021-06-21 09:34:05,3058.0,90471
2021-06-21 09:34:07,3058.1,90479
2021-06-21 09:34:08,3058.1,90479
2021-06-21 09:34:09,3058.9,90483
2021-06-21 09:34:10,3058.9,90510
2021-06-21 09:34:11,3058.9,90515
2021-06-21 09:34:12,3058.9,90515
2021-06-21 09:34:13,3058.35,90525
2021-06-21 09:34:14,3058.35,90527
2021-06-21 09:34:15,3058.35,90533
2021-06-21 09:34:16,3058.35,90559
2021-06-21 09:34:17,3058.35,90559
2021-06-21 09:34:18,3058.9,90578
2021-06-21 09:34:19,3058.9,90579
2021-06-21 09:34:20,3058.9,90581
2021-06-21 09:34:21,3058.35,90582
2021-06-21 09:34:22,3055.95,90935
2021-06-21 09:34:23,3055.0,90955
2021-06-21 09:34:25,3056.1,90980
2021-06-21 09:34:26,3057.35,91001
2021-06-21 09:34:27,3055.65,91029
2021-06-21 09:34:28,3055.35,91032
2021-06-21 09:34:29,3055.35,91032
2021-06-21 09:34:31,3056.2,91066
2021-06-21 09:34:32,3056.3,91090
2021-06-21 09:34:33,3056.3,91090
2021-06-21 09:34:34,3058.5,91290
2021-06-21 09:34:35,3056.8,91329
2021-06-21 09:34:36,3057.2,91337
2021-06-21 09:34:37,3057.3,91392
2021-06-21 09:34:38,3055.8,91409
2021-06-21 09:34:39,3055.8,91409
2021-06-21 09:34:40,3055.8,91409
2021-06-21 09:34:41,3057.15,91419
2021-06-21 09:34:42,3057.25,91420
2021-06-21 09:34:43,3057.25,91421
2021-06-21 09:34:44,3055.7,91521
2021-06-21 09:34:44,3055.7,91521
2021-06-21 09:34:45,3057.2,91557
2021-06-21 09:34:46,3055.95,91582
2021-06-21 09:34:47,3057.9,91793
2021-06-21 09:34:48,3057.9,91793
2021-06-21 09:34:49,3057.9,91793
2021-06-21 09:34:50,3057.0,91800
2021-06-21 09:34:51,3055.9,91843
2021-06-21 09:34:52,3055.9,91843
2021-06-21 09:34:53,3056.05,91871
2021-06-21 09:34:55,3056.3,91894
2021-06-21 09:34:56,3056.1,91909
2021-06-21 09:34:57,3057.0,91940
2021-06-21 09:34:58,3056.95,91961
2021-06-21 09:35:02,3056.4,92177
2021-06-21 09:35:03,3056.4,92177
2021-06-21 09:35:05,3056.5,92191
2021-06-21 09:35:06,3055.0,92244
2021-06-21 09:35:07,3056.55,92344
2021-06-21 09:35:08,3056.05,92367
2021-06-21 09:35:09,3056.05,92414
2021-06-21 09:35:10,3056.05,92417
2021-06-21 09:35:11,3056.05,92417
2021-06-21 09:35:12,3056.05,92417
2021-06-21 09:35:13,3056.05,92419
2021-06-21 09:35:14,3056.05,92419
2021-06-21 09:35:15,3055.05,92429
2021-06-21 09:35:16,3056.05,92430
2021-06-21 09:35:17,3055.05,92439
2021-06-21 09:35:18,3055.05,92439
2021-06-21 09:35:19,3056.05,92478
2021-06-21 09:35:20,3055.05,92483
2021-06-21 09:35:21,3056.05,92484
2021-06-21 09:35:23,3056.05,92496
2021-06-21 09:35:27,3056.0,92667
2021-06-21 09:35:28,3055.5,92700
2021-06-21 09:35:29,3055.5,92726
2021-06-21 09:35:31,3054.05,94107
2021-06-21 09:35:32,3055.45,94129
2021-06-21 09:35:34,3055.0,94385
2021-06-21 09:35:34,3055.0,94385
2021-06-21 09:35:36,3055.4,94406
2021-06-21 09:35:37,3054.0,94430
2021-06-21 09:35:39,3054.0,94439
2021-06-21 09:35:40,3055.0,94441
2021-06-21 09:35:41,3055.45,94549
2021-06-21 09:35:42,3056.0,94644
2021-06-21 09:35:43,3055.9,94755
2021-06-21 09:35:43,3054.25,94744
2021-06-21 09:35:44,3055.75,94761
2021-06-21 09:35:45,3055.7,94822
2021-06-21 09:35:46,3055.5,94844
2021-06-21 09:35:47,3055.5,94844
2021-06-21 09:35:48,3055.75,94845
2021-06-21 09:35:49,3055.75,94848
2021-06-21 09:35:50,3055.4,94859
2021-06-21 09:35:52,3055.4,94859
2021-06-21 09:35:53,3055.4,94859
2021-06-21 09:35:54,3055.9,94889
2021-06-21 09:35:55,3055.75,94926
2021-06-21 09:35:56,3055.75,94926
2021-06-21 09:35:56,3055.75,94926
2021-06-21 09:35:58,3055.75,94926
2021-06-21 09:36:00,3055.2,94931
2021-06-21 09:36:02,3056.0,94961
2021-06-21 09:36:03,3055.2,95087
2021-06-21 09:36:04,3055.2,95114
2021-06-21 09:36:05,3056.0,95115
2021-06-21 09:36:06,3056.0,95116
2021-06-21 09:36:07,3055.95,95131
2021-06-21 09:36:08,3055.95,95131
2021-06-21 09:36:09,3055.0,95132
2021-06-21 09:36:10,3056.0,95223
2021-06-21 09:36:11,3056.0,95223
2021-06-21 09:36:12,3056.0,95231
2021-06-21 09:36:13,3055.2,95236
2021-06-21 09:36:14,3055.9,95240
2021-06-21 09:36:15,3056.0,95340
2021-06-21 09:36:16,3055.0,95374
2021-06-21 09:36:17,3054.5,95375
2021-06-21 09:36:18,3055.9,95380
2021-06-21 09:36:19,3055.9,95380
2021-06-21 09:36:20,3055.95,95580
2021-06-21 09:36:20,3056.0,95581
2021-06-21 09:36:21,3055.1,95596
2021-06-21 09:36:23,3054.5,95646
2021-06-21 09:36:24,3054.7,95648
2021-06-21 09:36:27,3054.6,95818
2021-06-21 09:36:28,3054.6,95818
2021-06-21 09:36:29,3055.95,95819
2021-06-21 09:36:30,3055.95,95819
2021-06-21 09:36:31,3055.95,95827
2021-06-21 09:36:32,3054.5,95829
2021-06-21 09:36:33,3054.5,95829
2021-06-21 09:36:34,3054.5,95829
2021-06-21 09:36:35,3055.9,95864
2021-06-21 09:36:36,3055.9,95864
2021-06-21 09:36:37,3056.0,95865
2021-06-21 09:36:38,3055.9,95871
2021-06-21 09:36:40,3055.9,95879
2021-06-21 09:36:42,3053.05,96721
2021-06-21 09:36:42,3053.05,96721
2021-06-21 09:36:43,3053.05,96721
2021-06-21 09:36:44,3054.4,96762
2021-06-21 09:36:45,3054.4,96763
2021-06-21 09:36:46,3052.5,97060
2021-06-21 09:36:47,3052.35,97264
2021-06-21 09:36:48,3052.0,97322
2021-06-21 09:36:49,3052.0,97327
2021-06-21 09:36:50,3052.0,97356
2021-06-21 09:36:51,3052.0,97473
2021-06-21 09:36:53,3052.0,98046
2021-06-21 09:36:54,3051.25,98083
2021-06-21 09:36:55,3052.0,98085
2021-06-21 09:36:56,3052.0,98089
2021-06-21 09:36:57,3052.0,98089
2021-06-21 09:36:58,3052.0,98104
2021-06-21 09:36:59,3052.0,98124
2021-06-21 09:37:00,3052.0,98124
2021-06-21 09:37:01,3052.0,98124
2021-06-21 09:37:02,3053.45,98136
2021-06-21 09:37:03,3053.45,98141
2021-06-21 09:37:04,3053.45,98141
2021-06-21 09:37:05,3053.0,98167
2021-06-21 09:37:06,3052.9,98173
2021-06-21 09:37:07,3052.9,98173
2021-06-21 09:37:08,3053.6,98238
2021-06-21 09:37:09,3052.15,98257
2021-06-21 09:37:10,3052.15,98257
2021-06-21 09:37:11,3052.15,98324
2021-06-21 09:37:12,3052.05,98340
2021-06-21 09:37:13,3052.15,98343
2021-06-21 09:37:14,3052.0,98367
2021-06-21 09:37:15,3053.0,98430
2021-06-21 09:37:16,3053.0,98430
2021-06-21 09:37:17,3052.1,98443
2021-06-21 09:37:18,3052.1,98468
2021-06-21 09:37:19,3053.45,98473
2021-06-21 09:37:20,3052.1,98474
2021-06-21 09:37:21,3053.35,98488
2021-06-21 09:37:22,3053.8,98489
2021-06-21 09:37:23,3052.25,98499
2021-06-21 09:37:24,3052.15,98524
2021-06-21 09:37:27,3053.0,98527
2021-06-21 09:37:28,3052.1,98541
2021-06-21 09:37:29,3052.1,98541
2021-06-21 09:37:30,3052.1,98583
2021-06-21 09:37:31,3053.0,98603
2021-06-21 09:37:32,3053.0,98603
2021-06-21 09:37:34,3053.0,98641
2021-06-21 09:37:33,3053.0,98616
2021-06-21 09:37:35,3053.0,98642
2021-06-21 09:37:36,3053.0,98642
2021-06-21 09:37:37,3053.0,98663
2021-06-21 09:37:38,3052.8,98815
2021-06-21 09:37:39,3052.85,98849
2021-06-21 09:37:40,3052.85,98849
2021-06-21 09:37:41,3052.9,98873
2021-06-21 09:37:42,3053.0,98893
2021-06-21 09:37:43,3053.0,98900
2021-06-21 09:37:44,3053.0,98900
2021-06-21 09:37:45,3053.0,98902
2021-06-21 09:37:46,3053.0,98923
2021-06-21 09:37:47,3053.0,98923
2021-06-21 09:37:48,3053.0,98924
2021-06-21 09:37:49,3053.0,98924
2021-06-21 09:37:50,3053.0,98925
2021-06-21 09:37:51,3053.0,98925
2021-06-21 09:37:52,3052.1,98929
2021-06-21 09:37:53,3052.1,98929
2021-06-21 09:37:54,3052.1,98929
2021-06-21 09:37:55,3053.0,98944
2021-06-21 09:37:56,3052.1,98949
2021-06-21 09:37:57,3053.0,98950
2021-06-21 09:37:58,3053.0,98955
2021-06-21 09:37:59,3053.0,98978
2021-06-21 09:38:00,3053.5,99140
2021-06-21 09:38:01,3053.5,99205
2021-06-21 09:38:02,3053.5,99205
2021-06-21 09:38:03,3053.5,99207
2021-06-21 09:38:04,3053.5,99207
2021-06-21 09:38:05,3053.95,99260
2021-06-21 09:38:06,3054.0,99262
2021-06-21 09:38:08,3052.6,99374
2021-06-21 09:38:09,3052.6,99374
2021-06-21 09:38:10,3052.5,99375
2021-06-21 09:38:11,3054.0,99463
2021-06-21 09:38:12,3053.0,99490
2021-06-21 09:38:13,3053.0,99490
2021-06-21 09:38:14,3054.0,99578
2021-06-21 09:38:15,3053.0,99585
2021-06-21 09:38:16,3054.0,99628
2021-06-21 09:38:17,3053.05,99636
2021-06-21 09:38:18,3054.0,99716
2021-06-21 09:38:19,3054.95,99719
2021-06-21 09:38:20,3056.0,99921
2021-06-21 09:38:21,3055.0,99958
2021-06-21 09:38:22,3056.0,99962
2021-06-21 09:38:23,3055.95,100007
2021-06-21 09:38:24,3056.0,100502
2021-06-21 09:38:25,3055.25,100559
2021-06-21 09:38:26,3055.25,100559
2021-06-21 09:38:27,3056.05,100572
2021-06-21 09:38:28,3056.2,100677
2021-06-21 09:38:29,3056.1,100802
2021-06-21 09:38:30,3058.0,101002
2021-06-21 09:38:31,3058.0,101002
2021-06-21 09:38:32,3058.0,101002
2021-06-21 09:38:33,3058.0,101019
2021-06-21 09:38:34,3058.0,101320
2021-06-21 09:38:35,3058.0,101321
2021-06-21 09:38:36,3059.2,101543
2021-06-21 09:38:37,3059.2,101546
2021-06-21 09:38:38,3058.95,101585
2021-06-21 09:38:39,3058.95,101585
2021-06-21 09:38:40,3059.2,101590
2021-06-21 09:38:41,3059.2,101590
2021-06-21 09:38:42,3059.2,101593
2021-06-21 09:38:43,3059.0,101595
2021-06-21 09:38:44,3059.0,101603
2021-06-21 09:38:45,3059.0,101611
2021-06-21 09:38:46,3059.05,101931
2021-06-21 09:38:47,3058.05,101953
2021-06-21 09:38:48,3059.0,102070
2021-06-21 09:38:49,3059.2,102120
2021-06-21 09:38:50,3059.2,102137
2021-06-21 09:38:51,3059.0,102157
2021-06-21 09:38:52,3059.55,102245
2021-06-21 09:38:53,3059.85,102320
2021-06-21 09:38:54,3059.95,102372
2021-06-21 09:38:55,3059.95,102377
2021-06-21 09:38:56,3059.95,102380
2021-06-21 09:38:58,3060.9,102798
2021-06-21 09:38:59,3061.0,102826
2021-06-21 09:39:00,3060.6,102946
2021-06-21 09:39:01,3060.55,102984
2021-06-21 09:39:02,3060.6,103119
2021-06-21 09:39:04,3061.6,103127
2021-06-21 09:39:05,3061.3,103479
2021-06-21 09:39:06,3061.6,103495
2021-06-21 09:39:07,3063.75,103562
2021-06-21 09:39:08,3062.35,103599
2021-06-21 09:39:09,3062.35,103617
2021-06-21 09:39:10,3063.75,103721
2021-06-21 09:39:11,3064.05,104253
2021-06-21 09:39:12,3063.95,104329
2021-06-21 09:39:13,3064.0,104336
2021-06-21 09:39:14,3062.05,104566
2021-06-21 09:39:15,3063.5,104568
2021-06-21 09:39:16,3061.45,104838
2021-06-21 09:39:17,3062.3,104857
2021-06-21 09:39:18,3063.3,104987
2021-06-21 09:39:19,3062.4,105246
2021-06-21 09:39:20,3062.15,105262
2021-06-21 09:39:21,3063.0,105270
2021-06-21 09:39:23,3064.35,105837
2021-06-21 09:39:24,3062.6,105933
2021-06-21 09:39:25,3064.4,106003
2021-06-21 09:39:26,3063.0,106033
2021-06-21 09:39:27,3063.0,106033
2021-06-21 09:39:28,3064.25,106036
2021-06-21 09:39:29,3065.0,106222
2021-06-21 09:39:31,3064.3,106299
2021-06-21 09:39:32,3064.3,106421
2021-06-21 09:39:33,3065.0,106501
2021-06-21 09:39:34,3065.0,106501
2021-06-21 09:39:35,3064.05,106646
2021-06-21 09:39:36,3065.95,106733
2021-06-21 09:39:37,3065.85,106827
2021-06-21 09:39:38,3063.7,107097
2021-06-21 09:39:39,3063.7,107124
2021-06-21 09:39:40,3063.7,107124
2021-06-21 09:39:41,3065.0,107229
2021-06-21 09:39:42,3065.55,107254
2021-06-21 09:39:43,3063.6,107273
2021-06-21 09:39:44,3065.65,107622
2021-06-21 09:39:45,3063.65,107682
2021-06-21 09:39:46,3065.0,107692
2021-06-21 09:39:47,3065.7,108358
2021-06-21 09:39:48,3065.5,108405
2021-06-21 09:39:49,3064.15,108429
2021-06-21 09:39:50,3064.15,108449
2021-06-21 09:39:51,3066.0,108539
2021-06-21 09:39:52,3066.0,108539
2021-06-21 09:39:53,3066.0,108857
2021-06-21 09:39:54,3065.25,108888
2021-06-21 09:39:55,3065.5,108895
2021-06-21 09:39:56,3066.0,108928
2021-06-21 09:39:57,3065.9,109010
2021-06-21 09:39:58,3064.15,109210
2021-06-21 09:39:59,3065.85,109286
2021-06-21 09:40:00,3064.45,109334
2021-06-21 09:40:01,3064.4,109365
2021-06-21 09:40:02,3064.55,109606
2021-06-21 09:40:03,3065.9,109612
2021-06-21 09:40:04,3064.7,109648
2021-06-21 09:40:05,3066.0,109755
2021-06-21 09:40:06,3066.0,109831
2021-06-21 09:40:07,3066.0,109837
2021-06-21 09:40:08,3066.0,110054
2021-06-21 09:40:10,3065.9,110079
2021-06-21 09:40:11,3065.0,110198
2021-06-21 09:40:12,3064.7,110327
2021-06-21 09:40:13,3064.7,110327
2021-06-21 09:40:14,3065.9,110336
2021-06-21 09:40:16,3064.0,110411
2021-06-21 09:40:17,3064.0,110411
2021-06-21 09:40:18,3064.05,110691
2021-06-21 09:40:19,3065.55,110693
2021-06-21 09:40:20,3065.9,110723
2021-06-21 09:40:21,3065.0,110843
2021-06-21 09:40:22,3064.4,110850
2021-06-21 09:40:26,3064.95,111240
2021-06-21 09:40:27,3065.0,111322
2021-06-21 09:40:27,3064.0,111262
2021-06-21 09:40:28,3065.0,111334
2021-06-21 09:40:30,3064.95,111392
2021-06-21 09:40:32,3063.15,111413
2021-06-21 09:40:33,3064.0,111923
2021-06-21 09:40:34,3064.0,111990
2021-06-21 09:40:35,3064.0,112031
2021-06-21 09:40:36,3063.45,112060
2021-06-21 09:40:37,3064.9,112110
2021-06-21 09:40:38,3064.0,112123
2021-06-21 09:40:39,3064.9,112125
2021-06-21 09:40:40,3064.9,112126
2021-06-21 09:40:42,3064.0,112179
2021-06-21 09:40:43,3064.0,112341
2021-06-21 09:40:44,3063.05,112396
2021-06-21 09:40:45,3064.9,112506
2021-06-21 09:40:46,3064.9,112556
2021-06-21 09:40:48,3063.25,112667
2021-06-21 09:40:49,3063.05,112677
2021-06-21 09:40:50,3063.15,112737
2021-06-21 09:40:51,3064.65,113271
2021-06-21 09:40:52,3063.85,113315
2021-06-21 09:40:53,3064.65,113336
2021-06-21 09:40:54,3064.0,113337
2021-06-21 09:40:55,3064.0,113337
2021-06-21 09:40:56,3064.0,113339
2021-06-21 09:40:57,3064.0,113339
2021-06-21 09:40:58,3064.0,113344
2021-06-21 09:40:59,3064.0,113374
2021-06-21 09:41:01,3063.05,113607
2021-06-21 09:41:02,3063.0,113696
2021-06-21 09:41:03,3063.8,113715
2021-06-21 09:41:04,3063.0,113717
2021-06-21 09:41:05,3063.05,113794
2021-06-21 09:41:06,3063.0,113914
2021-06-21 09:41:07,3063.0,113926
2021-06-21 09:41:08,3062.0,113933
2021-06-21 09:41:09,3062.0,113934
2021-06-21 09:41:10,3060.2,114574
2021-06-21 09:41:12,3060.0,114805
2021-06-21 09:41:13,3060.0,115035
2021-06-21 09:41:14,3060.0,115059
2021-06-21 09:41:15,3060.0,115059
2021-06-21 09:41:16,3061.1,115060
2021-06-21 09:41:17,3062.0,115175
2021-06-21 09:41:18,3060.0,115298
2021-06-21 09:41:19,3059.95,115324
2021-06-21 09:41:19,3059.95,115324
2021-06-21 09:41:20,3059.95,115324
2021-06-21 09:41:21,3059.95,115340
2021-06-21 09:41:22,3060.0,115995
2021-06-21 09:41:23,3060.0,116126
2021-06-21 09:41:24,3060.0,116126
2021-06-21 09:41:25,3059.9,116159
2021-06-21 09:41:27,3061.0,116687
2021-06-21 09:41:27,3061.0,116687
2021-06-21 09:41:28,3060.0,116846
2021-06-21 09:41:31,3060.9,116965
2021-06-21 09:41:30,3058.85,116962
2021-06-21 09:41:32,3060.9,116986
2021-06-21 09:41:33,3060.3,117046
2021-06-21 09:41:34,3060.3,117046
2021-06-21 09:41:35,3060.3,117046
2021-06-21 09:41:36,3061.0,117053
2021-06-21 09:41:37,3061.0,117053
2021-06-21 09:41:40,3061.25,117085
2021-06-21 09:41:40,3061.25,117085
2021-06-21 09:41:41,3061.1,117235
2021-06-21 09:41:42,3062.0,117275
2021-06-21 09:41:43,3062.0,117275
2021-06-21 09:41:44,3063.0,117351
2021-06-21 09:41:45,3062.3,117353
2021-06-21 09:41:47,3062.3,117356
2021-06-21 09:41:47,3062.3,117353
2021-06-21 09:41:48,3063.0,117362
2021-06-21 09:41:49,3063.0,117362
2021-06-21 09:41:50,3061.15,117382
2021-06-21 09:41:51,3061.15,117382
2021-06-21 09:41:52,3061.15,117382
2021-06-21 09:41:53,3062.05,117388
2021-06-21 09:41:54,3062.2,117389
2021-06-21 09:41:56,3062.2,117389
2021-06-21 09:41:57,3061.65,117449
2021-06-21 09:41:57,3061.65,117449
2021-06-21 09:41:59,3060.9,117572
2021-06-21 09:41:59,3060.9,117572
2021-06-21 09:42:01,3060.9,117572
2021-06-21 09:42:02,3060.9,117572
2021-06-21 09:42:04,3061.65,117673
2021-06-21 09:42:04,3061.65,117673
2021-06-21 09:42:05,3061.65,117673
2021-06-21 09:42:06,3061.65,118070
2021-06-21 09:42:07,3061.65,118165
2021-06-21 09:42:08,3061.25,118166
2021-06-21 09:42:09,3061.25,118166
2021-06-21 09:42:10,3062.0,118292
2021-06-21 09:42:11,3062.0,118293
2021-06-21 09:42:12,3062.0,118293
2021-06-21 09:42:13,3063.0,118307
2021-06-21 09:42:14,3063.0,118832
2021-06-21 09:42:15,3063.0,118843
2021-06-21 09:42:16,3063.0,118846
2021-06-21 09:42:17,3064.0,118873
2021-06-21 09:42:18,3063.55,118876
2021-06-21 09:42:19,3064.0,118905
2021-06-21 09:42:20,3064.0,118922
2021-06-21 09:42:21,3062.65,118926
2021-06-21 09:42:22,3063.6,119026
2021-06-21 09:42:23,3063.6,119026
2021-06-21 09:42:24,3063.65,119029
2021-06-21 09:42:25,3063.5,119034
2021-06-21 09:42:26,3063.5,119035
2021-06-21 09:42:27,3063.5,119045
2021-06-21 09:42:28,3063.5,119045
2021-06-21 09:42:29,3063.5,119046
2021-06-21 09:42:33,3063.4,119105
2021-06-21 09:42:34,3063.4,119105
2021-06-21 09:42:35,3063.4,119106
2021-06-21 09:42:36,3063.35,119107
2021-06-21 09:42:37,3063.25,119193
2021-06-21 09:42:38,3063.3,119194
2021-06-21 09:42:39,3063.3,119209
2021-06-21 09:42:40,3063.3,119211
2021-06-21 09:42:41,3063.35,119225
2021-06-21 09:42:41,3063.35,119225
2021-06-21 09:42:43,3063.4,119228
2021-06-21 09:42:44,3063.0,119229
2021-06-21 09:42:45,3063.0,119230
2021-06-21 09:42:47,3062.25,119241
2021-06-21 09:42:48,3062.3,119334
2021-06-21 09:42:49,3062.3,119334
2021-06-21 09:42:50,3062.3,119334
2021-06-21 09:42:51,3062.7,119384
2021-06-21 09:42:52,3062.65,119397
2021-06-21 09:42:53,3062.65,119398
2021-06-21 09:42:54,3062.5,119401
2021-06-21 09:42:55,3062.5,119422
2021-06-21 09:42:56,3062.5,119422
2021-06-21 09:42:57,3062.5,119422
2021-06-21 09:42:59,3062.0,119433
2021-06-21 09:43:00,3062.0,119436
2021-06-21 09:43:00,3061.65,119446
2021-06-21 09:43:01,3061.65,119446
2021-06-21 09:43:02,3061.65,119446
2021-06-21 09:43:03,3062.0,119447
2021-06-21 09:43:04,3061.95,119515
2021-06-21 09:43:05,3060.9,119613
2021-06-21 09:43:06,3059.75,120071
2021-06-21 09:43:07,3058.5,120099
2021-06-21 09:43:08,3058.5,120115
2021-06-21 09:43:09,3059.5,120118
2021-06-21 09:43:10,3059.45,120123
2021-06-21 09:43:12,3058.5,120128
2021-06-21 09:43:13,3058.5,120128
2021-06-21 09:43:14,3058.5,120128
2021-06-21 09:43:14,3058.5,120128
2021-06-21 09:43:15,3058.5,120176
2021-06-21 09:43:16,3058.5,120176
2021-06-21 09:43:17,3058.5,120190
2021-06-21 09:43:20,3059.4,120195
2021-06-21 09:43:24,3058.0,120309
2021-06-21 09:43:25,3057.65,120314
2021-06-21 09:43:26,3058.0,120315
2021-06-21 09:43:27,3058.0,120394
2021-06-21 09:43:28,3057.25,120401
2021-06-21 09:43:29,3057.25,120401
2021-06-21 09:43:31,3057.75,120405
2021-06-21 09:43:32,3057.75,120413
2021-06-21 09:43:33,3058.0,120614
2021-06-21 09:43:34,3058.0,120639
2021-06-21 09:43:34,3058.0,120639
2021-06-21 09:43:36,3058.0,120652
2021-06-21 09:43:37,3058.0,120653
2021-06-21 09:43:38,3058.0,120653
2021-06-21 09:43:39,3057.95,120654
2021-06-21 09:43:40,3057.95,120748
2021-06-21 09:43:41,3057.95,120748
2021-06-21 09:43:42,3058.0,120758
2021-06-21 09:43:43,3058.0,120763
2021-06-21 09:43:44,3058.0,120777
2021-06-21 09:43:46,3058.0,120778
2021-06-21 09:43:47,3058.5,120924
2021-06-21 09:43:47,3058.5,120924
2021-06-21 09:43:48,3059.0,120925
2021-06-21 09:43:49,3059.0,120925
2021-06-21 09:43:50,3059.4,121073
2021-06-21 09:43:51,3059.4,121073
2021-06-21 09:43:52,3059.4,121073
2021-06-21 09:43:53,3059.0,121087
2021-06-21 09:43:54,3059.3,121119
2021-06-21 09:43:55,3059.3,121119
2021-06-21 09:43:57,3059.0,121127
2021-06-21 09:43:58,3058.0,121198
2021-06-21 09:44:00,3058.0,121198
2021-06-21 09:44:02,3059.3,121224
2021-06-21 09:44:02,3059.3,121224
2021-06-21 09:44:03,3059.05,121228
2021-06-21 09:44:04,3059.6,121393
2021-06-21 09:44:05,3059.6,121393
2021-06-21 09:44:06,3059.4,121399
2021-06-21 09:44:07,3059.9,121406
2021-06-21 09:44:08,3059.9,121414
2021-06-21 09:44:09,3059.9,121414
2021-06-21 09:44:10,3059.9,121415
2021-06-21 09:44:11,3058.0,121444
2021-06-21 09:44:12,3058.0,121444
2021-06-21 09:44:13,3058.0,121444
2021-06-21 09:44:14,3058.0,121450
2021-06-21 09:44:15,3058.0,121461
2021-06-21 09:44:16,3058.0,121461
2021-06-21 09:44:17,3057.2,122197
2021-06-21 09:44:18,3056.2,122219
2021-06-21 09:44:19,3055.45,123483
2021-06-21 09:44:20,3055.0,123540
2021-06-21 09:44:21,3055.9,123568
2021-06-21 09:44:23,3054.95,123874
2021-06-21 09:44:24,3055.6,123928
2021-06-21 09:44:25,3055.7,123947
2021-06-21 09:44:26,3055.7,123947
2021-06-21 09:44:27,3055.0,123950
2021-06-21 09:44:28,3055.9,123985
2021-06-21 09:44:30,3056.25,124013
2021-06-21 09:44:31,3056.25,124040
2021-06-21 09:44:32,3056.0,124043
2021-06-21 09:44:33,3056.0,124043
2021-06-21 09:44:34,3056.0,124069
2021-06-21 09:44:35,3056.0,124069
2021-06-21 09:44:36,3056.25,124105
2021-06-21 09:44:37,3056.25,124107
2021-06-21 09:44:38,3056.25,124107
2021-06-21 09:44:39,3056.25,124108
2021-06-21 09:44:40,3056.25,124108
2021-06-21 09:44:41,3055.2,124138
2021-06-21 09:44:42,3055.2,124138
2021-06-21 09:44:43,3055.2,124138
2021-06-21 09:44:44,3055.2,124246
2021-06-21 09:44:45,3056.25,124252
2021-06-21 09:44:46,3056.25,124252
2021-06-21 09:44:47,3055.6,124262
2021-06-21 09:44:48,3055.65,124288
2021-06-21 09:44:49,3056.85,124289
2021-06-21 09:44:50,3055.75,124305
2021-06-21 09:44:53,3055.35,124410
2021-06-21 09:44:54,3055.35,124410
2021-06-21 09:44:55,3056.25,124420
2021-06-21 09:44:56,3056.25,124420
2021-06-21 09:44:57,3056.25,124420
2021-06-21 09:44:59,3056.25,124446
2021-06-21 09:44:59,3056.25,124446
2021-06-21 09:45:00,3056.25,124446
2021-06-21 09:45:01,3056.25,124524
2021-06-21 09:45:02,3056.25,124544
2021-06-21 09:45:03,3056.25,124546
2021-06-21 09:45:04,3056.25,124546
2021-06-21 09:45:05,3055.6,124555
2021-06-21 09:45:06,3056.5,124556
2021-06-21 09:45:07,3056.5,124556
2021-06-21 09:45:08,3056.85,124580
2021-06-21 09:45:09,3056.4,124588
2021-06-21 09:45:11,3056.4,124588
2021-06-21 09:45:11,3056.4,124588
2021-06-21 09:45:12,3056.9,124599
2021-06-21 09:45:13,3056.25,124605
2021-06-21 09:45:14,3056.25,124605
2021-06-21 09:45:15,3056.25,124605
2021-06-21 09:45:16,3055.6,125273
2021-06-21 09:45:17,3055.6,125273
2021-06-21 09:45:19,3055.0,125745
2021-06-21 09:45:19,3055.0,125745
2021-06-21 09:45:21,3054.25,125820
2021-06-21 09:45:22,3054.25,125826
2021-06-21 09:45:23,3055.0,125828
2021-06-21 09:45:25,3054.2,125912
2021-06-21 09:45:26,3054.2,125912
2021-06-21 09:45:27,3054.25,125915
2021-06-21 09:45:28,3055.0,125920
2021-06-21 09:45:29,3055.0,125959
2021-06-21 09:45:30,3054.2,126039
2021-06-21 09:45:32,3054.2,126039
2021-06-21 09:45:33,3054.25,126041
2021-06-21 09:45:36,3054.25,126044
2021-06-21 09:45:37,3055.0,126045
2021-06-21 09:45:38,3054.9,126056
2021-06-21 09:45:39,3054.2,126151
2021-06-21 09:45:40,3054.8,126161
2021-06-21 09:45:40,3054.8,126161
2021-06-21 09:45:42,3054.9,126473
2021-06-21 09:45:43,3054.0,126622
2021-06-21 09:45:44,3054.9,126677
2021-06-21 09:45:44,3054.9,126677
2021-06-21 09:45:46,3054.9,126694
2021-06-21 09:45:47,3054.9,126727
2021-06-21 09:45:48,3054.9,126730
2021-06-21 09:45:49,3054.0,126752
2021-06-21 09:45:50,3054.0,126802
2021-06-21 09:45:51,3054.9,126821
2021-06-21 09:45:51,3054.9,126821
2021-06-21 09:45:52,3054.9,126822
2021-06-21 09:45:54,3054.9,126828
2021-06-21 09:45:54,3054.0,126830
2021-06-21 09:45:55,3054.9,126850
2021-06-21 09:45:58,3054.0,126860
2021-06-21 09:45:59,3054.3,126870
2021-06-21 09:46:00,3054.3,126870
2021-06-21 09:46:02,3054.3,126902
2021-06-21 09:46:03,3054.3,126907
2021-06-21 09:46:03,3054.3,126907
2021-06-21 09:46:05,3054.3,126907
2021-06-21 09:46:07,3053.15,127378
2021-06-21 09:46:08,3054.8,128115
2021-06-21 09:46:09,3053.4,128176
2021-06-21 09:46:10,3054.8,128215
2021-06-21 09:46:11,3053.45,128263
2021-06-21 09:46:13,3054.8,128283
2021-06-21 09:46:15,3053.55,128284
2021-06-21 09:46:16,3054.2,128287
2021-06-21 09:46:18,3053.0,128335
2021-06-21 09:46:18,3054.0,128301
2021-06-21 09:46:19,3053.0,128351
2021-06-21 09:46:21,3052.5,128406
2021-06-21 09:46:22,3052.5,128406
2021-06-21 09:46:23,3054.0,128457
2021-06-21 09:46:23,3052.05,128978
2021-06-21 09:46:24,3052.8,129002
2021-06-21 09:46:25,3054.05,129003
2021-06-21 09:46:26,3054.1,129032
2021-06-21 09:46:28,3052.75,129052
2021-06-21 09:46:28,3054.1,129055
2021-06-21 09:46:30,3054.05,129086
2021-06-21 09:46:30,3052.65,129096
2021-06-21 09:46:31,3054.1,129097
2021-06-21 09:46:33,3054.1,129097
2021-06-21 09:46:34,3052.4,129130
2021-06-21 09:46:35,3052.35,129133
2021-06-21 09:46:36,3052.35,129133
2021-06-21 09:46:37,3052.8,129134
2021-06-21 09:46:38,3053.95,129135
2021-06-21 09:46:39,3054.0,129140
2021-06-21 09:46:40,3054.0,129140
2021-06-21 09:46:40,3054.0,129140
2021-06-21 09:46:41,3054.0,129140
2021-06-21 09:46:42,3054.0,129140
2021-06-21 09:46:43,3054.0,129140
2021-06-21 09:46:45,3054.0,129143
2021-06-21 09:46:45,3054.0,129143
2021-06-21 09:46:46,3054.0,129143
2021-06-21 09:46:47,3052.85,129175
2021-06-21 09:46:48,3052.55,129225
2021-06-21 09:46:49,3052.55,129225
2021-06-21 09:46:51,3053.95,129226
2021-06-21 09:46:52,3053.95,129288
2021-06-21 09:46:53,3054.0,129293
2021-06-21 09:46:54,3053.0,129294
2021-06-21 09:46:55,3054.0,129300
2021-06-21 09:46:55,3054.0,129299
2021-06-21 09:46:56,3054.0,129300
2021-06-21 09:46:58,3054.9,129749
2021-06-21 09:46:59,3054.9,129749
2021-06-21 09:47:00,3054.9,129750
2021-06-21 09:47:01,3054.0,129950
2021-06-21 09:47:03,3054.0,129961
2021-06-21 09:47:05,3054.9,129980
2021-06-21 09:47:06,3053.6,130005
2021-06-21 09:47:07,3053.6,130005
2021-06-21 09:47:08,3054.9,130006
2021-06-21 09:47:09,3054.0,130011
2021-06-21 09:47:10,3055.0,130062
2021-06-21 09:47:11,3055.0,130062
2021-06-21 09:47:12,3055.0,130063
2021-06-21 09:47:13,3055.0,130065
2021-06-21 09:47:14,3055.0,130067
2021-06-21 09:47:15,3055.0,130067
2021-06-21 09:47:15,3055.0,130067
2021-06-21 09:47:17,3055.0,130067
2021-06-21 09:47:18,3055.0,130068
2021-06-21 09:47:19,3055.0,130068
2021-06-21 09:47:20,3055.0,130068
2021-06-21 09:47:21,3055.0,130118
2021-06-21 09:47:22,3055.0,130118
2021-06-21 09:47:23,3055.0,130118
2021-06-21 09:47:24,3054.55,130119
2021-06-21 09:47:26,3054.55,130130
2021-06-21 09:47:25,3054.55,130123
2021-06-21 09:47:28,3055.0,130192
2021-06-21 09:47:29,3055.0,130294
2021-06-21 09:47:30,3054.0,130394
2021-06-21 09:47:31,3055.0,130420
2021-06-21 09:47:32,3055.0,130460
2021-06-21 09:47:33,3055.0,130463
2021-06-21 09:47:34,3055.0,130469
2021-06-21 09:47:35,3055.0,130469
2021-06-21 09:47:37,3055.0,130472
2021-06-21 09:47:38,3054.15,130477
2021-06-21 09:47:40,3054.9,130478
2021-06-21 09:47:41,3055.0,130484
2021-06-21 09:47:42,3054.15,130509
2021-06-21 09:47:43,3054.05,130528
2021-06-21 09:47:44,3054.05,130529
2021-06-21 09:47:45,3054.05,130529
2021-06-21 09:47:46,3055.0,130551
2021-06-21 09:47:48,3055.0,130552
2021-06-21 09:47:49,3055.0,130554
2021-06-21 09:47:50,3055.0,130554
2021-06-21 09:47:51,3054.05,130556
2021-06-21 09:47:52,3054.05,130556
2021-06-21 09:47:53,3054.05,130556
2021-06-21 09:47:54,3054.05,130556
2021-06-21 09:47:55,3054.05,130556
2021-06-21 09:47:56,3054.0,130611
2021-06-21 09:47:57,3054.0,130611
2021-06-21 09:47:58,3053.65,130757
2021-06-21 09:47:59,3053.65,130757
2021-06-21 09:47:59,3053.65,130757
2021-06-21 09:48:00,3053.2,130832
2021-06-21 09:48:01,3053.0,130944
2021-06-21 09:48:03,3053.0,130944
2021-06-21 09:48:04,3053.0,130972
2021-06-21 09:48:05,3053.0,130972
2021-06-21 09:48:06,3053.0,130972
2021-06-21 09:48:07,3052.55,130995
2021-06-21 09:48:08,3052.55,130995
2021-06-21 09:48:09,3053.75,131069
2021-06-21 09:48:11,3054.0,131078
2021-06-21 09:48:12,3054.0,131132
2021-06-21 09:48:13,3054.0,131132
2021-06-21 09:48:14,3054.0,131135
2021-06-21 09:48:17,3054.0,131178
2021-06-21 09:48:18,3054.0,131183
2021-06-21 09:48:19,3052.6,131195
2021-06-21 09:48:22,3053.95,131202
2021-06-21 09:48:23,3054.0,131203
2021-06-21 09:48:24,3054.0,131203
2021-06-21 09:48:25,3054.0,131203
2021-06-21 09:48:26,3054.0,131216
2021-06-21 09:48:26,3052.65,131241
2021-06-21 09:48:27,3054.0,131245
2021-06-21 09:48:28,3054.0,131250
2021-06-21 09:48:30,3052.6,131400
2021-06-21 09:48:31,3052.6,131400
2021-06-21 09:48:32,3054.0,131414
2021-06-21 09:48:33,3054.0,131422
2021-06-21 09:48:34,3054.0,131455
2021-06-21 09:48:35,3054.0,131455
2021-06-21 09:48:36,3054.0,131456
2021-06-21 09:48:37,3052.6,131461
2021-06-21 09:48:38,3053.95,131463
2021-06-21 09:48:38,3052.6,131508
2021-06-21 09:48:40,3052.6,131508
2021-06-21 09:48:41,3052.55,131522
2021-06-21 09:48:42,3052.55,131522
2021-06-21 09:48:43,3053.9,131534
2021-06-21 09:48:44,3053.9,131534
2021-06-21 09:48:45,3052.7,131537
2021-06-21 09:48:46,3052.7,131537
2021-06-21 09:48:47,3053.0,131538
2021-06-21 09:48:47,3053.0,131538
2021-06-21 09:48:48,3053.0,131562
2021-06-21 09:48:49,3053.0,131562
2021-06-21 09:48:50,3053.0,131562
2021-06-21 09:48:51,3053.0,131562
2021-06-21 09:48:53,3053.95,131572
2021-06-21 09:48:54,3053.1,131584
2021-06-21 09:48:55,3053.1,131584
2021-06-21 09:48:56,3053.1,131584
2021-06-21 09:48:57,3053.95,131585
2021-06-21 09:48:58,3054.0,131596
2021-06-21 09:48:59,3053.1,131676
2021-06-21 09:49:00,3053.1,131755
2021-06-21 09:49:01,3053.85,131844
2021-06-21 09:49:03,3053.85,131844
2021-06-21 09:49:04,3053.9,131848
2021-06-21 09:49:06,3053.9,131849
2021-06-21 09:49:07,3053.9,131850
2021-06-21 09:49:08,3053.9,131850
2021-06-21 09:49:09,3053.9,131851
2021-06-21 09:49:10,3052.75,131859
2021-06-21 09:49:11,3053.95,131869
2021-06-21 09:49:12,3053.9,131870
2021-06-21 09:49:13,3053.9,131878
2021-06-21 09:49:14,3053.9,131878
2021-06-21 09:49:15,3053.9,131889
2021-06-21 09:49:16,3052.7,131890
2021-06-21 09:49:17,3053.9,131912
2021-06-21 09:49:18,3053.9,131928
2021-06-21 09:49:19,3053.9,131928
2021-06-21 09:49:20,3053.9,132095
2021-06-21 09:49:21,3053.9,132095
2021-06-21 09:49:23,3054.0,132174
2021-06-21 09:49:24,3053.95,132189
2021-06-21 09:49:25,3053.95,132204
2021-06-21 09:49:26,3054.1,133382
2021-06-21 09:49:27,3054.0,133410
2021-06-21 09:49:28,3053.95,133453
2021-06-21 09:49:29,3055.0,133476
2021-06-21 09:49:30,3055.0,133476
2021-06-21 09:49:31,3055.0,133478
2021-06-21 09:49:32,3054.95,133498
2021-06-21 09:49:33,3054.95,133500
2021-06-21 09:49:34,3054.95,133500
2021-06-21 09:49:35,3055.0,133537
2021-06-21 09:49:36,3055.0,133539
2021-06-21 09:49:37,3055.0,133539
2021-06-21 09:49:38,3055.0,133551
2021-06-21 09:49:39,3055.0,133551
2021-06-21 09:49:40,3055.0,133551
2021-06-21 09:49:41,3057.5,134785
2021-06-21 09:49:42,3057.5,134785
2021-06-21 09:49:43,3056.2,134860
2021-06-21 09:49:44,3057.8,134870
2021-06-21 09:49:45,3057.95,134934
2021-06-21 09:49:46,3058.9,134944
2021-06-21 09:49:47,3058.95,134947
2021-06-21 09:49:48,3058.95,134959
2021-06-21 09:49:49,3058.95,134963
2021-06-21 09:49:50,3059.0,134984
2021-06-21 09:49:51,3059.0,134990
2021-06-21 09:49:52,3059.0,134992
2021-06-21 09:49:53,3059.0,134993
2021-06-21 09:49:54,3059.0,134994
2021-06-21 09:49:55,3059.0,134999
2021-06-21 09:49:56,3059.0,134999
2021-06-21 09:49:57,3059.0,134999
2021-06-21 09:49:58,3059.0,134999
2021-06-21 09:49:59,3058.0,135000
2021-06-21 09:50:00,3057.95,135003
2021-06-21 09:50:01,3059.0,135025
2021-06-21 09:50:02,3059.5,135425
2021-06-21 09:50:03,3059.5,135425
2021-06-21 09:50:04,3059.0,135443
2021-06-21 09:50:05,3058.15,135585
2021-06-21 09:50:06,3058.15,135691
2021-06-21 09:50:07,3058.0,135741
2021-06-21 09:50:08,3057.0,135745
2021-06-21 09:50:09,3057.85,135750
2021-06-21 09:50:10,3057.9,135752
2021-06-21 09:50:11,3057.0,135755
2021-06-21 09:50:12,3057.0,135755
2021-06-21 09:50:13,3057.0,135755
2021-06-21 09:50:14,3057.0,135755
2021-06-21 09:50:15,3055.6,135958
2021-06-21 09:50:17,3057.0,135964
2021-06-21 09:50:18,3059.0,136236
2021-06-21 09:50:19,3059.0,136236
2021-06-21 09:50:20,3056.65,136282
2021-06-21 09:50:21,3056.65,136282
2021-06-21 09:50:23,3056.65,136282
2021-06-21 09:50:24,3058.0,136294
2021-06-21 09:50:26,3058.0,136311
2021-06-21 09:50:27,3058.0,136363
2021-06-21 09:50:28,3058.0,136363
2021-06-21 09:50:29,3058.0,136387
2021-06-21 09:50:30,3058.2,136392
2021-06-21 09:50:31,3058.0,136400
2021-06-21 09:50:32,3058.0,136402
2021-06-21 09:50:33,3056.7,136413
2021-06-21 09:50:34,3056.7,136415
2021-06-21 09:50:35,3056.7,136450
2021-06-21 09:50:36,3056.7,136450
2021-06-21 09:50:37,3055.7,136476
2021-06-21 09:50:38,3055.05,136483
2021-06-21 09:50:39,3055.05,136483
2021-06-21 09:50:40,3056.5,136503
2021-06-21 09:50:41,3055.9,136523
2021-06-21 09:50:42,3055.9,136523
2021-06-21 09:50:43,3055.9,136523
2021-06-21 09:50:44,3055.95,136532
2021-06-21 09:50:45,3055.0,136533
2021-06-21 09:50:46,3055.0,136533
2021-06-21 09:50:47,3055.95,136541
2021-06-21 09:50:48,3055.95,136542
2021-06-21 09:50:49,3055.95,136553
2021-06-21 09:50:50,3055.95,136553
2021-06-21 09:50:51,3055.95,136553
2021-06-21 09:50:52,3055.0,136564
2021-06-21 09:50:53,3055.9,136576
2021-06-21 09:50:54,3054.3,136581
2021-06-21 09:50:55,3054.3,136581
2021-06-21 09:50:56,3054.3,136581
2021-06-21 09:50:57,3055.7,136624
2021-06-21 09:50:58,3055.85,136629
2021-06-21 09:50:59,3055.85,136629
2021-06-21 09:51:00,3055.5,136632
2021-06-21 09:51:01,3054.3,136658
2021-06-21 09:51:02,3055.5,136669
2021-06-21 09:51:03,3055.5,136669
2021-06-21 09:51:04,3054.15,136689
2021-06-21 09:51:05,3054.15,136689
2021-06-21 09:51:06,3055.0,136690
2021-06-21 09:51:07,3055.0,136691
2021-06-21 09:51:08,3055.0,136712
2021-06-21 09:51:10,3055.5,136912
2021-06-21 09:51:10,3055.5,136912
2021-06-21 09:51:12,3054.3,136929
2021-06-21 09:51:13,3054.25,136978
2021-06-21 09:51:14,3055.7,136983
2021-06-21 09:51:14,3055.7,136983
2021-06-21 09:51:15,3055.7,136988
2021-06-21 09:51:16,3055.8,136990
2021-06-21 09:51:17,3055.8,136991
2021-06-21 09:51:18,3055.8,136991
2021-06-21 09:51:19,3054.5,136997
2021-06-21 09:51:20,3054.0,137403
2021-06-21 09:51:21,3054.05,137426
2021-06-21 09:51:22,3054.05,137426
2021-06-21 09:51:23,3052.5,138310
2021-06-21 09:51:24,3054.0,138354
2021-06-21 09:51:25,3053.85,138388
2021-06-21 09:51:27,3053.9,138456
2021-06-21 09:51:30,3053.95,138460
2021-06-21 09:51:30,3054.0,138464
2021-06-21 09:51:31,3052.65,138466
2021-06-21 09:51:32,3054.35,138481
2021-06-21 09:51:33,3054.35,138481
2021-06-21 09:51:34,3054.35,138481
2021-06-21 09:51:35,3054.0,138482
2021-06-21 09:51:36,3054.0,138482
2021-06-21 09:51:37,3053.0,138483
2021-06-21 09:51:38,3053.0,138487
2021-06-21 09:51:39,3053.0,138488
2021-06-21 09:51:40,3053.75,138506
2021-06-21 09:51:41,3053.0,138511
2021-06-21 09:51:42,3053.0,138516
2021-06-21 09:51:43,3053.0,138616
2021-06-21 09:51:44,3053.0,138616
2021-06-21 09:51:45,3053.0,138616
2021-06-21 09:51:46,3053.0,138616
2021-06-21 09:51:47,3053.0,138621
2021-06-21 09:51:48,3053.0,138631
2021-06-21 09:51:49,3053.0,138631
2021-06-21 09:51:50,3053.05,138632
2021-06-21 09:51:51,3052.95,138689
2021-06-21 09:51:52,3052.95,138689
2021-06-21 09:51:53,3052.15,138745
2021-06-21 09:51:54,3053.0,138750
2021-06-21 09:51:55,3052.0,138769
2021-06-21 09:51:57,3052.0,138819
2021-06-21 09:51:57,3052.6,138820
2021-06-21 09:51:58,3052.65,138832
2021-06-21 09:52:00,3052.65,138833
2021-06-21 09:52:01,3051.5,139570
2021-06-21 09:52:03,3051.3,139612
2021-06-21 09:52:04,3051.3,139612
2021-06-21 09:52:05,3051.05,139675
2021-06-21 09:52:06,3051.05,139675
2021-06-21 09:52:08,3051.95,139688
2021-06-21 09:52:09,3051.95,139689
2021-06-21 09:52:10,3051.95,139689
2021-06-21 09:52:11,3051.95,139689
2021-06-21 09:52:12,3051.95,139689
2021-06-21 09:52:14,3051.1,139699
2021-06-21 09:52:15,3051.1,139699
2021-06-21 09:52:16,3051.1,139699
2021-06-21 09:52:17,3053.5,139827
2021-06-21 09:52:19,3053.15,139832
2021-06-21 09:52:19,3052.85,139833
2021-06-21 09:52:20,3052.85,139840
2021-06-21 09:52:21,3052.85,139840
2021-06-21 09:52:22,3052.85,139841
2021-06-21 09:52:23,3052.85,139841
2021-06-21 09:52:24,3051.25,139857
2021-06-21 09:52:25,3051.1,139964
2021-06-21 09:52:27,3051.05,139970
2021-06-21 09:52:27,3051.05,139970
2021-06-21 09:52:29,3051.0,140016
2021-06-21 09:52:29,3051.0,140016
2021-06-21 09:52:30,3051.05,140019
2021-06-21 09:52:31,3051.05,140019
2021-06-21 09:52:33,3051.1,140021
2021-06-21 09:52:34,3051.0,140121
2021-06-21 09:52:36,3051.1,140129
2021-06-21 09:52:36,3051.1,140131
2021-06-21 09:52:37,3051.1,140132
2021-06-21 09:52:38,3051.1,140137
2021-06-21 09:52:39,3052.0,140258
2021-06-21 09:52:40,3051.05,140270
2021-06-21 09:52:41,3051.0,140396
2021-06-21 09:52:43,3051.95,140579
2021-06-21 09:52:43,3051.95,140579
2021-06-21 09:52:44,3051.0,140622
2021-06-21 09:52:45,3051.9,140626
2021-06-21 09:52:46,3051.95,140630
2021-06-21 09:52:48,3051.1,140652
2021-06-21 09:52:49,3051.1,140652
2021-06-21 09:52:50,3051.1,140657
2021-06-21 09:52:51,3051.1,140672
2021-06-21 09:52:52,3051.1,140672
2021-06-21 09:52:53,3051.1,140672
2021-06-21 09:52:55,3052.0,140675
2021-06-21 09:52:55,3052.0,140675
2021-06-21 09:52:56,3051.95,140679
2021-06-21 09:52:57,3051.95,140679
2021-06-21 09:52:58,3052.85,140700
2021-06-21 09:53:00,3052.9,140701
2021-06-21 09:53:01,3053.4,140711
2021-06-21 09:53:02,3053.4,140717
2021-06-21 09:53:06,3053.45,140885
2021-06-21 09:53:07,3053.85,140887
2021-06-21 09:53:09,3055.2,141198
2021-06-21 09:53:10,3054.4,141506
2021-06-21 09:53:11,3054.4,141506
2021-06-21 09:53:12,3055.05,141521
2021-06-21 09:53:13,3055.7,141522
2021-06-21 09:53:14,3056.0,141537
2021-06-21 09:53:15,3056.0,141538
2021-06-21 09:53:16,3056.0,141544
2021-06-21 09:53:17,3054.6,141547
2021-06-21 09:53:18,3054.6,141547
2021-06-21 09:53:19,3054.6,141547
2021-06-21 09:53:20,3055.1,141548
2021-06-21 09:53:22,3054.3,141549
2021-06-21 09:53:22,3054.3,141549
2021-06-21 09:53:23,3054.3,141549
2021-06-21 09:53:24,3054.3,141549
2021-06-21 09:53:25,3054.3,141549
2021-06-21 09:53:26,3054.3,141549
2021-06-21 09:53:27,3054.95,141901
2021-06-21 09:53:28,3054.3,141920
2021-06-21 09:53:29,3054.3,141920
2021-06-21 09:53:31,3055.55,141928
2021-06-21 09:53:32,3055.55,141929
2021-06-21 09:53:33,3054.95,141930
2021-06-21 09:53:34,3054.95,141930
2021-06-21 09:53:35,3054.95,141930
2021-06-21 09:53:36,3055.3,141934
2021-06-21 09:53:38,3054.95,141937
2021-06-21 09:53:39,3054.95,141937
2021-06-21 09:53:39,3054.95,141937
2021-06-21 09:53:40,3054.95,141937
2021-06-21 09:53:41,3054.95,141937
2021-06-21 09:53:42,3055.15,141943
2021-06-21 09:53:43,3055.15,141943
2021-06-21 09:53:44,3054.0,141946
2021-06-21 09:53:45,3055.2,141971
2021-06-21 09:53:46,3055.2,141971
2021-06-21 09:53:47,3055.3,141972
2021-06-21 09:53:48,3056.0,142028
2021-06-21 09:53:49,3055.8,142030
2021-06-21 09:53:51,3054.3,142035
2021-06-21 09:53:52,3054.3,142035
2021-06-21 09:53:53,3054.3,142035
2021-06-21 09:53:55,3054.3,142035
2021-06-21 09:53:56,3054.3,142035
2021-06-21 09:53:57,3054.3,142035
2021-06-21 09:53:58,3055.0,142036
2021-06-21 09:53:58,3055.0,142038
2021-06-21 09:53:59,3055.0,142058
2021-06-21 09:54:00,3055.0,142058
2021-06-21 09:54:01,3055.3,142068
2021-06-21 09:54:02,3055.3,142069
2021-06-21 09:54:03,3055.3,142069
2021-06-21 09:54:04,3055.3,142069
2021-06-21 09:54:05,3055.5,142121
2021-06-21 09:54:06,3055.5,142126
2021-06-21 09:54:07,3054.3,142138
2021-06-21 09:54:08,3055.75,142141
2021-06-21 09:54:09,3055.75,142141
2021-06-21 09:54:10,3054.35,142162
2021-06-21 09:54:11,3056.0,142452
2021-06-21 09:54:12,3056.0,142452
2021-06-21 09:54:14,3055.95,142453
2021-06-21 09:54:15,3055.95,142469
2021-06-21 09:54:16,3055.95,142469
2021-06-21 09:54:17,3055.95,142469
2021-06-21 09:54:18,3055.45,142470
2021-06-21 09:54:19,3054.45,142555
2021-06-21 09:54:21,3054.45,142555
2021-06-21 09:54:22,3054.45,142555
2021-06-21 09:54:24,3055.75,142559
2021-06-21 09:54:25,3055.75,142559
2021-06-21 09:54:26,3055.75,142559
2021-06-21 09:54:26,3055.75,142559
2021-06-21 09:54:27,3055.75,142559
2021-06-21 09:54:28,3055.75,142564
2021-06-21 09:54:29,3055.75,142609
2021-06-21 09:54:30,3055.75,142610
2021-06-21 09:54:31,3055.75,142610
2021-06-21 09:54:32,3055.75,142617
2021-06-21 09:54:33,3055.75,142643
2021-06-21 09:54:34,3056.0,142644
2021-06-21 09:54:35,3056.0,142644
2021-06-21 09:54:36,3056.0,142647
2021-06-21 09:54:37,3055.75,142700
2021-06-21 09:54:38,3055.95,142701
2021-06-21 09:54:39,3055.95,142701
2021-06-21 09:54:40,3055.95,142701
2021-06-21 09:54:41,3056.0,142704
2021-06-21 09:54:43,3055.45,142720
2021-06-21 09:54:44,3056.0,142730
2021-06-21 09:54:45,3056.0,142730
2021-06-21 09:54:45,3056.0,142730
2021-06-21 09:54:46,3056.0,142731
2021-06-21 09:54:47,3056.0,142741
2021-06-21 09:54:48,3056.0,142751
2021-06-21 09:54:49,3056.0,142751
2021-06-21 09:54:50,3056.0,142760
2021-06-21 09:54:51,3056.0,142761
2021-06-21 09:54:52,3056.0,142761
2021-06-21 09:54:54,3054.05,143193
2021-06-21 09:54:55,3054.0,143229
2021-06-21 09:54:56,3054.0,143229
2021-06-21 09:54:58,3055.3,143232
2021-06-21 09:54:59,3055.2,143234
2021-06-21 09:55:00,3055.2,143234
2021-06-21 09:55:02,3053.6,143237
2021-06-21 09:55:03,3053.6,143237
2021-06-21 09:55:04,3055.1,143240
2021-06-21 09:55:05,3055.1,143241
2021-06-21 09:55:06,3055.1,143241
2021-06-21 09:55:06,3055.1,143241
2021-06-21 09:55:08,3055.1,143241
2021-06-21 09:55:09,3055.1,143241
2021-06-21 09:55:10,3055.1,143241
2021-06-21 09:55:11,3056.0,143342
2021-06-21 09:55:11,3056.0,143342
2021-06-21 09:55:12,3056.0,143342
2021-06-21 09:55:14,3056.0,143342
2021-06-21 09:55:14,3056.0,143379
2021-06-21 09:55:15,3056.0,143379
2021-06-21 09:55:16,3056.0,143379
2021-06-21 09:55:17,3054.65,143399
2021-06-21 09:55:18,3055.15,143400
2021-06-21 09:55:19,3054.7,143425
2021-06-21 09:55:20,3055.45,143427
2021-06-21 09:55:21,3055.45,143427
2021-06-21 09:55:22,3055.45,143427
2021-06-21 09:55:23,3055.0,143428
2021-06-21 09:55:25,3055.45,143542
2021-06-21 09:55:26,3055.05,143561
2021-06-21 09:55:27,3055.9,143562
2021-06-21 09:55:28,3055.9,143565
2021-06-21 09:55:29,3054.75,143583
2021-06-21 09:55:30,3054.75,143583
2021-06-21 09:55:31,3054.75,143583
2021-06-21 09:55:32,3055.9,143584
2021-06-21 09:55:33,3055.9,143584
2021-06-21 09:55:35,3055.0,143595
2021-06-21 09:55:36,3055.0,143595
2021-06-21 09:55:37,3056.0,143612
2021-06-21 09:55:38,3056.0,143753
2021-06-21 09:55:39,3056.0,143753
2021-06-21 09:55:40,3055.0,143805
2021-06-21 09:55:41,3055.85,143858
2021-06-21 09:55:42,3055.85,143862
2021-06-21 09:55:43,3056.0,145167
2021-06-21 09:55:44,3056.15,145182
2021-06-21 09:55:45,3056.3,145186
2021-06-21 09:55:46,3057.0,145196
2021-06-21 09:55:47,3057.5,145198
2021-06-21 09:55:48,3057.5,145198
2021-06-21 09:55:49,3057.5,145202
2021-06-21 09:55:50,3057.85,145204
2021-06-21 09:55:51,3058.25,145319
2021-06-21 09:55:52,3058.5,145321
2021-06-21 09:55:53,3058.75,145323
2021-06-21 09:55:54,3058.75,145323
2021-06-21 09:55:55,3058.75,145387
2021-06-21 09:55:56,3058.75,145437
2021-06-21 09:55:57,3058.45,145447
2021-06-21 09:55:58,3059.0,145615
2021-06-21 09:55:58,3059.0,145615
2021-06-21 09:56:01,3057.55,145659
2021-06-21 09:56:02,3057.4,145669
2021-06-21 09:56:03,3057.4,145669
2021-06-21 09:56:04,3057.4,145669
2021-06-21 09:56:05,3057.4,145669
2021-06-21 09:56:06,3057.4,145669
2021-06-21 09:56:07,3058.75,145687
2021-06-21 09:56:08,3058.75,145687
2021-06-21 09:56:09,3058.75,145687
2021-06-21 09:56:10,3058.3,145688
2021-06-21 09:56:10,3058.3,145688
2021-06-21 09:56:12,3056.75,145689
2021-06-21 09:56:13,3056.75,145689
2021-06-21 09:56:14,3056.75,145689
2021-06-21 09:56:15,3058.5,145719
2021-06-21 09:56:16,3057.0,145723
2021-06-21 09:56:17,3058.65,145725
2021-06-21 09:56:18,3058.6,145732
2021-06-21 09:56:20,3058.6,145732
2021-06-21 09:56:23,3058.5,145742
2021-06-21 09:56:24,3058.5,145743
2021-06-21 09:56:25,3058.5,145746
2021-06-21 09:56:26,3058.5,145752
2021-06-21 09:56:26,3058.5,145752
2021-06-21 09:56:28,3056.9,145852
2021-06-21 09:56:29,3056.9,145852
2021-06-21 09:56:30,3056.9,145852
2021-06-21 09:56:31,3058.4,145856
2021-06-21 09:56:32,3058.4,145861
2021-06-21 09:56:34,3058.4,145873
2021-06-21 09:56:35,3058.4,145873
2021-06-21 09:56:36,3058.5,145874
2021-06-21 09:56:37,3058.5,145909
2021-06-21 09:56:38,3057.15,145929
2021-06-21 09:56:39,3057.15,145929
2021-06-21 09:56:40,3057.15,145929
2021-06-21 09:56:40,3057.15,145929
2021-06-21 09:56:41,3057.15,145934
2021-06-21 09:56:42,3057.15,145934
2021-06-21 09:56:43,3059.3,146939
2021-06-21 09:56:44,3058.95,146968
2021-06-21 09:56:45,3058.95,146968
2021-06-21 09:56:46,3059.5,147032
2021-06-21 09:56:48,3059.5,147089
2021-06-21 09:56:49,3059.5,147089
2021-06-21 09:56:50,3061.0,147621
2021-06-21 09:56:51,3061.55,147726
2021-06-21 09:56:52,3061.8,147847
2021-06-21 09:56:53,3061.75,147875
2021-06-21 09:56:53,3061.45,147975
2021-06-21 09:56:54,3061.65,147980
2021-06-21 09:56:55,3061.9,148049
2021-06-21 09:56:56,3062.0,148051
2021-06-21 09:56:57,3061.95,148163
2021-06-21 09:56:58,3060.4,148185
2021-06-21 09:56:59,3060.35,148215
2021-06-21 09:57:00,3060.3,148315
2021-06-21 09:57:01,3060.3,148315
2021-06-21 09:57:02,3060.35,148338
2021-06-21 09:57:03,3060.35,148338
2021-06-21 09:57:05,3061.65,148344
2021-06-21 09:57:06,3061.65,148345
2021-06-21 09:57:07,3061.9,148368
2021-06-21 09:57:08,3061.9,148369
2021-06-21 09:57:09,3061.9,148401
2021-06-21 09:57:10,3060.7,148521
2021-06-21 09:57:11,3060.7,148521
2021-06-21 09:57:12,3061.8,148533
2021-06-21 09:57:13,3061.8,148533
2021-06-21 09:57:15,3061.05,148561
2021-06-21 09:57:16,3061.05,148561
2021-06-21 09:57:17,3061.9,148568
2021-06-21 09:57:18,3061.9,148568
2021-06-21 09:57:19,3061.9,148619
2021-06-21 09:57:20,3061.9,148619
2021-06-21 09:57:21,3061.9,148620
2021-06-21 09:57:24,3061.9,148709
2021-06-21 09:57:25,3061.9,148746
2021-06-21 09:57:26,3061.9,148747
2021-06-21 09:57:27,3061.9,148747
2021-06-21 09:57:27,3061.9,148750
2021-06-21 09:57:29,3062.0,148856
2021-06-21 09:57:31,3062.0,148858
2021-06-21 09:57:32,3061.8,148873
2021-06-21 09:57:33,3061.8,148990
2021-06-21 09:57:34,3062.0,148997
2021-06-21 09:57:35,3062.9,149335
2021-06-21 09:57:36,3063.1,149487
2021-06-21 09:57:37,3063.35,149494
2021-06-21 09:57:38,3063.5,149497
2021-06-21 09:57:39,3063.55,149501
2021-06-21 09:57:40,3064.9,149888
2021-06-21 09:57:41,3063.65,149899
2021-06-21 09:57:42,3064.9,149986
2021-06-21 09:57:43,3064.9,150115
2021-06-21 09:57:44,3064.9,150151
2021-06-21 09:57:45,3064.95,150206
2021-06-21 09:57:46,3065.0,150806
2021-06-21 09:57:46,3065.0,150852
2021-06-21 09:57:48,3063.85,151116
2021-06-21 09:57:49,3065.0,151305
2021-06-21 09:57:50,3063.5,151322
2021-06-21 09:57:51,3063.5,151322
2021-06-21 09:57:52,3063.6,151488
2021-06-21 09:57:54,3064.9,151570
2021-06-21 09:57:55,3063.3,151571
2021-06-21 09:57:56,3063.3,151571
2021-06-21 09:57:57,3063.3,151571
2021-06-21 09:57:58,3064.05,151580
2021-06-21 09:57:59,3064.05,151580
2021-06-21 09:58:00,3064.05,151580
2021-06-21 09:58:01,3064.3,151606
2021-06-21 09:58:02,3063.0,151607
2021-06-21 09:58:03,3062.75,151621
2021-06-21 09:58:04,3062.75,151621
2021-06-21 09:58:05,3064.0,151701
2021-06-21 09:58:06,3064.0,151701
2021-06-21 09:58:07,3064.0,151702
2021-06-21 09:58:09,3064.05,151706
2021-06-21 09:58:10,3064.25,151807
2021-06-21 09:58:12,3064.35,151832
2021-06-21 09:58:12,3064.35,151832
2021-06-21 09:58:14,3063.05,151837
2021-06-21 09:58:15,3063.05,151837
2021-06-21 09:58:16,3064.0,151839
2021-06-21 09:58:19,3063.0,151926
2021-06-21 09:58:20,3064.0,152061
2021-06-21 09:58:22,3064.0,152062
2021-06-21 09:58:23,3064.0,152069
2021-06-21 09:58:24,3064.0,152069
2021-06-21 09:58:25,3063.0,152079
2021-06-21 09:58:26,3063.0,152090
2021-06-21 09:58:27,3063.0,152090
2021-06-21 09:58:29,3064.0,152142
2021-06-21 09:58:30,3063.9,152144
2021-06-21 09:58:31,3063.9,152146
2021-06-21 09:58:33,3061.9,152419
2021-06-21 09:58:34,3060.4,152464
2021-06-21 09:58:35,3060.35,152482
2021-06-21 09:58:36,3060.25,152492
2021-06-21 09:58:37,3061.65,152497
2021-06-21 09:58:38,3061.65,152497
2021-06-21 09:58:39,3061.7,152512
2021-06-21 09:58:39,3061.7,152513
2021-06-21 09:58:41,3060.1,152613
2021-06-21 09:58:42,3060.1,152613
2021-06-21 09:58:43,3060.05,152633
2021-06-21 09:58:45,3062.5,152643
2021-06-21 09:58:45,3062.5,152643
2021-06-21 09:58:46,3062.75,152644
2021-06-21 09:58:47,3063.0,152649
2021-06-21 09:58:48,3063.0,152670
2021-06-21 09:58:50,3063.0,152685
2021-06-21 09:58:51,3063.0,152691
2021-06-21 09:58:52,3063.0,152692
2021-06-21 09:58:53,3061.65,152699
2021-06-21 09:58:54,3061.65,152699
2021-06-21 09:58:55,3063.0,152729
2021-06-21 09:58:56,3063.0,152729
2021-06-21 09:58:57,3063.05,152835
2021-06-21 09:58:58,3063.05,152835
2021-06-21 09:58:59,3062.8,152913
2021-06-21 09:59:00,3062.8,152913
2021-06-21 09:59:00,3062.85,152938
2021-06-21 09:59:01,3062.85,152938
2021-06-21 09:59:02,3062.85,152941
2021-06-21 09:59:04,3062.75,152943
2021-06-21 09:59:06,3061.75,152982
2021-06-21 09:59:07,3061.75,152982
2021-06-21 09:59:08,3061.75,152982
2021-06-21 09:59:09,3063.0,153276
2021-06-21 09:59:10,3063.0,153276
2021-06-21 09:59:11,3063.45,153278
2021-06-21 09:59:13,3063.35,153295
2021-06-21 09:59:13,3062.25,153297
2021-06-21 09:59:17,3063.7,153339
2021-06-21 09:59:19,3063.7,153354
2021-06-21 09:59:20,3063.4,153394
2021-06-21 09:59:21,3062.05,153396
2021-06-21 09:59:22,3062.05,153396
2021-06-21 09:59:22,3062.05,153396
2021-06-21 09:59:23,3063.4,153409
2021-06-21 09:59:24,3062.75,153414
2021-06-21 09:59:25,3062.75,153414
2021-06-21 09:59:26,3063.4,153441
2021-06-21 09:59:27,3063.4,153442
2021-06-21 09:59:29,3063.4,153442
2021-06-21 09:59:29,3062.2,153492
2021-06-21 09:59:31,3061.65,153581
2021-06-21 09:59:31,3061.65,153581
2021-06-21 09:59:33,3061.65,153581
2021-06-21 09:59:34,3061.4,153605
2021-06-21 09:59:35,3061.45,153606
2021-06-21 09:59:36,3061.45,153606
2021-06-21 09:59:37,3062.5,153616
2021-06-21 09:59:38,3061.05,153617
2021-06-21 09:59:39,3061.05,153617
2021-06-21 09:59:40,3061.05,153617
2021-06-21 09:59:42,3061.0,153628
2021-06-21 09:59:43,3062.1,153653
2021-06-21 09:59:44,3062.1,153656
2021-06-21 09:59:45,3061.0,153711
2021-06-21 09:59:46,3061.0,153711
2021-06-21 09:59:47,3061.0,153711
2021-06-21 09:59:48,3061.05,153721
2021-06-21 09:59:49,3062.5,153728
2021-06-21 09:59:50,3063.0,153753
2021-06-21 09:59:51,3063.0,153756
2021-06-21 09:59:52,3063.0,153756
2021-06-21 09:59:53,3063.0,153758
2021-06-21 09:59:54,3063.0,153808
2021-06-21 09:59:55,3063.0,153808
2021-06-21 09:59:56,3063.0,153808
2021-06-21 09:59:57,3061.45,153813
2021-06-21 09:59:58,3061.45,153813
2021-06-21 09:59:59,3061.45,153813
2021-06-21 10:00:00,3063.0,153823
2021-06-21 10:00:01,3063.0,153832
2021-06-21 10:00:02,3061.25,154181
2021-06-21 10:00:03,3062.95,154183
2021-06-21 10:00:04,3061.2,154533
2021-06-21 10:00:05,3061.3,154552
2021-06-21 10:00:06,3062.8,154573
2021-06-21 10:00:07,3063.0,154584
2021-06-21 10:00:08,3063.0,154585
2021-06-21 10:00:09,3063.0,154587
2021-06-21 10:00:10,3063.0,154597
2021-06-21 10:00:11,3062.7,154607
2021-06-21 10:00:12,3063.0,154618
2021-06-21 10:00:13,3063.0,154618
2021-06-21 10:00:14,3063.0,154625
2021-06-21 10:00:15,3062.7,154650
2021-06-21 10:00:16,3062.7,154650
2021-06-21 10:00:17,3063.0,154651
2021-06-21 10:00:18,3063.0,154651
2021-06-21 10:00:19,3063.0,154653
2021-06-21 10:00:20,3063.0,154660
2021-06-21 10:00:21,3062.7,154661
2021-06-21 10:00:22,3063.0,154663
2021-06-21 10:00:23,3063.0,154674
2021-06-21 10:00:24,3063.0,154675
2021-06-21 10:00:25,3063.0,154676
2021-06-21 10:00:26,3062.0,154706
2021-06-21 10:00:27,3062.0,154706
2021-06-21 10:00:30,3062.95,154711
2021-06-21 10:00:31,3062.95,154711
2021-06-21 10:00:33,3062.9,154714
2021-06-21 10:00:34,3062.95,154784
2021-06-21 10:00:37,3062.0,154874
2021-06-21 10:00:38,3062.9,154875
2021-06-21 10:00:39,3062.9,154875
2021-06-21 10:00:40,3062.9,154878
2021-06-21 10:00:41,3062.95,154893
2021-06-21 10:00:42,3062.95,154893
2021-06-21 10:00:43,3062.95,154893
2021-06-21 10:00:44,3062.95,154893
2021-06-21 10:00:45,3062.7,154894
2021-06-21 10:00:46,3062.0,154918
2021-06-21 10:00:47,3062.0,154918
2021-06-21 10:00:48,3062.0,154918
2021-06-21 10:00:50,3062.0,154920
2021-06-21 10:00:51,3062.0,154920
2021-06-21 10:00:52,3062.0,154920
2021-06-21 10:00:53,3062.0,154921
2021-06-21 10:00:54,3062.0,154928
2021-06-21 10:00:55,3062.0,155013
2021-06-21 10:00:56,3062.9,155017
2021-06-21 10:00:57,3063.35,156436
2021-06-21 10:00:58,3065.0,156469
2021-06-21 10:00:59,3064.95,156472
2021-06-21 10:01:00,3065.0,156473
2021-06-21 10:01:01,3064.95,156557
2021-06-21 10:01:02,3064.85,156595
2021-06-21 10:01:03,3064.85,156595
2021-06-21 10:01:05,3064.0,156636
2021-06-21 10:01:06,3064.0,156636
2021-06-21 10:01:08,3064.95,156638
2021-06-21 10:01:10,3064.95,156639
2021-06-21 10:01:11,3064.1,156665
2021-06-21 10:01:12,3064.9,156720
2021-06-21 10:01:13,3064.9,156720
2021-06-21 10:01:14,3064.9,156720
2021-06-21 10:01:15,3064.9,156724
2021-06-21 10:01:16,3064.9,156724
2021-06-21 10:01:17,3064.2,156884
2021-06-21 10:01:18,3064.9,156959
2021-06-21 10:01:19,3065.0,156965
2021-06-21 10:01:20,3065.0,156968
2021-06-21 10:01:21,3065.0,156968
2021-06-21 10:01:22,3065.0,156972
2021-06-21 10:01:23,3064.9,156976
2021-06-21 10:01:24,3065.0,156981
2021-06-21 10:01:25,3065.0,156981
2021-06-21 10:01:26,3064.35,158042
2021-06-21 10:01:27,3064.5,158078
2021-06-21 10:01:28,3064.5,158109
2021-06-21 10:01:29,3064.55,158140
2021-06-21 10:01:30,3064.6,158194
2021-06-21 10:01:31,3064.8,158220
2021-06-21 10:01:33,3064.7,158375
2021-06-21 10:01:34,3064.9,158376
2021-06-21 10:01:36,3063.55,158399
2021-06-21 10:01:37,3063.2,158499
2021-06-21 10:01:38,3064.85,158514
2021-06-21 10:01:39,3063.1,158715
2021-06-21 10:01:40,3063.1,158715
2021-06-21 10:01:44,3064.8,158751
2021-06-21 10:01:45,3064.8,158751
2021-06-21 10:01:46,3064.5,158767
2021-06-21 10:01:47,3064.55,158777
2021-06-21 10:01:48,3064.55,158910
2021-06-21 10:01:49,3064.6,158911
2021-06-21 10:01:50,3064.6,158912
2021-06-21 10:01:52,3064.6,158912
2021-06-21 10:01:52,3064.7,158919
2021-06-21 10:01:53,3064.7,158919
2021-06-21 10:01:54,3064.7,158919
2021-06-21 10:01:55,3063.0,158976
2021-06-21 10:01:56,3063.05,158996
2021-06-21 10:01:57,3063.05,158996
2021-06-21 10:01:58,3063.05,158996
2021-06-21 10:02:00,3064.45,158999
2021-06-21 10:02:01,3064.45,158999
2021-06-21 10:02:01,3064.45,158999
2021-06-21 10:02:02,3063.05,159000
2021-06-21 10:02:04,3063.05,159011
2021-06-21 10:02:04,3063.05,159011
2021-06-21 10:02:05,3063.05,159011
2021-06-21 10:02:06,3062.0,159316
2021-06-21 10:02:07,3063.0,159317
2021-06-21 10:02:09,3062.95,159347
2021-06-21 10:02:10,3062.95,159363
2021-06-21 10:02:11,3062.95,159363
2021-06-21 10:02:12,3063.2,159366
2021-06-21 10:02:13,3062.9,159373
2021-06-21 10:02:18,3062.0,159416
2021-06-21 10:02:19,3062.0,159416
2021-06-21 10:02:19,3062.0,159416
2021-06-21 10:02:20,3062.9,159417
2021-06-21 10:02:21,3062.9,159419
2021-06-21 10:02:22,3062.0,159434
2021-06-21 10:02:23,3062.0,159435
2021-06-21 10:02:24,3062.0,159440
2021-06-21 10:02:25,3062.0,159440
2021-06-21 10:02:26,3062.85,159461
2021-06-21 10:02:27,3062.85,159461
2021-06-21 10:02:29,3062.4,159777
2021-06-21 10:02:30,3062.4,159777
2021-06-21 10:02:31,3061.0,159792
2021-06-21 10:02:32,3061.0,159792
2021-06-21 10:02:33,3061.0,159798
2021-06-21 10:02:34,3061.0,159798
2021-06-21 10:02:35,3061.95,159807
2021-06-21 10:02:36,3061.95,159807
2021-06-21 10:02:37,3061.95,159825
2021-06-21 10:02:38,3062.0,159830
2021-06-21 10:02:39,3062.0,159881
2021-06-21 10:02:40,3062.0,159883
2021-06-21 10:02:41,3061.0,159934
2021-06-21 10:02:42,3061.95,159969
2021-06-21 10:02:43,3061.95,159969
2021-06-21 10:02:44,3061.95,159970
2021-06-21 10:02:45,3061.0,159978
2021-06-21 10:02:46,3062.0,159980
2021-06-21 10:02:47,3062.0,159980
2021-06-21 10:02:48,3061.0,159992
2021-06-21 10:02:49,3062.0,159993
2021-06-21 10:02:50,3062.0,159998
2021-06-21 10:02:51,3062.0,159999
2021-06-21 10:02:52,3062.0,159999
2021-06-21 10:02:53,3062.0,160000
2021-06-21 10:02:54,3062.0,160006
2021-06-21 10:02:55,3062.0,160006
2021-06-21 10:02:56,3062.0,160008
2021-06-21 10:02:57,3062.0,160014
2021-06-21 10:02:58,3062.0,160015
2021-06-21 10:02:59,3061.0,160029
2021-06-21 10:03:00,3061.0,160029
2021-06-21 10:03:01,3061.0,160029
2021-06-21 10:03:02,3061.95,160042
2021-06-21 10:03:03,3061.95,160061
2021-06-21 10:03:04,3061.95,160066
2021-06-21 10:03:05,3061.95,160067
2021-06-21 10:03:06,3061.95,160068
2021-06-21 10:03:07,3061.95,160269
2021-06-21 10:03:08,3061.95,160269
2021-06-21 10:03:09,3061.0,160270
2021-06-21 10:03:10,3061.95,160280
2021-06-21 10:03:11,3060.85,160506
2021-06-21 10:03:12,3060.85,160516
2021-06-21 10:03:13,3058.7,160667
2021-06-21 10:03:14,3058.7,160667
2021-06-21 10:03:15,3058.7,160667
2021-06-21 10:03:16,3060.5,161378
2021-06-21 10:03:17,3060.75,161379
2021-06-21 10:03:18,3060.75,161379
2021-06-21 10:03:19,3060.95,161414
2021-06-21 10:03:20,3060.55,161428
2021-06-21 10:03:21,3059.0,161430
2021-06-21 10:03:22,3059.0,161430
2021-06-21 10:03:23,3060.35,161435
2021-06-21 10:03:24,3059.15,161445
2021-06-21 10:03:25,3058.85,161484
2021-06-21 10:03:26,3060.3,161485
2021-06-21 10:03:27,3060.3,161485
2021-06-21 10:03:28,3060.05,161486
2021-06-21 10:03:29,3059.95,161492
2021-06-21 10:03:30,3058.7,161493
2021-06-21 10:03:31,3058.5,161515
2021-06-21 10:03:33,3058.5,161515
2021-06-21 10:03:33,3058.5,161520
2021-06-21 10:03:34,3058.5,161520
2021-06-21 10:03:35,3059.15,161522
2021-06-21 10:03:36,3059.15,161522
2021-06-21 10:03:37,3059.15,161522
2021-06-21 10:03:38,3059.15,161522
2021-06-21 10:03:39,3059.85,161536
2021-06-21 10:03:40,3059.85,161537
2021-06-21 10:03:41,3059.85,161537
2021-06-21 10:03:42,3059.85,161538
2021-06-21 10:03:43,3059.85,161538
2021-06-21 10:03:45,3059.85,161538
2021-06-21 10:03:46,3059.85,161538
2021-06-21 10:03:46,3059.5,161566
2021-06-21 10:03:48,3059.5,161619
2021-06-21 10:03:49,3059.5,161619
2021-06-21 10:03:49,3060.0,161620
2021-06-21 10:03:51,3060.0,161620
2021-06-21 10:03:51,3060.0,161623
2021-06-21 10:03:53,3060.0,161623
2021-06-21 10:03:53,3060.0,161623
2021-06-21 10:03:54,3060.0,161624
2021-06-21 10:03:55,3060.0,161624
2021-06-21 10:03:56,3059.55,161627
2021-06-21 10:03:57,3059.5,161644
2021-06-21 10:03:58,3060.0,161654
2021-06-21 10:03:59,3060.0,161655
2021-06-21 10:04:00,3060.0,161665
2021-06-21 10:04:01,3060.0,161687
2021-06-21 10:04:02,3060.0,161688
2021-06-21 10:04:03,3059.5,161731
2021-06-21 10:04:04,3059.5,161731
2021-06-21 10:04:05,3059.5,161731
2021-06-21 10:04:06,3059.05,161733
2021-06-21 10:04:07,3059.05,161743
2021-06-21 10:04:08,3059.05,161743
2021-06-21 10:04:09,3058.0,161863
2021-06-21 10:04:10,3058.0,161863
2021-06-21 10:04:11,3058.0,161863
2021-06-21 10:04:12,3058.0,161863
2021-06-21 10:04:13,3059.5,161869
2021-06-21 10:04:14,3059.5,161869
2021-06-21 10:04:16,3059.5,161869
2021-06-21 10:04:17,3059.35,161909
2021-06-21 10:04:18,3059.35,161909
2021-06-21 10:04:19,3059.35,161909
2021-06-21 10:04:20,3059.0,161910
2021-06-21 10:04:21,3059.0,161910
2021-06-21 10:04:22,3059.0,161910
2021-06-21 10:04:23,3059.4,161912
2021-06-21 10:04:25,3059.4,161912
2021-06-21 10:04:26,3058.0,161914
2021-06-21 10:04:27,3058.0,161914
2021-06-21 10:04:28,3058.0,161914
2021-06-21 10:04:30,3058.0,161914
2021-06-21 10:04:31,3058.0,161939
2021-06-21 10:04:33,3058.0,161939
2021-06-21 10:04:34,3058.0,161939
2021-06-21 10:04:34,3058.0,161939
2021-06-21 10:04:35,3059.2,161940
2021-06-21 10:04:36,3058.0,161946
2021-06-21 10:04:37,3058.0,161947
2021-06-21 10:04:38,3058.0,161947
2021-06-21 10:04:39,3058.9,161957
2021-06-21 10:04:41,3058.9,161957
2021-06-21 10:04:42,3058.9,161957
2021-06-21 10:04:43,3059.2,161965
2021-06-21 10:04:43,3059.05,161990
2021-06-21 10:04:44,3059.05,161990
2021-06-21 10:04:45,3059.05,161990
2021-06-21 10:04:46,3059.0,161991
2021-06-21 10:04:47,3058.8,161992
2021-06-21 10:04:48,3059.3,162127
2021-06-21 10:04:49,3059.3,162127
2021-06-21 10:04:50,3059.3,162127
2021-06-21 10:04:51,3059.3,162127
2021-06-21 10:04:52,3058.4,162144
2021-06-21 10:04:53,3058.4,162144
2021-06-21 10:04:54,3058.4,162144
2021-06-21 10:04:55,3058.4,162146
2021-06-21 10:04:56,3058.0,162184
2021-06-21 10:04:57,3058.0,162184
2021-06-21 10:04:58,3057.3,163135
2021-06-21 10:04:59,3057.3,163169
2021-06-21 10:05:00,3058.4,163170
2021-06-21 10:05:01,3057.35,163173
2021-06-21 10:05:02,3058.65,163221
2021-06-21 10:05:03,3059.0,163371
2021-06-21 10:05:05,3059.1,163372
2021-06-21 10:05:06,3059.1,163374
2021-06-21 10:05:07,3059.1,163381
2021-06-21 10:05:09,3059.1,163408
2021-06-21 10:05:08,3059.1,163381
2021-06-21 10:05:10,3059.1,163408
2021-06-21 10:05:11,3057.75,163497
2021-06-21 10:05:13,3057.75,163497
2021-06-21 10:05:12,3057.75,163497
2021-06-21 10:05:14,3059.2,163498
2021-06-21 10:05:15,3059.2,163498
2021-06-21 10:05:16,3059.2,163498
2021-06-21 10:05:17,3059.15,163504
2021-06-21 10:05:18,3059.95,163510
2021-06-21 10:05:19,3059.95,163510
2021-06-21 10:05:20,3060.0,163513
2021-06-21 10:05:21,3060.0,163523
2021-06-21 10:05:22,3060.0,163524
2021-06-21 10:05:23,3060.0,163524
2021-06-21 10:05:24,3060.0,163524
2021-06-21 10:05:25,3060.0,163525
2021-06-21 10:05:26,3060.0,163525
2021-06-21 10:05:27,3060.0,163530
2021-06-21 10:05:28,3059.8,163535
2021-06-21 10:05:30,3059.8,163543
2021-06-21 10:05:31,3059.8,163543
2021-06-21 10:05:32,3059.8,163543
2021-06-21 10:05:33,3059.8,163543
2021-06-21 10:05:34,3058.0,163550
2021-06-21 10:05:35,3058.0,163550
2021-06-21 10:05:36,3057.55,163551
2021-06-21 10:05:37,3057.55,163551
2021-06-21 10:05:38,3057.55,163551
2021-06-21 10:05:39,3059.0,163562
2021-06-21 10:05:40,3059.0,163565
2021-06-21 10:05:41,3057.6,163597
2021-06-21 10:05:42,3058.95,163598
2021-06-21 10:05:43,3058.95,163598
2021-06-21 10:05:44,3058.95,163598
2021-06-21 10:05:46,3057.6,163605
2021-06-21 10:05:47,3059.05,163606
2021-06-21 10:05:48,3057.6,163607
2021-06-21 10:05:49,3057.6,163607
2021-06-21 10:05:50,3057.6,163607
2021-06-21 10:05:51,3057.6,163607
2021-06-21 10:05:52,3057.6,163607
2021-06-21 10:05:53,3057.55,163627
2021-06-21 10:05:54,3057.55,163627
2021-06-21 10:05:55,3059.05,163630
2021-06-21 10:05:55,3059.05,163630
2021-06-21 10:05:56,3059.05,163631
2021-06-21 10:05:57,3058.95,163641
2021-06-21 10:05:58,3059.05,163642
2021-06-21 10:05:59,3059.05,163642
2021-06-21 10:06:00,3058.0,163645
2021-06-21 10:06:01,3058.0,163646
2021-06-21 10:06:02,3058.0,163646
2021-06-21 10:06:03,3058.0,163646
2021-06-21 10:06:04,3058.0,163647
2021-06-21 10:06:05,3058.0,163652
2021-06-21 10:06:06,3058.0,163652
2021-06-21 10:06:07,3058.0,163652
2021-06-21 10:06:08,3057.6,163663
2021-06-21 10:06:09,3058.0,163664
2021-06-21 10:06:11,3057.0,163879
2021-06-21 10:06:11,3057.0,163903
2021-06-21 10:06:12,3057.0,163903
2021-06-21 10:06:13,3057.0,163903
2021-06-21 10:06:14,3058.0,163915
2021-06-21 10:06:15,3058.0,163916
2021-06-21 10:06:16,3057.0,163966
2021-06-21 10:06:17,3057.0,163966
2021-06-21 10:06:18,3058.0,163967
2021-06-21 10:06:19,3058.0,164010
2021-06-21 10:06:20,3058.0,164014
2021-06-21 10:06:21,3057.0,164015
2021-06-21 10:06:22,3057.0,164015
2021-06-21 10:06:26,3058.0,164174
2021-06-21 10:06:27,3058.0,164184
2021-06-21 10:06:28,3057.65,164193
2021-06-21 10:06:29,3058.0,164456
2021-06-21 10:06:30,3058.0,164475
2021-06-21 10:06:31,3058.0,164475
2021-06-21 10:06:32,3058.0,164476
2021-06-21 10:06:33,3057.2,164491
2021-06-21 10:06:34,3058.0,164492
2021-06-21 10:06:36,3058.0,164492
2021-06-21 10:06:37,3058.0,164492
2021-06-21 10:06:38,3058.0,164493
2021-06-21 10:06:40,3057.2,164500
2021-06-21 10:06:41,3057.2,164500
2021-06-21 10:06:42,3057.2,164500
2021-06-21 10:06:43,3057.2,164500
2021-06-21 10:06:44,3057.2,164500
2021-06-21 10:06:45,3058.0,164600
2021-06-21 10:06:45,3058.0,164600
2021-06-21 10:06:46,3058.0,164600
2021-06-21 10:06:47,3057.2,164605
2021-06-21 10:06:48,3058.0,164610
2021-06-21 10:06:49,3058.0,164615
2021-06-21 10:06:50,3057.05,164695
2021-06-21 10:06:52,3058.0,164818
2021-06-21 10:06:53,3057.1,164851
2021-06-21 10:06:54,3057.1,164851
2021-06-21 10:06:54,3057.1,164851
2021-06-21 10:06:55,3058.0,164857
2021-06-21 10:06:56,3058.0,164859
2021-06-21 10:06:58,3058.0,164859
2021-06-21 10:06:59,3058.0,164859
2021-06-21 10:07:00,3058.0,164859
2021-06-21 10:07:01,3058.0,164859
2021-06-21 10:07:02,3058.0,164859
2021-06-21 10:07:03,3058.0,164859
2021-06-21 10:07:04,3058.0,164859
2021-06-21 10:07:05,3057.15,164860
2021-06-21 10:07:06,3057.15,164860
2021-06-21 10:07:06,3058.0,164862
2021-06-21 10:07:07,3057.15,164880
2021-06-21 10:07:08,3057.15,164886
2021-06-21 10:07:09,3058.0,164887
2021-06-21 10:07:10,3058.0,164888
2021-06-21 10:07:12,3057.15,164891
2021-06-21 10:07:13,3057.15,164891
2021-06-21 10:07:14,3057.15,164891
2021-06-21 10:07:15,3057.15,164891
2021-06-21 10:07:17,3058.0,164892
2021-06-21 10:07:18,3057.15,164898
2021-06-21 10:07:18,3057.15,164898
2021-06-21 10:07:19,3057.15,164898
2021-06-21 10:07:20,3057.15,164903
2021-06-21 10:07:21,3057.15,164903
2021-06-21 10:07:22,3057.15,164903
2021-06-21 10:07:23,3057.15,164903
2021-06-21 10:07:24,3057.15,164979
2021-06-21 10:07:25,3057.15,164979
2021-06-21 10:07:26,3057.15,164979
2021-06-21 10:07:28,3057.95,164983
2021-06-21 10:07:29,3057.15,164993
2021-06-21 10:07:30,3057.15,164993
2021-06-21 10:07:31,3057.15,164993
2021-06-21 10:07:32,3058.0,164994
2021-06-21 10:07:35,3058.0,164999
2021-06-21 10:07:36,3058.0,164999
2021-06-21 10:07:37,3058.0,164999
2021-06-21 10:07:38,3058.0,164999
2021-06-21 10:07:38,3058.0,164999
2021-06-21 10:07:39,3058.0,164999
2021-06-21 10:07:40,3058.0,164999
2021-06-21 10:07:41,3058.0,164999
2021-06-21 10:07:42,3058.0,164999
2021-06-21 10:07:44,3058.0,164999
2021-06-21 10:07:45,3058.0,165009
2021-06-21 10:07:47,3058.0,165009
2021-06-21 10:07:48,3058.0,165010
2021-06-21 10:07:49,3058.0,165011
2021-06-21 10:07:50,3058.0,165011
2021-06-21 10:07:51,3058.0,165046
2021-06-21 10:07:51,3058.0,165046
2021-06-21 10:07:52,3058.0,165050
2021-06-21 10:07:53,3058.0,165050
2021-06-21 10:07:54,3058.0,165054
2021-06-21 10:07:55,3058.0,165055
2021-06-21 10:07:57,3058.0,165061
2021-06-21 10:07:59,3058.0,165061
2021-06-21 10:08:00,3058.0,165061
2021-06-21 10:08:01,3058.0,165061
2021-06-21 10:08:02,3058.0,165061
2021-06-21 10:08:03,3058.0,165061
2021-06-21 10:08:04,3058.0,165061
2021-06-21 10:08:04,3058.0,165261
2021-06-21 10:08:06,3058.0,165461
2021-06-21 10:08:07,3057.9,165486
2021-06-21 10:08:08,3058.0,165488
2021-06-21 10:08:09,3058.0,165560
2021-06-21 10:08:09,3057.9,165565
2021-06-21 10:08:10,3057.9,165566
2021-06-21 10:08:11,3058.0,165624
2021-06-21 10:08:13,3058.0,166472
2021-06-21 10:08:14,3059.0,166473
2021-06-21 10:08:15,3059.0,166479
2021-06-21 10:08:16,3059.0,166526
2021-06-21 10:08:17,3058.05,166680
2021-06-21 10:08:17,3059.0,166682
2021-06-21 10:08:18,3059.0,166682
2021-06-21 10:08:19,3059.0,166685
2021-06-21 10:08:20,3057.75,166788
2021-06-21 10:08:21,3057.75,166788
2021-06-21 10:08:23,3057.75,166788
2021-06-21 10:08:24,3059.0,166829
2021-06-21 10:08:25,3059.0,166829
2021-06-21 10:08:26,3059.0,166829
2021-06-21 10:08:27,3059.0,166836
2021-06-21 10:08:28,3058.0,166837
2021-06-21 10:08:29,3058.0,166837
2021-06-21 10:08:30,3059.0,166840
2021-06-21 10:08:31,3059.0,166840
2021-06-21 10:08:32,3059.0,166847
2021-06-21 10:08:33,3059.0,166847
2021-06-21 10:08:33,3058.05,166853
2021-06-21 10:08:34,3058.05,166853
2021-06-21 10:08:35,3058.05,166853
2021-06-21 10:08:37,3058.0,166858
2021-06-21 10:08:38,3058.0,166859
2021-06-21 10:08:39,3058.0,166859
2021-06-21 10:08:40,3058.0,166859
2021-06-21 10:08:41,3059.0,166861
2021-06-21 10:08:42,3059.0,166946
2021-06-21 10:08:43,3059.0,166946
2021-06-21 10:08:44,3059.05,166947
2021-06-21 10:08:45,3058.25,166972
2021-06-21 10:08:46,3059.85,166987
2021-06-21 10:08:47,3058.5,166991
2021-06-21 10:08:48,3059.8,166992
2021-06-21 10:08:49,3058.5,166998
2021-06-21 10:08:50,3059.85,167019
2021-06-21 10:08:51,3058.55,167029
2021-06-21 10:08:52,3060.0,167048
2021-06-21 10:08:53,3060.0,167053
2021-06-21 10:08:54,3060.0,167054
2021-06-21 10:08:56,3060.0,167064
2021-06-21 10:08:57,3060.0,167064
2021-06-21 10:08:58,3060.0,167065
2021-06-21 10:08:58,3060.0,167068
2021-06-21 10:08:59,3060.0,167068
2021-06-21 10:09:00,3058.5,167766
2021-06-21 10:09:02,3059.85,167843
2021-06-21 10:09:03,3059.8,167844
2021-06-21 10:09:04,3058.5,167889
2021-06-21 10:09:04,3058.5,167889
2021-06-21 10:09:06,3059.7,167893
2021-06-21 10:09:07,3058.5,167925
2021-06-21 10:09:08,3059.6,167928
2021-06-21 10:09:08,3059.6,167928
2021-06-21 10:09:09,3059.6,167932
2021-06-21 10:09:11,3059.65,167934
2021-06-21 10:09:12,3059.65,167934
2021-06-21 10:09:13,3059.65,167934
2021-06-21 10:09:14,3059.65,167934
2021-06-21 10:09:15,3058.5,167950
2021-06-21 10:09:16,3058.5,168393
2021-06-21 10:09:17,3059.45,168399
2021-06-21 10:09:18,3058.5,168419
2021-06-21 10:09:19,3059.45,168426
2021-06-21 10:09:19,3059.45,168426
2021-06-21 10:09:22,3059.45,168457
2021-06-21 10:09:24,3059.3,168501
2021-06-21 10:09:25,3058.15,168527
2021-06-21 10:09:26,3058.05,168583
2021-06-21 10:09:27,3058.05,168583
2021-06-21 10:09:28,3058.05,168583
2021-06-21 10:09:29,3059.35,168586
2021-06-21 10:09:29,3059.35,168586
2021-06-21 10:09:30,3059.35,168586
2021-06-21 10:09:31,3059.35,168586
2021-06-21 10:09:32,3059.3,168616
2021-06-21 10:09:34,3059.3,168616
2021-06-21 10:09:35,3059.3,168616
2021-06-21 10:09:36,3059.45,168627
2021-06-21 10:09:37,3059.45,168627
2021-06-21 10:09:38,3059.45,168627
2021-06-21 10:09:39,3059.4,168628
2021-06-21 10:09:40,3059.45,168649
2021-06-21 10:09:41,3059.3,168650
2021-06-21 10:09:42,3059.3,168650
