timestamp,ltp,volume
2021-06-21 09:16:28,11827.3,11609
2021-06-21 09:16:30,11822.6,11677
2021-06-21 09:16:31,11832.75,11721
2021-06-21 09:16:32,11829.15,11724
2021-06-21 09:16:33,11822.25,11899
2021-06-21 09:16:35,11820.0,11949
2021-06-21 09:16:36,11827.05,12004
2021-06-21 09:16:37,11826.7,12019
2021-06-21 09:16:37,11826.7,12019
2021-06-21 09:16:38,11828.05,12035
2021-06-21 09:16:42,11827.0,12111
2021-06-21 09:16:43,11827.0,12211
2021-06-21 09:16:44,11829.15,12294
2021-06-21 09:16:45,11836.95,12344
2021-06-21 09:16:45,11836.95,12364
2021-06-21 09:16:46,11836.95,12364
2021-06-21 09:16:48,11836.95,12364
2021-06-21 09:16:48,11836.95,12364
2021-06-21 09:16:50,11834.75,12405
2021-06-21 09:16:51,11835.9,12443
2021-06-21 09:16:52,11840.45,12461
2021-06-21 09:16:53,11839.65,12485
2021-06-21 09:16:54,11836.95,12498
2021-06-21 09:16:55,11843.9,12562
2021-06-21 09:16:57,11850.0,12654
2021-06-21 09:16:58,11849.35,12732
2021-06-21 09:16:59,11842.85,12752
2021-06-21 09:17:00,11850.6,13016
2021-06-21 09:17:01,11857.9,13057
2021-06-21 09:17:02,11865.85,13068
2021-06-21 09:17:03,11866.4,13072
2021-06-21 09:17:04,11856.35,13106
2021-06-21 09:17:05,11866.3,13108
2021-06-21 09:17:06,11866.45,13113
2021-06-21 09:17:08,11856.1,13148
2021-06-21 09:17:11,11861.0,13679
2021-06-21 09:17:13,11840.45,13788
2021-06-21 09:17:15,11846.7,13832
2021-06-21 09:17:16,11846.7,13832
2021-06-21 09:17:17,11848.4,13846
2021-06-21 09:17:18,11849.55,13857
2021-06-21 09:17:19,11848.0,13872
2021-06-21 09:17:20,11848.0,13872
2021-06-21 09:17:21,11848.0,13896
2021-06-21 09:17:22,11846.55,13940
2021-06-21 09:17:23,11854.15,14030
2021-06-21 09:17:24,11839.0,14059
2021-06-21 09:17:25,11845.0,14093
2021-06-21 09:17:26,11845.1,14204
2021-06-21 09:17:27,11831.45,14214
2021-06-21 09:17:28,11840.1,14378
2021-06-21 09:17:29,11839.6,14405
2021-06-21 09:17:30,11839.6,14405
2021-06-21 09:17:31,11835.75,14537
2021-06-21 09:17:32,11834.25,14557
2021-06-21 09:17:33,11841.9,14563
2021-06-21 09:17:34,11841.9,14563
2021-06-21 09:17:35,11835.1,14625
2021-06-21 09:17:36,11835.1,14625
2021-06-21 09:17:37,11835.1,14625
2021-06-21 09:17:38,11835.1,14625
2021-06-21 09:17:39,11846.7,14691
2021-06-21 09:17:40,11847.65,14732
2021-06-21 09:17:41,11848.0,14742
2021-06-21 09:17:42,11848.0,14742
2021-06-21 09:17:43,11848.5,14893
2021-06-21 09:17:44,11845.45,14934
2021-06-21 09:17:45,11845.45,14934
2021-06-21 09:17:46,11845.45,14934
2021-06-21 09:17:47,11845.45,14934
2021-06-21 09:17:48,11848.0,15039
2021-06-21 09:17:49,11846.35,15062
2021-06-21 09:17:50,11846.35,15062
2021-06-21 09:17:51,11850.0,15074
2021-06-21 09:17:52,11845.45,15185
2021-06-21 09:17:53,11845.6,15187
2021-06-21 09:17:54,11841.75,15240
2021-06-21 09:17:55,11842.0,15245
2021-06-21 09:17:56,11842.0,15245
2021-06-21 09:17:57,11845.45,15250
2021-06-21 09:17:58,11845.45,15250
2021-06-21 09:17:59,11841.9,15263
2021-06-21 09:18:00,11845.6,15300
2021-06-21 09:18:01,11845.0,15303
2021-06-21 09:18:02,11852.7,15309
2021-06-21 09:18:03,11846.2,15364
2021-06-21 09:18:04,11852.4,15419
2021-06-21 09:18:05,11848.0,15421
2021-06-21 09:18:06,11843.05,15451
2021-06-21 09:18:07,11842.95,15461
2021-06-21 09:18:08,11843.6,15588
2021-06-21 09:18:09,11845.95,15682
2021-06-21 09:18:10,11844.35,15711
2021-06-21 09:18:11,11851.5,15769
2021-06-21 09:18:12,11842.35,15817
2021-06-21 09:18:13,11846.0,15940
2021-06-21 09:18:14,11845.95,15955
2021-06-21 09:18:15,11844.8,15957
2021-06-21 09:18:16,11851.5,15958
2021-06-21 09:18:17,11851.5,16033
2021-06-21 09:18:18,11843.9,16267
2021-06-21 09:18:19,11833.85,16295
2021-06-21 09:18:20,11833.85,16295
2021-06-21 09:18:21,11840.0,16300
2021-06-21 09:18:22,11831.45,16370
2021-06-21 09:18:23,11831.0,16380
2021-06-21 09:18:24,11839.85,16389
2021-06-21 09:18:25,11839.85,16399
2021-06-21 09:18:27,11833.85,16404
2021-06-21 09:18:26,11833.85,16404
2021-06-21 09:18:28,11833.85,16413
2021-06-21 09:18:29,11833.9,16434
2021-06-21 09:18:30,11833.85,16532
2021-06-21 09:18:31,11827.0,16861
2021-06-21 09:18:32,11827.0,16870
2021-06-21 09:18:33,11825.3,17036
2021-06-21 09:18:34,11833.0,17129
2021-06-21 09:18:35,11832.05,17273
2021-06-21 09:18:36,11829.35,17298
2021-06-21 09:18:37,11822.4,17299
2021-06-21 09:18:38,11832.6,17301
2021-06-21 09:18:39,11832.6,17301
2021-06-21 09:18:40,11825.95,17303
2021-06-21 09:18:41,11832.65,17322
2021-06-21 09:18:42,11830.0,17327
2021-06-21 09:18:43,11830.0,17327
2021-06-21 09:18:44,11830.0,17327
2021-06-21 09:18:45,11831.45,17337
2021-06-21 09:18:46,11833.0,17358
2021-06-21 09:18:47,11843.8,17390
2021-06-21 09:18:48,11834.0,17400
2021-06-21 09:18:49,11844.15,17401
2021-06-21 09:18:50,11844.15,17402
2021-06-21 09:18:51,11840.3,17403
2021-06-21 09:18:52,11852.35,17912
2021-06-21 09:18:53,11848.0,17955
2021-06-21 09:18:54,11848.0,17955
2021-06-21 09:18:55,11844.75,17956
2021-06-21 09:18:56,11844.75,17956
2021-06-21 09:18:57,11844.75,17956
2021-06-21 09:18:58,11843.7,17958
2021-06-21 09:18:59,11843.75,17963
2021-06-21 09:19:00,11843.75,17963
2021-06-21 09:19:01,11843.75,17963
2021-06-21 09:19:02,11848.65,17984
2021-06-21 09:19:05,11848.95,18007
2021-06-21 09:19:06,11849.95,18049
2021-06-21 09:19:07,11849.95,18086
2021-06-21 09:19:08,11849.95,18088
2021-06-21 09:19:09,11850.0,18146
2021-06-21 09:19:10,11850.0,18151
2021-06-21 09:19:11,11851.0,18180
2021-06-21 09:19:12,11848.05,18196
2021-06-21 09:19:13,11847.2,18198
2021-06-21 09:19:14,11847.3,18203
2021-06-21 09:19:15,11847.3,18203
2021-06-21 09:19:18,11859.95,18342
2021-06-21 09:19:21,11859.8,18380
2021-06-21 09:19:23,11850.65,18459
2021-06-21 09:19:23,11850.7,18470
2021-06-21 09:19:24,11861.05,18495
2021-06-21 09:19:25,11863.0,18500
2021-06-21 09:19:27,11866.0,18517
2021-06-21 09:19:28,11875.0,18643
2021-06-21 09:19:29,11875.0,18643
2021-06-21 09:19:30,11868.95,18653
2021-06-21 09:19:31,11868.95,18653
2021-06-21 09:19:32,11868.95,18653
2021-06-21 09:19:33,11876.4,18757
2021-06-21 09:19:34,11876.0,18787
2021-06-21 09:19:35,11876.0,18813
2021-06-21 09:19:36,11880.0,18844
2021-06-21 09:19:37,11876.0,18942
2021-06-21 09:19:38,11876.0,18952
2021-06-21 09:19:39,11873.75,18962
2021-06-21 09:19:40,11873.05,18976
2021-06-21 09:19:41,11873.05,18978
2021-06-21 09:19:42,11876.0,19080
2021-06-21 09:19:43,11870.15,19103
2021-06-21 09:19:44,11875.9,19107
2021-06-21 09:19:45,11876.0,19419
2021-06-21 09:19:47,11875.95,19467
2021-06-21 09:19:48,11876.0,19499
2021-06-21 09:19:49,11874.15,19646
2021-06-21 09:19:50,11880.0,19681
2021-06-21 09:19:51,11883.25,19698
2021-06-21 09:19:52,11875.2,19699
2021-06-21 09:19:53,11883.1,19728
2021-06-21 09:19:54,11875.35,19738
2021-06-21 09:19:55,11875.35,19738
2021-06-21 09:19:56,11880.0,19748
2021-06-21 09:19:57,11895.0,19974
2021-06-21 09:19:58,11890.9,20010
2021-06-21 09:19:59,11899.0,20030
2021-06-21 09:20:00,11899.0,20083
2021-06-21 09:20:01,11900.0,20195
2021-06-21 09:20:02,11900.0,20195
2021-06-21 09:20:03,11886.05,20208
2021-06-21 09:20:04,11890.0,20441
2021-06-21 09:20:05,11886.2,20486
2021-06-21 09:20:06,11886.2,20486
2021-06-21 09:20:07,11887.8,20488
2021-06-21 09:20:09,11887.8,20489
2021-06-21 09:20:10,11878.55,20568
2021-06-21 09:20:11,11870.0,20713
2021-06-21 09:20:12,11873.3,20737
2021-06-21 09:20:12,11873.3,20737
2021-06-21 09:20:13,11872.45,20747
2021-06-21 09:20:14,11872.35,20750
2021-06-21 09:20:15,11865.0,21073
2021-06-21 09:20:16,11860.0,21082
2021-06-21 09:20:17,11859.8,21084
2021-06-21 09:20:18,11858.0,21094
2021-06-21 09:20:19,11865.3,21229
2021-06-21 09:20:20,11862.65,21251
2021-06-21 09:20:21,11865.05,21256
2021-06-21 09:20:22,11870.0,21285
2021-06-21 09:20:23,11873.3,21296
2021-06-21 09:20:24,11868.55,21299
2021-06-21 09:20:25,11868.55,21299
2021-06-21 09:20:26,11873.85,21300
2021-06-21 09:20:27,11868.55,21383
2021-06-21 09:20:28,11873.85,21405
2021-06-21 09:20:29,11868.8,21415
2021-06-21 09:20:30,11885.15,21507
2021-06-21 09:20:31,11884.35,21510
2021-06-21 09:20:32,11888.05,21514
2021-06-21 09:20:33,11888.05,21530
2021-06-21 09:20:34,11893.0,21531
2021-06-21 09:20:35,11893.0,21531
2021-06-21 09:20:36,11887.05,21534
2021-06-21 09:20:37,11894.4,21643
2021-06-21 09:20:39,11893.5,21814
2021-06-21 09:20:40,11898.8,21824
2021-06-21 09:20:41,11900.0,22039
2021-06-21 09:20:43,11895.0,22111
2021-06-21 09:20:45,11895.7,22121
2021-06-21 09:20:46,11905.0,22178
2021-06-21 09:20:47,11906.0,22179
2021-06-21 09:20:48,11907.35,22200
2021-06-21 09:20:48,11914.0,22210
2021-06-21 09:20:49,11902.4,22268
2021-06-21 09:20:50,11899.4,22300
2021-06-21 09:20:51,11900.75,22325
2021-06-21 09:20:52,11896.35,22426
2021-06-21 09:20:53,11895.2,22437
2021-06-21 09:20:54,11893.25,22439
2021-06-21 09:20:55,11891.8,22526
2021-06-21 09:20:56,11890.4,22537
2021-06-21 09:20:57,11890.0,22551
2021-06-21 09:20:58,11888.15,22603
2021-06-21 09:20:59,11880.8,22626
2021-06-21 09:21:00,11880.8,22626
2021-06-21 09:21:01,11887.75,22641
2021-06-21 09:21:02,11882.65,22660
2021-06-21 09:21:03,11899.55,23181
2021-06-21 09:21:04,11889.8,23243
2021-06-21 09:21:05,11895.3,23254
2021-06-21 09:21:06,11886.05,23256
2021-06-21 09:21:07,11895.3,23276
2021-06-21 09:21:08,11894.7,23284
2021-06-21 09:21:09,11891.55,23307
2021-06-21 09:21:10,11891.55,23307
2021-06-21 09:21:11,11891.5,23308
2021-06-21 09:21:12,11880.0,23388
2021-06-21 09:21:13,11883.3,23409
2021-06-21 09:21:14,11883.5,23445
2021-06-21 09:21:15,11883.45,23519
2021-06-21 09:21:16,11875.55,23576
2021-06-21 09:21:18,11883.55,23582
2021-06-21 09:21:19,11876.05,23738
2021-06-21 09:21:19,11880.0,23759
2021-06-21 09:21:20,11881.35,23881
2021-06-21 09:21:21,11880.25,23906
2021-06-21 09:21:22,11880.25,23906
2021-06-21 09:21:23,11891.2,23912
2021-06-21 09:21:24,11888.85,23913
2021-06-21 09:21:25,11889.1,23927
2021-06-21 09:21:26,11890.8,23955
2021-06-21 09:21:27,11890.85,23956
2021-06-21 09:21:28,11893.1,23978
2021-06-21 09:21:29,11893.1,23989
2021-06-21 09:21:30,11893.0,23991
2021-06-21 09:21:31,11893.0,24016
2021-06-21 09:21:32,11893.1,24048
2021-06-21 09:21:33,11893.35,24051
2021-06-21 09:21:35,11893.5,24059
2021-06-21 09:21:36,11887.0,24074
2021-06-21 09:21:37,11887.0,24075
2021-06-21 09:21:38,11892.55,24155
2021-06-21 09:21:39,11890.15,24190
2021-06-21 09:21:41,11892.5,24221
2021-06-21 09:21:42,11897.45,24288
2021-06-21 09:21:42,11897.55,24265
2021-06-21 09:21:43,11900.0,24320
2021-06-21 09:21:44,11901.8,24354
2021-06-21 09:21:45,11902.1,24359
2021-06-21 09:21:46,11902.1,24362
2021-06-21 09:21:47,11904.0,24363
2021-06-21 09:21:48,11904.0,24364
2021-06-21 09:21:49,11910.0,24399
2021-06-21 09:21:50,11914.0,24416
2021-06-21 09:21:51,11914.0,24416
2021-06-21 09:21:52,11908.05,24499
2021-06-21 09:21:53,11908.05,24504
2021-06-21 09:21:55,11915.55,24618
2021-06-21 09:21:56,11908.55,24651
2021-06-21 09:21:57,11913.3,24750
2021-06-21 09:21:58,11919.9,24755
2021-06-21 09:21:59,11914.05,24766
2021-06-21 09:22:00,11914.35,24768
2021-06-21 09:22:01,11921.0,24933
2021-06-21 09:22:02,11920.5,24954
2021-06-21 09:22:03,11920.5,24963
2021-06-21 09:22:04,11925.0,24973
2021-06-21 09:22:05,11921.0,24989
2021-06-21 09:22:06,11915.5,25059
2021-06-21 09:22:06,11917.05,25061
2021-06-21 09:22:07,11920.45,25062
2021-06-21 09:22:08,11920.15,25069
2021-06-21 09:22:09,11920.15,25080
2021-06-21 09:22:11,11919.45,25090
2021-06-21 09:22:11,11919.45,25090
2021-06-21 09:22:12,11919.45,25091
2021-06-21 09:22:13,11924.15,25097
2021-06-21 09:22:14,11912.4,25123
2021-06-21 09:22:15,11920.1,25168
2021-06-21 09:22:16,11920.15,25179
2021-06-21 09:22:17,11919.65,25190
2021-06-21 09:22:19,11920.0,25209
2021-06-21 09:22:20,11920.0,25209
2021-06-21 09:22:21,11924.1,25246
2021-06-21 09:22:22,11915.0,25256
2021-06-21 09:22:23,11915.15,25270
2021-06-21 09:22:24,11911.85,25310
2021-06-21 09:22:25,11919.15,25311
2021-06-21 09:22:26,11911.05,25411
2021-06-21 09:22:27,11918.85,25418
2021-06-21 09:22:27,11918.85,25418
2021-06-21 09:22:28,11918.85,25418
2021-06-21 09:22:29,11918.05,25421
2021-06-21 09:22:30,11918.05,25424
2021-06-21 09:22:31,11912.1,25519
2021-06-21 09:22:32,11912.2,25525
2021-06-21 09:22:33,11910.0,25577
2021-06-21 09:22:34,11908.0,25593
2021-06-21 09:22:35,11910.0,25611
2021-06-21 09:22:36,11908.0,25616
2021-06-21 09:22:37,11908.0,25649
2021-06-21 09:22:38,11906.0,25699
2021-06-21 09:22:39,11908.9,25743
2021-06-21 09:22:40,11908.9,25743
2021-06-21 09:22:42,11909.1,25781
2021-06-21 09:22:43,11909.1,25783
2021-06-21 09:22:44,11908.05,25786
2021-06-21 09:22:45,11908.05,25787
2021-06-21 09:22:46,11914.55,25805
2021-06-21 09:22:47,11911.1,25808
2021-06-21 09:22:49,11910.0,25814
2021-06-21 09:22:50,11910.0,25816
2021-06-21 09:22:51,11909.6,25817
2021-06-21 09:22:52,11909.6,25817
2021-06-21 09:22:53,11909.6,25820
2021-06-21 09:22:54,11916.95,25822
2021-06-21 09:22:55,11919.9,25894
2021-06-21 09:22:56,11919.75,25909
2021-06-21 09:22:57,11910.15,25914
2021-06-21 09:22:58,11910.15,25914
2021-06-21 09:22:59,11910.25,25915
2021-06-21 09:23:01,11919.65,25925
2021-06-21 09:23:01,11912.05,25947
2021-06-21 09:23:02,11912.05,25962
2021-06-21 09:23:03,11910.75,25972
2021-06-21 09:23:04,11910.75,25972
2021-06-21 09:23:05,11909.85,25994
2021-06-21 09:23:06,11915.0,26019
2021-06-21 09:23:07,11910.75,26029
2021-06-21 09:23:08,11920.0,26054
2021-06-21 09:23:09,11920.0,26054
2021-06-21 09:23:10,11916.95,26055
2021-06-21 09:23:12,11916.95,26055
2021-06-21 09:23:14,11911.0,26063
2021-06-21 09:23:15,11911.0,26113
2021-06-21 09:23:16,11917.9,26176
2021-06-21 09:23:17,11911.9,26187
2021-06-21 09:23:18,11911.9,26187
2021-06-21 09:23:20,11918.85,26192
2021-06-21 09:23:22,11901.95,26300
2021-06-21 09:23:23,11909.05,26334
2021-06-21 09:23:24,11904.45,26665
2021-06-21 09:23:25,11911.55,26772
2021-06-21 09:23:26,11917.8,26883
2021-06-21 09:23:27,11905.25,26920
2021-06-21 09:23:28,11919.6,27069
2021-06-21 09:23:29,11911.75,27081
2021-06-21 09:23:30,11918.6,27096
2021-06-21 09:23:32,11918.6,27096
2021-06-21 09:23:33,11912.7,27105
2021-06-21 09:23:34,11912.7,27305
2021-06-21 09:23:36,11918.9,27332
2021-06-21 09:23:37,11914.0,27333
2021-06-21 09:23:38,11914.0,27333
2021-06-21 09:23:40,11910.15,27441
2021-06-21 09:23:41,11906.4,27455
2021-06-21 09:23:43,11906.25,27456
2021-06-21 09:23:44,11906.25,27456
2021-06-21 09:23:45,11906.0,27496
2021-06-21 09:23:46,11906.0,27496
2021-06-21 09:23:47,11906.1,27499
2021-06-21 09:23:48,11911.4,27501
2021-06-21 09:23:49,11910.65,27513
2021-06-21 09:23:50,11910.7,27519
2021-06-21 09:23:51,11910.7,27519
2021-06-21 09:23:52,11910.7,27519
2021-06-21 09:23:53,11906.2,27524
2021-06-21 09:23:54,11906.2,27562
2021-06-21 09:23:55,11906.2,27577
2021-06-21 09:23:56,11906.2,27603
2021-06-21 09:23:57,11906.2,27752
2021-06-21 09:23:57,11906.05,27763
2021-06-21 09:23:58,11906.05,27763
2021-06-21 09:24:00,11906.25,27774
2021-06-21 09:24:01,11912.65,27775
2021-06-21 09:24:03,11905.5,27835
2021-06-21 09:24:04,11906.25,27839
2021-06-21 09:24:05,11906.0,27845
2021-06-21 09:24:07,11906.0,27845
2021-06-21 09:24:10,11904.0,27871
2021-06-21 09:24:11,11906.05,27874
2021-06-21 09:24:12,11906.05,27877
2021-06-21 09:24:13,11895.85,28098
2021-06-21 09:24:14,11892.0,28108
2021-06-21 09:24:15,11890.0,28164
2021-06-21 09:24:16,11890.0,28355
2021-06-21 09:24:17,11890.0,28635
2021-06-21 09:24:18,11880.05,28663
2021-06-21 09:24:19,11880.0,28664
2021-06-21 09:24:20,11885.25,28685
2021-06-21 09:24:21,11880.15,28699
2021-06-21 09:24:22,11880.15,28699
2021-06-21 09:24:23,11887.95,28705
2021-06-21 09:24:24,11887.95,28705
2021-06-21 09:24:25,11884.2,28706
2021-06-21 09:24:26,11883.9,28739
2021-06-21 09:24:27,11890.0,28749
2021-06-21 09:24:28,11890.0,28773
2021-06-21 09:24:30,11898.4,28801
2021-06-21 09:24:34,11901.0,28843
2021-06-21 09:24:39,11904.75,28996
2021-06-21 09:24:40,11904.85,28998
2021-06-21 09:24:41,11904.9,29003
2021-06-21 09:24:43,11904.9,29003
2021-06-21 09:24:44,11904.9,29003
2021-06-21 09:24:46,11903.05,29019
2021-06-21 09:24:47,11903.05,29019
2021-06-21 09:24:48,11903.05,29019
2021-06-21 09:24:49,11905.0,29088
2021-06-21 09:24:50,11902.55,29091
2021-06-21 09:24:51,11902.9,29097
2021-06-21 09:24:52,11902.1,29108
2021-06-21 09:24:53,11905.0,29114
2021-06-21 09:24:54,11905.0,29114
2021-06-21 09:24:55,11905.0,29117
2021-06-21 09:24:56,11905.0,29117
2021-06-21 09:24:57,11905.0,29119
2021-06-21 09:24:58,11905.0,29119
2021-06-21 09:24:59,11905.0,29119
2021-06-21 09:25:00,11909.95,29144
2021-06-21 09:25:01,11909.95,29144
2021-06-21 09:25:02,11909.95,29144
2021-06-21 09:25:03,11909.95,29144
2021-06-21 09:25:03,11909.95,29144
2021-06-21 09:25:04,11910.0,29174
2021-06-21 09:25:05,11908.0,29177
2021-06-21 09:25:06,11911.0,29202
2021-06-21 09:25:07,11915.0,29214
2021-06-21 09:25:08,11912.0,29230
2021-06-21 09:25:09,11912.3,29243
2021-06-21 09:25:10,11910.3,29249
2021-06-21 09:25:11,11910.3,29249
2021-06-21 09:25:13,11911.05,29250
2021-06-21 09:25:14,11911.05,29250
2021-06-21 09:25:15,11905.05,29253
2021-06-21 09:25:16,11905.05,29263
2021-06-21 09:25:17,11905.0,29265
2021-06-21 09:25:18,11904.85,29291
2021-06-21 09:25:19,11907.6,29402
2021-06-21 09:25:20,11900.1,29403
2021-06-21 09:25:21,11899.0,29416
2021-06-21 09:25:21,11890.05,29418
2021-06-21 09:25:22,11890.05,29418
2021-06-21 09:25:23,11890.05,29418
2021-06-21 09:25:24,11890.05,29418
2021-06-21 09:25:25,11890.05,29418
2021-06-21 09:25:26,11890.05,29418
2021-06-21 09:25:27,11892.95,29423
2021-06-21 09:25:28,11892.9,29425
2021-06-21 09:25:29,11892.9,29425
2021-06-21 09:25:30,11892.9,29425
2021-06-21 09:25:31,11900.1,29474
2021-06-21 09:25:32,11901.2,29490
2021-06-21 09:25:33,11910.0,29495
2021-06-21 09:25:34,11910.0,29495
2021-06-21 09:25:35,11910.0,29495
2021-06-21 09:25:36,11910.0,29495
2021-06-21 09:25:37,11909.6,29512
2021-06-21 09:25:38,11909.6,29512
2021-06-21 09:25:39,11909.6,29512
2021-06-21 09:25:40,11909.6,29512
2021-06-21 09:25:41,11909.6,29512
2021-06-21 09:25:42,11909.6,29512
2021-06-21 09:25:44,11909.6,29513
2021-06-21 09:25:45,11909.15,29515
2021-06-21 09:25:46,11910.0,29516
2021-06-21 09:25:47,11910.0,29526
2021-06-21 09:25:48,11910.0,29537
2021-06-21 09:25:49,11910.0,29753
2021-06-21 09:25:50,11909.55,29783
2021-06-21 09:25:51,11909.15,29841
2021-06-21 09:25:52,11909.15,29841
2021-06-21 09:25:53,11909.15,29841
2021-06-21 09:25:54,11909.15,29865
2021-06-21 09:25:55,11904.1,29882
2021-06-21 09:25:56,11904.1,29882
2021-06-21 09:25:57,11903.85,29883
2021-06-21 09:25:58,11909.45,29942
2021-06-21 09:25:59,11906.0,29944
2021-06-21 09:26:00,11910.0,29949
2021-06-21 09:26:01,11906.05,29956
2021-06-21 09:26:02,11910.0,30262
2021-06-21 09:26:03,11908.1,30294
2021-06-21 09:26:04,11908.1,30298
2021-06-21 09:26:05,11908.1,30298
2021-06-21 09:26:06,11908.1,30298
2021-06-21 09:26:07,11910.05,30329
2021-06-21 09:26:08,11910.0,30372
2021-06-21 09:26:09,11904.3,30399
2021-06-21 09:26:10,11904.3,30399
2021-06-21 09:26:11,11900.7,30400
2021-06-21 09:26:12,11909.3,30421
2021-06-21 09:26:14,11909.3,30421
2021-06-21 09:26:15,11904.5,30449
2021-06-21 09:26:16,11894.15,30556
2021-06-21 09:26:17,11890.05,30589
2021-06-21 09:26:18,11890.0,30591
2021-06-21 09:26:19,11894.3,30630
2021-06-21 09:26:20,11895.45,30634
2021-06-21 09:26:22,11886.55,30704
2021-06-21 09:26:23,11884.75,30806
2021-06-21 09:26:24,11888.05,30853
2021-06-21 09:26:25,11895.35,30865
2021-06-21 09:26:26,11895.35,30865
2021-06-21 09:26:27,11890.0,30875
2021-06-21 09:26:28,11895.0,30880
2021-06-21 09:26:29,11895.0,30880
2021-06-21 09:26:30,11899.75,30885
2021-06-21 09:26:31,11895.45,30890
2021-06-21 09:26:32,11904.4,31005
2021-06-21 09:26:33,11908.05,31088
2021-06-21 09:26:34,11909.5,31099
2021-06-21 09:26:35,11901.85,31109
2021-06-21 09:26:36,11901.85,31109
2021-06-21 09:26:37,11901.85,31109
2021-06-21 09:26:38,11907.35,31113
2021-06-21 09:26:39,11907.35,31113
2021-06-21 09:26:40,11906.05,31213
2021-06-21 09:26:41,11906.05,31213
2021-06-21 09:26:42,11906.05,31213
2021-06-21 09:26:43,11905.0,31214
2021-06-21 09:26:44,11898.4,31215
2021-06-21 09:26:45,11886.95,31320
2021-06-21 09:26:46,11896.15,31324
2021-06-21 09:26:47,11896.15,31324
2021-06-21 09:26:48,11887.1,31338
2021-06-21 09:26:49,11886.5,31601
2021-06-21 09:26:50,11886.8,31667
2021-06-21 09:26:52,11880.0,31749
2021-06-21 09:26:53,11880.0,31749
2021-06-21 09:26:54,11880.0,31751
2021-06-21 09:26:55,11880.0,31751
2021-06-21 09:26:56,11876.5,31952
2021-06-21 09:26:57,11875.55,31953
2021-06-21 09:26:58,11875.0,31966
2021-06-21 09:26:59,11875.0,31966
2021-06-21 09:27:00,11879.5,31981
2021-06-21 09:27:01,11875.0,32008
2021-06-21 09:27:02,11875.0,32008
2021-06-21 09:27:03,11875.55,32035
2021-06-21 09:27:04,11878.4,32044
2021-06-21 09:27:05,11879.8,32049
2021-06-21 09:27:06,11876.2,32052
2021-06-21 09:27:07,11876.2,32052
2021-06-21 09:27:08,11876.2,32052
2021-06-21 09:27:09,11880.0,32062
2021-06-21 09:27:10,11878.75,32125
2021-06-21 09:27:11,11878.35,32128
2021-06-21 09:27:12,11878.35,32128
2021-06-21 09:27:13,11883.3,32130
2021-06-21 09:27:14,11878.35,32133
2021-06-21 09:27:15,11880.0,32138
2021-06-21 09:27:16,11880.0,32139
2021-06-21 09:27:17,11883.9,32180
2021-06-21 09:27:18,11883.9,32180
2021-06-21 09:27:19,11883.9,32180
2021-06-21 09:27:20,11881.1,32181
2021-06-21 09:27:21,11884.6,32191
2021-06-21 09:27:22,11884.6,32191
2021-06-21 09:27:23,11885.2,32195
2021-06-21 09:27:24,11885.2,32195
2021-06-21 09:27:32,11891.85,32374
2021-06-21 09:27:33,11901.8,32377
2021-06-21 09:27:34,11901.8,32377
2021-06-21 09:27:35,11895.65,32379
2021-06-21 09:27:36,11895.65,32379
2021-06-21 09:27:37,11905.0,32380
2021-06-21 09:27:38,11905.0,32388
2021-06-21 09:27:39,11909.0,32390
2021-06-21 09:27:40,11902.85,32465
2021-06-21 09:27:41,11909.25,32540
2021-06-21 09:27:42,11902.15,32542
2021-06-21 09:27:43,11895.7,32564
2021-06-21 09:27:44,11895.7,32566
2021-06-21 09:27:45,11895.65,32567
2021-06-21 09:27:46,11895.65,32568
2021-06-21 09:27:47,11895.65,32572
2021-06-21 09:27:48,11897.05,32586
2021-06-21 09:27:49,11891.2,32591
2021-06-21 09:27:50,11898.65,32597
2021-06-21 09:27:51,11905.35,32614
2021-06-21 09:27:52,11895.1,32624
2021-06-21 09:27:53,11895.1,32624
2021-06-21 09:27:54,11895.1,32624
2021-06-21 09:27:55,11892.4,32632
2021-06-21 09:27:57,11891.0,32733
2021-06-21 09:28:02,11898.3,32758
2021-06-21 09:28:03,11895.75,32823
2021-06-21 09:28:04,11888.8,32838
2021-06-21 09:28:05,11886.05,32841
2021-06-21 09:28:06,11892.0,32851
2021-06-21 09:28:08,11891.15,32856
2021-06-21 09:28:09,11892.4,32859
2021-06-21 09:28:10,11892.4,32859
2021-06-21 09:28:11,11890.0,32876
2021-06-21 09:28:12,11884.6,32880
2021-06-21 09:28:13,11886.85,32926
2021-06-21 09:28:14,11886.85,32926
2021-06-21 09:28:15,11886.85,32926
2021-06-21 09:28:16,11896.35,32936
2021-06-21 09:28:17,11895.9,32948
2021-06-21 09:28:18,11895.9,32948
2021-06-21 09:28:19,11893.35,32991
2021-06-21 09:28:20,11895.0,33023
2021-06-21 09:28:21,11897.85,33026
2021-06-21 09:28:22,11892.15,33064
2021-06-21 09:28:23,11891.3,33083
2021-06-21 09:28:24,11891.3,33083
2021-06-21 09:28:25,11891.25,33137
2021-06-21 09:28:26,11890.9,33141
2021-06-21 09:28:27,11890.9,33141
2021-06-21 09:28:28,11887.75,33151
2021-06-21 09:28:29,11895.35,33153
2021-06-21 09:28:30,11893.9,33167
2021-06-21 09:28:31,11898.65,33176
2021-06-21 09:28:32,11902.85,33418
2021-06-21 09:28:33,11899.95,33450
2021-06-21 09:28:34,11899.1,33482
2021-06-21 09:28:35,11904.7,33488
2021-06-21 09:28:36,11899.05,33492
2021-06-21 09:28:37,11900.15,33493
2021-06-21 09:28:38,11891.3,33595
2021-06-21 09:28:39,11891.3,33595
2021-06-21 09:28:40,11891.3,33595
2021-06-21 09:28:41,11899.95,33600
2021-06-21 09:28:42,11888.0,33612
2021-06-21 09:28:43,11886.0,33616
2021-06-21 09:28:44,11886.0,33624
2021-06-21 09:28:45,11890.0,33625
2021-06-21 09:28:46,11890.0,33625
2021-06-21 09:28:47,11890.0,33625
2021-06-21 09:28:48,11900.0,33636
2021-06-21 09:28:49,11900.0,33636
2021-06-21 09:28:50,11900.0,33636
2021-06-21 09:28:53,11900.0,33662
2021-06-21 09:28:57,11900.45,33769
2021-06-21 09:28:58,11900.8,33802
2021-06-21 09:28:59,11899.0,33803
2021-06-21 09:29:00,11889.65,33816
2021-06-21 09:29:01,11889.65,33816
2021-06-21 09:29:02,11889.65,33816
2021-06-21 09:29:03,11895.7,33818
2021-06-21 09:29:04,11890.35,33840
2021-06-21 09:29:05,11900.8,33861
2021-06-21 09:29:06,11896.0,33862
2021-06-21 09:29:07,11888.85,33883
2021-06-21 09:29:08,11888.85,33883
2021-06-21 09:29:09,11900.0,33885
2021-06-21 09:29:10,11898.05,33891
2021-06-21 09:29:11,11897.9,33899
2021-06-21 09:29:12,11897.9,33899
2021-06-21 09:29:13,11897.9,33899
2021-06-21 09:29:14,11897.9,33899
2021-06-21 09:29:15,11897.9,33906
2021-06-21 09:29:16,11897.9,33906
2021-06-21 09:29:17,11900.8,33911
2021-06-21 09:29:18,11900.8,34022
2021-06-21 09:29:19,11900.0,34023
2021-06-21 09:29:20,11893.95,34035
2021-06-21 09:29:21,11897.9,34037
2021-06-21 09:29:22,11891.0,34039
2021-06-21 09:29:23,11897.5,34040
2021-06-21 09:29:24,11891.0,34041
2021-06-21 09:29:25,11897.45,34046
2021-06-21 09:29:26,11897.45,34046
2021-06-21 09:29:27,11898.5,34048
2021-06-21 09:29:28,11900.0,34053
2021-06-21 09:29:29,11900.0,34053
2021-06-21 09:29:30,11900.0,34053
2021-06-21 09:29:31,11896.65,34060
2021-06-21 09:29:32,11898.5,34072
2021-06-21 09:29:33,11894.9,34074
2021-06-21 09:29:34,11898.85,34075
2021-06-21 09:29:36,11899.0,34081
2021-06-21 09:29:37,11899.0,34081
2021-06-21 09:29:38,11899.0,34081
2021-06-21 09:29:39,11899.0,34081
2021-06-21 09:29:40,11899.0,34082
2021-06-21 09:29:41,11899.0,34084
2021-06-21 09:29:42,11899.0,34084
2021-06-21 09:29:42,11899.0,34084
2021-06-21 09:29:43,11899.0,34086
2021-06-21 09:29:44,11899.0,34089
2021-06-21 09:29:47,11890.15,34254
2021-06-21 09:29:49,11889.0,34280
2021-06-21 09:29:51,11889.0,34290
2021-06-21 09:29:52,11889.0,34290
2021-06-21 09:29:53,11889.0,34290
2021-06-21 09:29:54,11889.0,34290
2021-06-21 09:29:55,11889.45,34295
2021-06-21 09:29:57,11890.1,34300
2021-06-21 09:29:58,11890.25,34308
2021-06-21 09:29:59,11896.8,34339
2021-06-21 09:30:00,11896.8,34339
2021-06-21 09:30:01,11890.6,34350
2021-06-21 09:30:02,11890.6,34350
2021-06-21 09:30:03,11890.6,34350
2021-06-21 09:30:04,11890.6,34350
2021-06-21 09:30:05,11894.45,34352
2021-06-21 09:30:06,11894.45,34352
2021-06-21 09:30:07,11889.0,34435
2021-06-21 09:30:08,11886.0,34478
2021-06-21 09:30:09,11886.0,34478
2021-06-21 09:30:10,11889.65,34479
2021-06-21 09:30:10,11889.65,34487
2021-06-21 09:30:11,11889.65,34487
2021-06-21 09:30:12,11889.65,34487
2021-06-21 09:30:13,11889.65,34487
2021-06-21 09:30:14,11880.9,34503
2021-06-21 09:30:15,11880.9,34503
2021-06-21 09:30:16,11880.8,34569
2021-06-21 09:30:17,11886.6,34591
2021-06-21 09:30:18,11880.8,34594
2021-06-21 09:30:19,11880.8,34595
2021-06-21 09:30:20,11876.5,34739
2021-06-21 09:30:21,11875.0,34795
2021-06-21 09:30:22,11876.4,34809
2021-06-21 09:30:23,11876.1,34810
2021-06-21 09:30:24,11874.8,34813
2021-06-21 09:30:25,11870.0,34831
2021-06-21 09:30:26,11870.0,34841
2021-06-21 09:30:27,11870.0,34841
2021-06-21 09:30:29,11870.0,34841
2021-06-21 09:30:30,11870.0,34869
2021-06-21 09:30:31,11870.0,34869
2021-06-21 09:30:32,11870.0,34869
2021-06-21 09:30:33,11873.65,34891
2021-06-21 09:30:34,11870.8,34906
2021-06-21 09:30:35,11870.8,34941
2021-06-21 09:30:36,11870.8,34941
2021-06-21 09:30:37,11875.0,34969
2021-06-21 09:30:38,11875.0,34969
2021-06-21 09:30:39,11877.7,34976
2021-06-21 09:30:40,11877.7,34976
2021-06-21 09:30:40,11877.7,34976
2021-06-21 09:30:41,11880.65,34977
2021-06-21 09:30:42,11880.15,34986
2021-06-21 09:30:43,11872.55,34987
2021-06-21 09:30:44,11872.55,34992
2021-06-21 09:30:45,11872.55,34992
2021-06-21 09:30:46,11872.55,34992
2021-06-21 09:30:47,11876.0,35020
2021-06-21 09:30:48,11873.45,35021
2021-06-21 09:30:49,11873.5,35032
2021-06-21 09:30:50,11880.0,35042
2021-06-21 09:30:51,11880.0,35042
2021-06-21 09:30:52,11880.55,35049
2021-06-21 09:30:53,11880.8,35050
2021-06-21 09:30:54,11880.8,35050
2021-06-21 09:30:55,11882.4,35052
2021-06-21 09:30:56,11882.4,35052
2021-06-21 09:30:57,11882.4,35052
2021-06-21 09:30:58,11882.4,35052
2021-06-21 09:30:59,11882.4,35052
2021-06-21 09:31:01,11882.4,35052
2021-06-21 09:31:01,11880.0,35078
2021-06-21 09:31:02,11879.85,35099
2021-06-21 09:31:03,11879.85,35099
2021-06-21 09:31:04,11877.05,35100
2021-06-21 09:31:05,11871.1,35103
2021-06-21 09:31:06,11870.8,35105
2021-06-21 09:31:07,11874.65,35107
2021-06-21 09:31:09,11874.65,35108
2021-06-21 09:31:10,11874.65,35108
2021-06-21 09:31:11,11870.0,35171
2021-06-21 09:31:12,11870.0,35171
2021-06-21 09:31:13,11870.2,35198
2021-06-21 09:31:14,11870.0,35317
2021-06-21 09:31:15,11873.0,35319
2021-06-21 09:31:16,11870.65,35320
2021-06-21 09:31:17,11865.05,35409
2021-06-21 09:31:18,11865.0,35424
2021-06-21 09:31:19,11870.75,35511
2021-06-21 09:31:20,11870.8,35512
2021-06-21 09:31:21,11870.8,35512
2021-06-21 09:31:22,11865.0,35518
2021-06-21 09:31:23,11865.0,35518
2021-06-21 09:31:24,11865.0,35518
2021-06-21 09:31:25,11866.05,35520
2021-06-21 09:31:26,11875.3,35594
2021-06-21 09:31:27,11875.3,35619
2021-06-21 09:31:28,11879.0,35621
2021-06-21 09:31:29,11888.8,35674
2021-06-21 09:31:30,11881.8,35691
2021-06-21 09:31:31,11866.75,35695
2021-06-21 09:31:32,11871.3,35712
2021-06-21 09:31:33,11871.3,35712
2021-06-21 09:31:34,11871.05,35762
2021-06-21 09:31:35,11869.95,35773
2021-06-21 09:31:35,11869.95,35773
2021-06-21 09:31:36,11869.95,35773
2021-06-21 09:31:37,11884.3,35789
2021-06-21 09:31:38,11886.2,35792
2021-06-21 09:31:39,11886.2,35792
2021-06-21 09:31:40,11880.9,35805
2021-06-21 09:31:41,11880.9,35805
2021-06-21 09:31:42,11881.75,35811
2021-06-21 09:31:43,11891.0,35929
2021-06-21 09:31:44,11892.55,35943
2021-06-21 09:31:46,11891.2,36020
2021-06-21 09:31:47,11891.8,36022
2021-06-21 09:31:48,11897.8,36046
2021-06-21 09:31:50,11897.8,36046
2021-06-21 09:31:51,11897.8,36046
2021-06-21 09:31:52,11897.8,36046
2021-06-21 09:31:53,11898.9,36100
2021-06-21 09:31:54,11899.0,36133
2021-06-21 09:31:55,11902.0,36541
2021-06-21 09:31:56,11896.5,36580
2021-06-21 09:31:57,11896.5,36580
2021-06-21 09:31:58,11896.5,36580
2021-06-21 09:31:59,11899.9,36602
2021-06-21 09:32:00,11896.15,36604
2021-06-21 09:32:01,11895.75,36619
2021-06-21 09:32:02,11894.65,36770
2021-06-21 09:32:04,11894.65,36770
2021-06-21 09:32:05,11896.0,36775
2021-06-21 09:32:06,11887.6,36777
2021-06-21 09:32:07,11887.6,36777
2021-06-21 09:32:08,11888.4,36802
2021-06-21 09:32:09,11881.95,36812
2021-06-21 09:32:10,11881.95,36812
2021-06-21 09:32:11,11881.95,36812
2021-06-21 09:32:12,11897.85,36815
2021-06-21 09:32:13,11899.2,37135
2021-06-21 09:32:14,11892.8,37166
2021-06-21 09:32:15,11902.9,37173
2021-06-21 09:32:16,11894.95,37182
2021-06-21 09:32:17,11894.95,37182
2021-06-21 09:32:18,11894.95,37182
2021-06-21 09:32:19,11894.95,37182
2021-06-21 09:32:20,11894.95,37182
2021-06-21 09:32:21,11902.05,37203
2021-06-21 09:32:22,11902.05,37203
2021-06-21 09:32:23,11902.7,37211
2021-06-21 09:32:24,11902.9,37222
2021-06-21 09:32:25,11901.0,37226
2021-06-21 09:32:26,11909.9,37251
2021-06-21 09:32:28,11909.9,37251
2021-06-21 09:32:30,11905.85,37353
2021-06-21 09:32:31,11904.4,37451
2021-06-21 09:32:32,11908.9,37520
2021-06-21 09:32:34,11909.85,37524
2021-06-21 09:32:35,11909.85,37568
2021-06-21 09:32:35,11909.85,37568
2021-06-21 09:32:36,11909.85,37568
2021-06-21 09:32:37,11909.85,37568
2021-06-21 09:32:38,11915.0,37806
2021-06-21 09:32:39,11909.85,37885
2021-06-21 09:32:40,11909.9,37926
2021-06-21 09:32:41,11910.05,37951
2021-06-21 09:32:42,11910.05,37951
2021-06-21 09:32:43,11910.15,37965
2021-06-21 09:32:44,11913.45,38016
2021-06-21 09:32:45,11913.45,38016
2021-06-21 09:32:51,11912.05,38133
2021-06-21 09:32:52,11913.45,38153
2021-06-21 09:32:53,11917.7,38155
2021-06-21 09:32:54,11919.95,38256
2021-06-21 09:32:56,11919.95,38286
2021-06-21 09:32:57,11917.0,38328
2021-06-21 09:32:58,11920.0,38335
2021-06-21 09:32:59,11920.0,38335
2021-06-21 09:33:00,11915.0,38340
2021-06-21 09:33:01,11915.0,38340
2021-06-21 09:33:03,11915.95,38474
2021-06-21 09:33:04,11919.0,38511
2021-06-21 09:33:04,11919.0,38511
2021-06-21 09:33:05,11922.0,38602
2021-06-21 09:33:06,11915.75,38652
2021-06-21 09:33:07,11920.25,38672
2021-06-21 09:33:08,11913.95,38675
2021-06-21 09:33:10,11913.95,38675
2021-06-21 09:33:11,11917.35,38676
2021-06-21 09:33:12,11917.35,38676
2021-06-21 09:33:13,11920.2,38684
2021-06-21 09:33:14,11928.0,39167
2021-06-21 09:33:15,11927.8,39224
2021-06-21 09:33:16,11920.2,39229
2021-06-21 09:33:17,11919.6,39246
2021-06-21 09:33:18,11919.6,39246
2021-06-21 09:33:20,11919.6,39246
2021-06-21 09:33:22,11919.6,39246
2021-06-21 09:33:24,11915.15,39253
2021-06-21 09:33:25,11921.45,39264
2021-06-21 09:33:27,11921.45,39264
2021-06-21 09:33:28,11924.4,39314
2021-06-21 09:33:29,11923.8,39328
2021-06-21 09:33:29,11917.25,39336
2021-06-21 09:33:30,11917.25,39336
2021-06-21 09:33:31,11917.0,39345
2021-06-21 09:33:33,11920.0,39347
2021-06-21 09:33:34,11917.3,39352
2021-06-21 09:33:35,11917.3,39352
2021-06-21 09:33:36,11917.3,39354
2021-06-21 09:33:37,11915.0,39374
2021-06-21 09:33:38,11915.45,39379
2021-06-21 09:33:39,11915.9,39390
2021-06-21 09:33:41,11909.1,39487
2021-06-21 09:33:42,11909.1,39493
2021-06-21 09:33:43,11905.0,39495
2021-06-21 09:33:43,11908.95,39515
2021-06-21 09:33:44,11908.95,39515
2021-06-21 09:33:45,11908.95,39515
2021-06-21 09:33:47,11913.25,39527
2021-06-21 09:33:48,11913.25,39527
2021-06-21 09:33:49,11913.25,39527
2021-06-21 09:33:50,11910.0,39528
2021-06-21 09:33:51,11910.0,39528
2021-06-21 09:33:52,11906.4,39529
2021-06-21 09:33:53,11910.0,39536
2021-06-21 09:33:54,11905.85,39561
2021-06-21 09:33:56,11905.85,39561
2021-06-21 09:33:57,11903.4,39597
2021-06-21 09:33:58,11903.0,39598
2021-06-21 09:33:59,11903.0,39598
2021-06-21 09:34:00,11903.0,39598
2021-06-21 09:34:01,11903.0,39598
2021-06-21 09:34:02,11903.0,39598
2021-06-21 09:34:03,11903.0,39598
2021-06-21 09:34:03,11903.0,39598
2021-06-21 09:34:04,11903.0,39598
2021-06-21 09:34:05,11906.65,39600
2021-06-21 09:34:07,11906.65,39602
2021-06-21 09:34:08,11906.65,39602
2021-06-21 09:34:09,11906.65,39602
2021-06-21 09:34:10,11906.65,39602
2021-06-21 09:34:11,11903.0,39604
2021-06-21 09:34:12,11906.6,39606
2021-06-21 09:34:13,11906.6,39606
2021-06-21 09:34:14,11906.6,39606
2021-06-21 09:34:15,11906.6,39606
2021-06-21 09:34:16,11903.0,39611
2021-06-21 09:34:17,11903.0,39611
2021-06-21 09:34:18,11903.0,39624
2021-06-21 09:34:19,11901.0,39737
2021-06-21 09:34:20,11903.15,39738
2021-06-21 09:34:21,11900.0,39748
2021-06-21 09:34:22,11892.1,39814
2021-06-21 09:34:23,11892.1,39814
2021-06-21 09:34:25,11898.9,39880
2021-06-21 09:34:26,11898.9,39880
2021-06-21 09:34:27,11898.9,39880
2021-06-21 09:34:28,11899.35,39883
2021-06-21 09:34:29,11899.35,39883
2021-06-21 09:34:31,11911.1,39894
2021-06-21 09:34:32,11911.1,39894
2021-06-21 09:34:33,11911.1,39894
2021-06-21 09:34:34,11907.6,39899
2021-06-21 09:34:35,11907.6,39899
2021-06-21 09:34:36,11904.05,39914
2021-06-21 09:34:37,11903.95,39916
2021-06-21 09:34:38,11903.95,39916
2021-06-21 09:34:39,11911.8,39918
2021-06-21 09:34:40,11911.8,39918
2021-06-21 09:34:41,11908.45,39923
2021-06-21 09:34:42,11908.45,39933
2021-06-21 09:34:43,11903.45,39935
2021-06-21 09:34:44,11903.45,39935
2021-06-21 09:34:44,11903.45,39935
2021-06-21 09:34:45,11903.45,39935
2021-06-21 09:34:46,11908.55,39940
2021-06-21 09:34:47,11908.55,39940
2021-06-21 09:34:48,11908.55,39940
2021-06-21 09:34:49,11905.8,39944
2021-06-21 09:34:50,11905.8,39944
2021-06-21 09:34:51,11905.8,39944
2021-06-21 09:34:52,11905.8,39944
2021-06-21 09:34:53,11905.8,39944
2021-06-21 09:34:55,11905.8,39944
2021-06-21 09:34:56,11910.0,39952
2021-06-21 09:34:57,11910.0,39952
2021-06-21 09:34:58,11910.0,39952
2021-06-21 09:35:02,11905.0,39963
2021-06-21 09:35:03,11905.0,39963
2021-06-21 09:35:05,11903.0,40000
2021-06-21 09:35:06,11899.35,40022
2021-06-21 09:35:07,11899.35,40022
2021-06-21 09:35:08,11900.7,40072
2021-06-21 09:35:09,11904.85,40082
2021-06-21 09:35:10,11895.75,40113
2021-06-21 09:35:11,11895.75,40113
2021-06-21 09:35:12,11895.75,40113
2021-06-21 09:35:13,11895.75,40113
2021-06-21 09:35:14,11904.95,40116
2021-06-21 09:35:15,11904.95,40116
2021-06-21 09:35:16,11904.95,40116
2021-06-21 09:35:17,11904.95,40116
2021-06-21 09:35:18,11904.95,40116
2021-06-21 09:35:19,11904.95,40116
2021-06-21 09:35:20,11904.95,40116
2021-06-21 09:35:21,11904.95,40116
2021-06-21 09:35:23,11903.75,40120
2021-06-21 09:35:27,11898.0,40137
2021-06-21 09:35:28,11895.85,40153
2021-06-21 09:35:29,11898.0,40154
2021-06-21 09:35:31,11898.0,40154
2021-06-21 09:35:32,11898.0,40154
2021-06-21 09:35:34,11903.5,40160
2021-06-21 09:35:35,11904.0,40161
2021-06-21 09:35:36,11904.0,40161
2021-06-21 09:35:37,11904.0,40161
2021-06-21 09:35:38,11905.0,40169
2021-06-21 09:35:39,11904.3,40172
2021-06-21 09:35:40,11904.3,40172
2021-06-21 09:35:41,11898.0,40173
2021-06-21 09:35:42,11901.35,40174
2021-06-21 09:35:43,11901.35,40174
2021-06-21 09:35:43,11901.35,40174
2021-06-21 09:35:44,11901.35,40174
2021-06-21 09:35:45,11901.35,40174
2021-06-21 09:35:46,11902.55,40199
2021-06-21 09:35:47,11902.55,40199
2021-06-21 09:35:48,11902.55,40199
2021-06-21 09:35:49,11899.4,40209
2021-06-21 09:35:50,11898.0,40283
2021-06-21 09:35:52,11895.0,40294
2021-06-21 09:35:53,11898.0,40296
2021-06-21 09:35:54,11898.0,40296
2021-06-21 09:35:55,11898.0,40296
2021-06-21 09:35:56,11891.05,40336
2021-06-21 09:35:56,11891.05,40336
2021-06-21 09:35:58,11891.65,40423
2021-06-21 09:35:59,11892.5,40424
2021-06-21 09:36:00,11888.3,40484
2021-06-21 09:36:02,11888.3,40484
2021-06-21 09:36:03,11894.85,40488
2021-06-21 09:36:04,11894.85,40488
2021-06-21 09:36:05,11900.0,40590
2021-06-21 09:36:06,11899.45,40606
2021-06-21 09:36:07,11899.45,40606
2021-06-21 09:36:08,11899.75,40613
2021-06-21 09:36:09,11899.75,40613
2021-06-21 09:36:10,11899.75,40613
2021-06-21 09:36:11,11899.95,40614
2021-06-21 09:36:12,11899.95,40614
2021-06-21 09:36:13,11899.95,40614
2021-06-21 09:36:14,11899.95,40614
2021-06-21 09:36:14,11899.95,40614
2021-06-21 09:36:16,11899.95,40614
2021-06-21 09:36:17,11899.95,40614
2021-06-21 09:36:18,11895.4,40630
2021-06-21 09:36:19,11895.4,40630
2021-06-21 09:36:20,11895.4,40630
2021-06-21 09:36:20,11895.4,40630
2021-06-21 09:36:21,11895.4,40630
2021-06-21 09:36:23,11899.95,40637
2021-06-21 09:36:24,11899.95,40639
2021-06-21 09:36:27,11896.85,40664
2021-06-21 09:36:28,11897.3,40665
2021-06-21 09:36:29,11897.3,40665
2021-06-21 09:36:30,11898.95,40667
2021-06-21 09:36:31,11892.75,40671
2021-06-21 09:36:32,11892.75,40671
2021-06-21 09:36:33,11892.75,40671
2021-06-21 09:36:34,11888.25,40691
2021-06-21 09:36:35,11892.75,40700
2021-06-21 09:36:36,11888.0,40701
2021-06-21 09:36:37,11888.0,40701
2021-06-21 09:36:38,11888.0,40701
2021-06-21 09:36:40,11893.5,40706
2021-06-21 09:36:42,11892.0,40716
2021-06-21 09:36:43,11893.3,40722
2021-06-21 09:36:44,11893.3,40722
2021-06-21 09:36:45,11896.95,40726
2021-06-21 09:36:46,11889.65,40729
2021-06-21 09:36:47,11883.0,40773
2021-06-21 09:36:48,11887.85,40779
2021-06-21 09:36:49,11887.7,40783
2021-06-21 09:36:50,11886.8,40859
2021-06-21 09:36:51,11883.0,40870
2021-06-21 09:36:53,11883.0,40870
2021-06-21 09:36:54,11883.15,40873
2021-06-21 09:36:55,11890.8,40923
2021-06-21 09:36:56,11890.8,40923
2021-06-21 09:36:57,11891.55,40963
2021-06-21 09:36:58,11891.55,40963
2021-06-21 09:36:59,11892.35,40975
2021-06-21 09:37:00,11891.0,41031
2021-06-21 09:37:01,11891.0,41031
2021-06-21 09:37:02,11899.0,41037
2021-06-21 09:37:03,11893.5,41040
2021-06-21 09:37:04,11893.5,41040
2021-06-21 09:37:05,11893.5,41040
2021-06-21 09:37:06,11904.0,41240
2021-06-21 09:37:07,11898.0,41271
2021-06-21 09:37:09,11894.75,41293
2021-06-21 09:37:10,11894.75,41293
2021-06-21 09:37:10,11894.75,41293
2021-06-21 09:37:11,11899.2,41294
2021-06-21 09:37:12,11893.7,41304
2021-06-21 09:37:13,11893.7,41304
2021-06-21 09:37:14,11893.7,41304
2021-06-21 09:37:15,11893.7,41304
2021-06-21 09:37:17,11893.7,41304
2021-06-21 09:37:18,11893.7,41304
2021-06-21 09:37:19,11896.6,41308
2021-06-21 09:37:20,11896.6,41308
2021-06-21 09:37:22,11890.8,41312
2021-06-21 09:37:23,11896.0,41317
2021-06-21 09:37:24,11896.0,41317
2021-06-21 09:37:25,11896.0,41317
2021-06-21 09:37:26,11896.0,41317
2021-06-21 09:37:27,11893.75,41318
2021-06-21 09:37:28,11893.75,41318
2021-06-21 09:37:29,11893.75,41318
2021-06-21 09:37:30,11893.75,41318
2021-06-21 09:37:31,11893.75,41318
2021-06-21 09:37:32,11893.75,41318
2021-06-21 09:37:33,11893.8,41333
2021-06-21 09:37:35,11896.35,41337
2021-06-21 09:37:34,11896.35,41337
2021-06-21 09:37:36,11899.0,41338
2021-06-21 09:37:37,11899.0,41338
2021-06-21 09:37:38,11894.55,41354
2021-06-21 09:37:39,11897.75,41355
2021-06-21 09:37:40,11897.75,41355
2021-06-21 09:37:41,11893.8,41360
2021-06-21 09:37:42,11893.7,41410
2021-06-21 09:37:43,11897.15,41420
2021-06-21 09:37:44,11897.15,41420
2021-06-21 09:37:45,11897.15,41420
2021-06-21 09:37:47,11897.15,41420
2021-06-21 09:37:46,11897.15,41420
2021-06-21 09:37:48,11890.15,41457
2021-06-21 09:37:49,11888.2,41518
2021-06-21 09:37:50,11885.4,41528
2021-06-21 09:37:51,11885.4,41528
2021-06-21 09:37:52,11895.0,41529
2021-06-21 09:37:53,11893.6,41539
2021-06-21 09:37:54,11893.6,41539
2021-06-21 09:37:55,11893.6,41539
2021-06-21 09:37:56,11893.6,41539
2021-06-21 09:37:57,11893.6,41539
2021-06-21 09:37:58,11893.6,41539
2021-06-21 09:37:59,11893.6,41539
2021-06-21 09:38:00,11893.6,41539
2021-06-21 09:38:01,11889.45,41550
2021-06-21 09:38:02,11889.45,41550
2021-06-21 09:38:03,11889.45,41550
2021-06-21 09:38:04,11889.45,41550
2021-06-21 09:38:05,11889.45,41550
2021-06-21 09:38:06,11894.35,41559
2021-06-21 09:38:07,11894.35,41561
2021-06-21 09:38:08,11886.7,41569
2021-06-21 09:38:09,11886.7,41569
2021-06-21 09:38:10,11886.7,41569
2021-06-21 09:38:11,11886.7,41569
2021-06-21 09:38:12,11886.7,41569
2021-06-21 09:38:13,11894.05,41579
2021-06-21 09:38:14,11891.65,41662
2021-06-21 09:38:15,11897.85,41704
2021-06-21 09:38:16,11897.85,41704
2021-06-21 09:38:17,11897.85,41704
2021-06-21 09:38:18,11897.85,41704
2021-06-21 09:38:19,11897.85,41704
2021-06-21 09:38:21,11895.8,41705
2021-06-21 09:38:22,11895.8,41705
2021-06-21 09:38:23,11898.6,41713
2021-06-21 09:38:24,11898.6,41713
2021-06-21 09:38:25,11903.0,41818
2021-06-21 09:38:26,11900.45,41854
2021-06-21 09:38:27,11902.15,41940
2021-06-21 09:38:28,11905.15,41961
2021-06-21 09:38:29,11905.15,41961
2021-06-21 09:38:30,11907.0,42000
2021-06-21 09:38:31,11907.0,42000
2021-06-21 09:38:32,11904.4,42002
2021-06-21 09:38:33,11904.4,42002
2021-06-21 09:38:34,11904.4,42002
2021-06-21 09:38:35,11907.2,42005
2021-06-21 09:38:36,11914.5,42260
2021-06-21 09:38:37,11908.1,42288
2021-06-21 09:38:38,11908.1,42288
2021-06-21 09:38:39,11908.1,42288
2021-06-21 09:38:40,11914.2,42290
2021-06-21 09:38:41,11914.95,42365
2021-06-21 09:38:42,11914.95,42365
2021-06-21 09:38:43,11910.0,42366
2021-06-21 09:38:44,11914.9,42376
2021-06-21 09:38:45,11909.65,42390
2021-06-21 09:38:46,11914.95,42401
2021-06-21 09:38:47,11914.95,42401
2021-06-21 09:38:48,11914.95,42401
2021-06-21 09:38:49,11914.95,42401
2021-06-21 09:38:50,11914.95,42401
2021-06-21 09:38:51,11915.0,42458
2021-06-21 09:38:52,11912.75,42460
2021-06-21 09:38:53,11915.0,42462
2021-06-21 09:38:54,11914.0,42471
2021-06-21 09:38:55,11914.0,42471
2021-06-21 09:38:57,11914.0,42471
2021-06-21 09:38:56,11914.0,42471
2021-06-21 09:38:58,11915.0,42577
2021-06-21 09:38:59,11910.45,42591
2021-06-21 09:39:01,11918.0,42602
2021-06-21 09:39:04,11914.7,42679
2021-06-21 09:39:03,11914.7,42679
2021-06-21 09:39:05,11914.7,42679
2021-06-21 09:39:06,11914.7,42679
2021-06-21 09:39:07,11920.0,42680
2021-06-21 09:39:08,11920.0,42695
2021-06-21 09:39:10,11921.0,43060
2021-06-21 09:39:11,11921.0,43060
2021-06-21 09:39:14,11918.3,43064
2021-06-21 09:39:15,11918.15,43085
2021-06-21 09:39:16,11918.15,43085
2021-06-21 09:39:18,11918.15,43085
2021-06-21 09:39:21,11920.5,43099
2021-06-21 09:39:22,11920.0,43104
2021-06-21 09:39:24,11923.5,43437
2021-06-21 09:39:25,11930.0,43642
2021-06-21 09:39:26,11930.0,43717
2021-06-21 09:39:27,11925.55,43766
2021-06-21 09:39:28,11928.1,43823
2021-06-21 09:39:29,11930.0,43840
2021-06-21 09:39:30,11930.0,43850
2021-06-21 09:39:32,11928.1,43853
2021-06-21 09:39:33,11928.1,43854
2021-06-21 09:39:34,11929.05,43858
2021-06-21 09:39:36,11923.65,43862
2021-06-21 09:39:37,11924.1,43865
2021-06-21 09:39:38,11924.1,43865
2021-06-21 09:39:39,11924.1,43865
2021-06-21 09:39:40,11930.0,43871
2021-06-21 09:39:41,11928.1,43876
2021-06-21 09:39:42,11925.65,43901
2021-06-21 09:39:43,11925.65,43901
2021-06-21 09:39:44,11925.65,43901
2021-06-21 09:39:45,11925.0,43906
2021-06-21 09:39:47,11928.0,44032
2021-06-21 09:39:48,11925.4,44053
2021-06-21 09:39:49,11925.4,44055
2021-06-21 09:39:50,11928.0,44056
2021-06-21 09:39:51,11930.0,44251
2021-06-21 09:39:52,11925.55,44273
2021-06-21 09:39:53,11931.8,44286
2021-06-21 09:39:54,11929.95,44301
2021-06-21 09:39:56,11931.0,44320
2021-06-21 09:39:57,11931.0,44322
2021-06-21 09:39:58,11931.0,44322
2021-06-21 09:39:59,11933.0,44325
2021-06-21 09:40:00,11933.0,44326
2021-06-21 09:40:01,11931.0,44378
2021-06-21 09:40:02,11930.1,44399
2021-06-21 09:40:03,11933.2,44665
2021-06-21 09:40:04,11932.6,44686
2021-06-21 09:40:05,11932.5,44700
2021-06-21 09:40:06,11939.0,44726
2021-06-21 09:40:07,11939.0,44726
2021-06-21 09:40:09,11935.45,44824
2021-06-21 09:40:08,11940.0,44811
2021-06-21 09:40:10,11940.0,44864
2021-06-21 09:40:11,11940.0,44893
2021-06-21 09:40:12,11941.75,44894
2021-06-21 09:40:13,11933.3,44932
2021-06-21 09:40:14,11932.25,45003
2021-06-21 09:40:15,11932.25,45013
2021-06-21 09:40:16,11935.0,45063
2021-06-21 09:40:17,11938.95,45065
2021-06-21 09:40:18,11938.95,45065
2021-06-21 09:40:19,11937.0,45069
2021-06-21 09:40:20,11935.0,45130
2021-06-21 09:40:22,11936.75,45156
2021-06-21 09:40:23,11936.75,45163
2021-06-21 09:40:24,11930.2,45198
2021-06-21 09:40:25,11935.0,45236
2021-06-21 09:40:26,11935.3,45271
2021-06-21 09:40:28,11935.9,45410
2021-06-21 09:40:29,11935.9,45423
2021-06-21 09:40:30,11935.9,45423
2021-06-21 09:40:31,11935.65,45429
2021-06-21 09:40:32,11935.5,45443
2021-06-21 09:40:33,11938.95,45444
2021-06-21 09:40:34,11934.2,45452
2021-06-21 09:40:36,11935.0,45469
2021-06-21 09:40:38,11935.0,45469
2021-06-21 09:40:39,11935.0,45469
2021-06-21 09:40:40,11935.0,45469
2021-06-21 09:40:41,11935.0,45469
2021-06-21 09:40:42,11943.6,45519
2021-06-21 09:40:43,11943.6,45519
2021-06-21 09:40:44,11943.6,45519
2021-06-21 09:40:45,11940.3,45549
2021-06-21 09:40:46,11937.05,45552
2021-06-21 09:40:47,11943.0,45553
2021-06-21 09:40:48,11932.15,45669
2021-06-21 09:40:49,11932.15,45669
2021-06-21 09:40:50,11932.15,45669
2021-06-21 09:40:51,11930.0,45670
2021-06-21 09:40:52,11934.8,45687
2021-06-21 09:40:53,11931.4,45702
2021-06-21 09:40:55,11931.4,45702
2021-06-21 09:40:56,11930.0,45722
2021-06-21 09:40:56,11935.85,45732
2021-06-21 09:40:58,11928.5,45742
2021-06-21 09:40:59,11935.5,45743
2021-06-21 09:41:00,11935.5,45745
2021-06-21 09:41:00,11935.0,45746
2021-06-21 09:41:01,11929.7,45747
2021-06-21 09:41:02,11929.8,45752
2021-06-21 09:41:03,11932.4,45773
2021-06-21 09:41:04,11932.4,45776
2021-06-21 09:41:06,11932.4,45776
2021-06-21 09:41:07,11932.4,45776
2021-06-21 09:41:08,11932.4,45776
2021-06-21 09:41:09,11932.4,45776
2021-06-21 09:41:10,11932.4,45776
2021-06-21 09:41:11,11932.4,45778
2021-06-21 09:41:12,11932.4,45778
2021-06-21 09:41:13,11926.05,45791
2021-06-21 09:41:14,11926.0,45803
2021-06-21 09:41:15,11932.4,45945
2021-06-21 09:41:16,11926.05,45957
2021-06-21 09:41:17,11934.95,45962
2021-06-21 09:41:18,11926.7,45994
2021-06-21 09:41:19,11930.0,46001
2021-06-21 09:41:20,11925.25,46005
2021-06-21 09:41:21,11925.2,46055
2021-06-21 09:41:22,11924.8,46090
2021-06-21 09:41:23,11924.8,46090
2021-06-21 09:41:25,11930.0,46141
2021-06-21 09:41:26,11930.0,46141
2021-06-21 09:41:26,11930.0,46141
2021-06-21 09:41:27,11930.0,46142
2021-06-21 09:41:28,11930.0,46143
2021-06-21 09:41:31,11935.25,46326
2021-06-21 09:41:32,11940.0,46328
2021-06-21 09:41:33,11935.25,46338
2021-06-21 09:41:34,11936.35,46344
2021-06-21 09:41:35,11936.35,46344
2021-06-21 09:41:37,11934.8,46394
2021-06-21 09:41:38,11940.0,46405
2021-06-21 09:41:39,11940.0,46496
2021-06-21 09:41:39,11940.0,46496
2021-06-21 09:41:41,11940.0,46577
2021-06-21 09:41:42,11940.0,46577
2021-06-21 09:41:43,11940.0,46577
2021-06-21 09:41:45,11939.3,46579
2021-06-21 09:41:45,11939.3,46579
2021-06-21 09:41:46,11945.0,46583
2021-06-21 09:41:47,11939.3,46587
2021-06-21 09:41:48,11945.0,46737
2021-06-21 09:41:49,11945.9,46772
2021-06-21 09:41:50,11940.45,46777
2021-06-21 09:41:51,11946.5,46872
2021-06-21 09:41:52,11939.0,46893
2021-06-21 09:41:53,11938.05,46956
2021-06-21 09:41:54,11935.0,47031
2021-06-21 09:41:55,11935.0,47031
2021-06-21 09:41:56,11928.7,47081
2021-06-21 09:41:57,11928.5,47091
2021-06-21 09:41:58,11937.75,47118
2021-06-21 09:41:59,11933.0,47122
2021-06-21 09:42:00,11932.35,47222
2021-06-21 09:42:01,11930.45,47229
2021-06-21 09:42:02,11933.0,47236
2021-06-21 09:42:03,11943.05,47256
2021-06-21 09:42:04,11936.05,47260
2021-06-21 09:42:05,11936.05,47260
2021-06-21 09:42:06,11936.05,47260
2021-06-21 09:42:07,11936.05,47260
2021-06-21 09:42:08,11936.05,47260
2021-06-21 09:42:11,11936.05,47260
2021-06-21 09:42:12,11936.8,47391
2021-06-21 09:42:15,11936.35,47401
2021-06-21 09:42:16,11936.35,47401
2021-06-21 09:42:17,11936.35,47401
2021-06-21 09:42:18,11933.85,47409
2021-06-21 09:42:19,11934.6,47410
2021-06-21 09:42:20,11934.85,47415
2021-06-21 09:42:21,11934.85,47415
2021-06-21 09:42:22,11933.05,47416
2021-06-21 09:42:23,11933.05,47416
2021-06-21 09:42:24,11933.05,47416
2021-06-21 09:42:26,11933.05,47416
2021-06-21 09:42:27,11934.0,47425
2021-06-21 09:42:28,11933.05,47427
2021-06-21 09:42:29,11940.0,47457
2021-06-21 09:42:29,11939.8,47447
2021-06-21 09:42:30,11940.0,47457
2021-06-21 09:42:31,11940.0,47457
2021-06-21 09:42:32,11940.0,47457
2021-06-21 09:42:33,11940.0,47458
2021-06-21 09:42:34,11940.0,47471
2021-06-21 09:42:35,11933.15,47482
2021-06-21 09:42:36,11933.15,47484
2021-06-21 09:42:37,11933.15,47484
2021-06-21 09:42:38,11935.0,47486
2021-06-21 09:42:39,11935.0,47514
2021-06-21 09:42:40,11935.0,47516
2021-06-21 09:42:41,11932.45,47556
2021-06-21 09:42:42,11932.3,47558
2021-06-21 09:42:43,11932.3,47568
2021-06-21 09:42:44,11933.15,47573
2021-06-21 09:42:45,11931.5,47583
2021-06-21 09:42:46,11931.5,47588
2021-06-21 09:42:47,11931.5,47588
2021-06-21 09:42:48,11933.15,47598
2021-06-21 09:42:49,11933.15,47598
2021-06-21 09:42:50,11933.15,47598
2021-06-21 09:42:51,11930.0,47599
2021-06-21 09:42:53,11930.0,47599
2021-06-21 09:42:54,11933.15,47610
2021-06-21 09:42:55,11933.15,47626
2021-06-21 09:42:56,11933.15,47693
2021-06-21 09:42:57,11930.0,47763
2021-06-21 09:42:58,11930.0,47779
2021-06-21 09:42:58,11930.85,47783
2021-06-21 09:42:59,11930.1,47785
2021-06-21 09:43:00,11930.2,47786
2021-06-21 09:43:01,11930.2,47786
2021-06-21 09:43:02,11930.2,47786
2021-06-21 09:43:04,11930.1,47800
2021-06-21 09:43:05,11930.1,47800
2021-06-21 09:43:06,11931.75,47801
2021-06-21 09:43:07,11931.75,47801
2021-06-21 09:43:07,11935.0,47804
2021-06-21 09:43:09,11930.0,47807
2021-06-21 09:43:10,11930.0,47807
2021-06-21 09:43:11,11935.65,47815
2021-06-21 09:43:11,11935.65,47815
2021-06-21 09:43:12,11935.65,47815
2021-06-21 09:43:14,11938.3,47992
2021-06-21 09:43:15,11933.15,47994
2021-06-21 09:43:16,11933.15,47994
2021-06-21 09:43:17,11934.65,47999
2021-06-21 09:43:19,11934.65,47999
2021-06-21 09:43:20,11934.65,47999
2021-06-21 09:43:21,11934.65,47999
2021-06-21 09:43:21,11934.65,47999
2021-06-21 09:43:25,11935.6,48006
2021-06-21 09:43:27,11935.6,48006
2021-06-21 09:43:29,11935.7,48046
2021-06-21 09:43:30,11933.15,48048
2021-06-21 09:43:30,11939.35,48055
2021-06-21 09:43:31,11942.85,48056
2021-06-21 09:43:32,11942.85,48056
2021-06-21 09:43:33,11939.0,48059
2021-06-21 09:43:34,11939.0,48059
2021-06-21 09:43:35,11935.6,48109
2021-06-21 09:43:36,11940.85,48111
2021-06-21 09:43:37,11941.3,48148
2021-06-21 09:43:38,11942.2,48169
2021-06-21 09:43:39,11942.2,48169
2021-06-21 09:43:40,11942.2,48169
2021-06-21 09:43:42,11942.2,48169
2021-06-21 09:43:44,11935.7,48270
2021-06-21 09:43:45,11935.7,48270
2021-06-21 09:43:45,11935.7,48270
2021-06-21 09:43:46,11944.8,48278
2021-06-21 09:43:47,11939.3,48289
2021-06-21 09:43:49,11939.3,48289
2021-06-21 09:43:50,11941.75,48293
2021-06-21 09:43:51,11945.0,48296
2021-06-21 09:43:52,11941.75,48297
2021-06-21 09:43:53,11945.0,48299
2021-06-21 09:43:55,11945.0,48299
2021-06-21 09:43:56,11939.4,48319
2021-06-21 09:43:57,11941.0,48344
2021-06-21 09:43:58,11939.8,48354
2021-06-21 09:43:59,11940.35,48367
2021-06-21 09:43:59,11940.35,48367
2021-06-21 09:44:00,11940.35,48367
2021-06-21 09:44:01,11940.35,48367
2021-06-21 09:44:03,11945.0,48373
2021-06-21 09:44:06,11942.9,48506
2021-06-21 09:44:07,11942.9,48506
2021-06-21 09:44:08,11944.0,48524
2021-06-21 09:44:09,11944.0,48524
2021-06-21 09:44:09,11944.0,48529
2021-06-21 09:44:11,11943.6,48539
2021-06-21 09:44:13,11943.3,48545
2021-06-21 09:44:14,11942.95,48549
2021-06-21 09:44:15,11945.6,48592
2021-06-21 09:44:16,11942.9,48594
2021-06-21 09:44:17,11942.9,48594
2021-06-21 09:44:18,11940.0,48604
2021-06-21 09:44:19,11943.0,48622
2021-06-21 09:44:20,11943.0,48622
2021-06-21 09:44:21,11943.0,48622
2021-06-21 09:44:22,11943.0,48622
2021-06-21 09:44:23,11942.9,48623
2021-06-21 09:44:24,11936.55,48786
2021-06-21 09:44:25,11936.5,48810
2021-06-21 09:44:26,11943.9,48815
2021-06-21 09:44:27,11943.9,48815
2021-06-21 09:44:28,11943.85,48819
2021-06-21 09:44:29,11936.65,48821
2021-06-21 09:44:29,11943.85,48819
2021-06-21 09:44:30,11943.0,48826
2021-06-21 09:44:31,11943.0,48826
2021-06-21 09:44:32,11943.0,48844
2021-06-21 09:44:33,11944.0,48862
2021-06-21 09:44:34,11943.0,48875
2021-06-21 09:44:36,11942.15,48887
2021-06-21 09:44:38,11936.55,48897
2021-06-21 09:44:39,11936.55,48897
2021-06-21 09:44:40,11936.55,48897
2021-06-21 09:44:42,11942.95,48901
2021-06-21 09:44:43,11942.95,48901
2021-06-21 09:44:44,11943.0,48906
2021-06-21 09:44:45,11943.0,48906
2021-06-21 09:44:46,11943.0,48906
2021-06-21 09:44:47,11943.0,48906
2021-06-21 09:44:48,11943.0,48906
2021-06-21 09:44:49,11942.75,48908
2021-06-21 09:44:50,11942.65,48918
2021-06-21 09:44:51,11942.65,48918
2021-06-21 09:44:52,11942.65,48918
2021-06-21 09:44:52,11942.65,48918
2021-06-21 09:44:53,11935.8,48933
2021-06-21 09:44:54,11935.4,48941
2021-06-21 09:44:55,11935.4,48941
2021-06-21 09:44:56,11935.4,48941
2021-06-21 09:44:57,11934.6,49063
2021-06-21 09:44:58,11936.55,49064
2021-06-21 09:44:59,11936.55,49064
2021-06-21 09:45:01,11936.55,49064
2021-06-21 09:45:02,11936.55,49064
2021-06-21 09:45:03,11936.55,49064
2021-06-21 09:45:04,11935.6,49071
2021-06-21 09:45:05,11932.0,49077
2021-06-21 09:45:06,11932.0,49077
2021-06-21 09:45:07,11932.0,49077
2021-06-21 09:45:08,11932.0,49077
2021-06-21 09:45:09,11933.9,49117
2021-06-21 09:45:10,11928.0,49192
2021-06-21 09:45:11,11929.0,49200
2021-06-21 09:45:13,11925.0,49210
2021-06-21 09:45:14,11925.0,49210
2021-06-21 09:45:15,11925.0,49210
2021-06-21 09:45:16,11923.15,49316
2021-06-21 09:45:17,11921.45,49321
2021-06-21 09:45:17,11921.45,49322
2021-06-21 09:45:18,11918.0,49359
2021-06-21 09:45:19,11918.8,49371
2021-06-21 09:45:20,11918.8,49374
2021-06-21 09:45:22,11918.25,49419
2021-06-21 09:45:23,11921.45,49468
2021-06-21 09:45:24,11922.05,49484
2021-06-21 09:45:25,11922.25,49490
2021-06-21 09:45:27,11921.2,49590
2021-06-21 09:45:28,11918.9,49601
2021-06-21 09:45:29,11923.45,49603
2021-06-21 09:45:30,11923.45,49603
2021-06-21 09:45:31,11918.0,49606
2021-06-21 09:45:32,11918.0,49606
2021-06-21 09:45:33,11918.0,49606
2021-06-21 09:45:33,11920.0,49611
2021-06-21 09:45:34,11920.0,49611
2021-06-21 09:45:35,11920.0,49611
2021-06-21 09:45:36,11920.0,49656
2021-06-21 09:45:37,11921.0,49663
2021-06-21 09:45:38,11918.15,49767
2021-06-21 09:45:39,11920.15,49786
2021-06-21 09:45:40,11919.25,49806
2021-06-21 09:45:41,11911.1,49814
2021-06-21 09:45:42,11916.4,49934
2021-06-21 09:45:43,11911.5,49944
2021-06-21 09:45:44,11913.3,49969
2021-06-21 09:45:45,11917.6,49979
2021-06-21 09:45:46,11917.45,49980
2021-06-21 09:45:47,11911.85,50055
2021-06-21 09:45:48,11911.85,50055
2021-06-21 09:45:50,11911.85,50055
2021-06-21 09:45:51,11915.3,50057
2021-06-21 09:45:52,11918.1,50063
2021-06-21 09:45:53,11910.4,50084
2021-06-21 09:45:54,11910.4,50084
2021-06-21 09:45:55,11910.4,50084
2021-06-21 09:45:57,11913.15,50116
2021-06-21 09:45:58,11913.15,50116
2021-06-21 09:45:59,11913.15,50116
2021-06-21 09:46:00,11913.15,50116
2021-06-21 09:46:01,11913.15,50116
2021-06-21 09:46:04,11916.2,50121
2021-06-21 09:46:04,11917.15,50122
2021-06-21 09:46:05,11917.15,50122
2021-06-21 09:46:06,11917.15,50122
2021-06-21 09:46:07,11917.1,50126
2021-06-21 09:46:09,11917.1,50126
2021-06-21 09:46:10,11917.1,50126
2021-06-21 09:46:12,11917.1,50126
2021-06-21 09:46:12,11917.1,50126
2021-06-21 09:46:13,11917.1,50126
2021-06-21 09:46:14,11917.0,50127
2021-06-21 09:46:15,11912.95,50128
2021-06-21 09:46:16,11912.95,50136
2021-06-21 09:46:17,11912.95,50136
2021-06-21 09:46:19,11912.95,50137
2021-06-21 09:46:19,11914.95,50139
2021-06-21 09:46:20,11912.0,50141
2021-06-21 09:46:21,11916.9,50172
2021-06-21 09:46:22,11916.9,50172
2021-06-21 09:46:23,11912.0,50177
2021-06-21 09:46:25,11912.0,50179
2021-06-21 09:46:26,11912.0,50179
2021-06-21 09:46:27,11912.0,50179
2021-06-21 09:46:28,11910.0,50229
2021-06-21 09:46:29,11910.0,50229
2021-06-21 09:46:30,11910.0,50229
2021-06-21 09:46:31,11910.0,50229
2021-06-21 09:46:32,11912.0,50230
2021-06-21 09:46:33,11912.0,50230
2021-06-21 09:46:34,11912.0,50230
2021-06-21 09:46:35,11911.35,50234
2021-06-21 09:46:36,11911.35,50235
2021-06-21 09:46:38,11912.0,50238
2021-06-21 09:46:39,11912.0,50238
2021-06-21 09:46:41,11912.0,50238
2021-06-21 09:46:42,11912.0,50238
2021-06-21 09:46:43,11912.0,50238
2021-06-21 09:46:44,11912.0,50238
2021-06-21 09:46:44,11912.0,50238
2021-06-21 09:46:45,11912.0,50238
2021-06-21 09:46:47,11912.0,50238
2021-06-21 09:46:48,11912.0,50238
2021-06-21 09:46:49,11911.4,50239
2021-06-21 09:46:50,11911.4,50239
2021-06-21 09:46:51,11911.4,50239
2021-06-21 09:46:52,11911.4,50239
2021-06-21 09:46:53,11910.45,50244
2021-06-21 09:46:54,11910.45,50244
2021-06-21 09:46:54,11910.45,50244
2021-06-21 09:46:55,11910.45,50244
2021-06-21 09:46:56,11910.45,50244
2021-06-21 09:46:57,11910.7,50360
2021-06-21 09:46:58,11910.7,50361
2021-06-21 09:46:59,11910.7,50361
2021-06-21 09:47:00,11910.7,50361
2021-06-21 09:47:03,11910.4,50362
2021-06-21 09:47:05,11910.7,50367
2021-06-21 09:47:06,11910.7,50373
2021-06-21 09:47:07,11910.7,50373
2021-06-21 09:47:08,11910.7,50391
2021-06-21 09:47:09,11910.7,50391
2021-06-21 09:47:10,11910.7,50391
2021-06-21 09:47:11,11910.7,51259
2021-06-21 09:47:12,11917.9,51368
2021-06-21 09:47:13,11917.9,51368
2021-06-21 09:47:14,11910.1,51431
2021-06-21 09:47:15,11910.1,51431
2021-06-21 09:47:16,11910.1,51431
2021-06-21 09:47:16,11910.1,51431
2021-06-21 09:47:17,11910.8,51438
2021-06-21 09:47:19,11910.0,51496
2021-06-21 09:47:20,11914.55,51498
2021-06-21 09:47:21,11914.55,51498
2021-06-21 09:47:22,11914.55,51498
2021-06-21 09:47:24,11912.0,51532
2021-06-21 09:47:25,11912.0,51534
2021-06-21 09:47:26,11912.0,51534
2021-06-21 09:47:27,11912.0,51534
2021-06-21 09:47:28,11912.0,51556
2021-06-21 09:47:28,11912.0,51576
2021-06-21 09:47:29,11916.2,51586
2021-06-21 09:47:30,11912.0,51596
2021-06-21 09:47:31,11912.0,51596
2021-06-21 09:47:32,11912.0,51596
2021-06-21 09:47:33,11912.0,51596
2021-06-21 09:47:34,11918.8,51601
2021-06-21 09:47:35,11912.0,51621
2021-06-21 09:47:36,11912.0,51621
2021-06-21 09:47:38,11918.65,51622
2021-06-21 09:47:40,11919.0,51624
2021-06-21 09:47:41,11920.4,51724
2021-06-21 09:47:42,11920.4,51724
2021-06-21 09:47:43,11920.35,51734
2021-06-21 09:47:44,11920.35,51734
2021-06-21 09:47:45,11920.35,51734
2021-06-21 09:47:46,11920.35,51734
2021-06-21 09:47:47,11920.35,51734
2021-06-21 09:47:48,11920.35,51734
2021-06-21 09:47:49,11920.35,51734
2021-06-21 09:47:50,11921.0,51738
2021-06-21 09:47:51,11921.0,51738
2021-06-21 09:47:52,11921.0,51738
2021-06-21 09:47:53,11922.25,51752
2021-06-21 09:47:54,11927.8,51754
2021-06-21 09:47:55,11921.2,51765
2021-06-21 09:47:56,11921.2,51765
2021-06-21 09:47:56,11921.2,51765
2021-06-21 09:47:58,11921.2,51765
2021-06-21 09:47:58,11921.2,51765
2021-06-21 09:48:00,11921.0,51775
2021-06-21 09:48:01,11921.0,51775
2021-06-21 09:48:02,11916.2,51814
2021-06-21 09:48:03,11912.0,51824
2021-06-21 09:48:04,11912.0,51824
2021-06-21 09:48:05,11912.0,51824
2021-06-21 09:48:06,11912.0,51824
2021-06-21 09:48:07,11918.0,51834
2021-06-21 09:48:08,11918.0,51834
2021-06-21 09:48:09,11918.0,51834
2021-06-21 09:48:11,11918.0,51834
2021-06-21 09:48:12,11912.0,51836
2021-06-21 09:48:13,11912.0,51836
2021-06-21 09:48:15,11912.0,51836
2021-06-21 09:48:16,11912.0,51836
2021-06-21 09:48:17,11912.0,51836
2021-06-21 09:48:18,11915.35,51844
2021-06-21 09:48:19,11915.35,51844
2021-06-21 09:48:20,11912.1,51852
2021-06-21 09:48:21,11912.1,51852
2021-06-21 09:48:22,11917.65,51854
2021-06-21 09:48:24,11917.65,51854
2021-06-21 09:48:25,11912.15,51873
2021-06-21 09:48:26,11912.2,51884
2021-06-21 09:48:27,11912.2,51884
2021-06-21 09:48:28,11912.7,51886
2021-06-21 09:48:29,11912.7,51886
2021-06-21 09:48:30,11912.7,51886
2021-06-21 09:48:31,11912.7,51886
2021-06-21 09:48:32,11912.7,51886
2021-06-21 09:48:33,11912.7,51886
2021-06-21 09:48:34,11912.7,51886
2021-06-21 09:48:35,11912.7,51886
2021-06-21 09:48:36,11912.7,51886
2021-06-21 09:48:37,11918.0,51888
2021-06-21 09:48:38,11918.0,51889
2021-06-21 09:48:38,11918.0,51889
2021-06-21 09:48:39,11918.0,51889
2021-06-21 09:48:40,11915.8,51893
2021-06-21 09:48:42,11917.8,51971
2021-06-21 09:48:43,11914.85,51986
2021-06-21 09:48:44,11914.85,51986
2021-06-21 09:48:45,11914.85,51986
2021-06-21 09:48:46,11914.85,51986
2021-06-21 09:48:47,11913.05,51992
2021-06-21 09:48:48,11913.05,51992
2021-06-21 09:48:50,11916.55,52010
2021-06-21 09:48:51,11916.55,52010
2021-06-21 09:48:52,11917.8,52023
2021-06-21 09:48:53,11917.8,52023
2021-06-21 09:48:54,11917.8,52023
2021-06-21 09:48:54,11917.8,52023
2021-06-21 09:48:56,11917.8,52023
2021-06-21 09:48:57,11917.8,52023
2021-06-21 09:48:58,11917.8,52023
2021-06-21 09:48:59,11917.8,52023
2021-06-21 09:49:00,11914.1,52037
2021-06-21 09:49:01,11915.0,52088
2021-06-21 09:49:02,11912.7,52089
2021-06-21 09:49:03,11912.7,52090
2021-06-21 09:49:04,11912.7,52090
2021-06-21 09:49:05,11912.7,52090
2021-06-21 09:49:06,11912.7,52090
2021-06-21 09:49:07,11912.0,52144
2021-06-21 09:49:08,11907.6,52435
2021-06-21 09:49:09,11906.35,52463
2021-06-21 09:49:10,11906.35,52463
2021-06-21 09:49:11,11905.3,52464
2021-06-21 09:49:12,11905.3,52464
2021-06-21 09:49:13,11905.3,52464
2021-06-21 09:49:14,11910.0,52505
2021-06-21 09:49:15,11911.9,52510
2021-06-21 09:49:16,11911.9,52510
2021-06-21 09:49:17,11911.9,52510
2021-06-21 09:49:18,11906.55,52517
2021-06-21 09:49:19,11906.55,52517
2021-06-21 09:49:20,11906.55,52517
2021-06-21 09:49:21,11906.55,52517
2021-06-21 09:49:22,11906.55,52517
2021-06-21 09:49:23,11911.9,52528
2021-06-21 09:49:24,11911.9,52528
2021-06-21 09:49:25,11911.9,52528
2021-06-21 09:49:26,11911.9,52528
2021-06-21 09:49:27,11913.35,52535
2021-06-21 09:49:28,11913.35,52535
2021-06-21 09:49:29,11913.4,52536
2021-06-21 09:49:30,11913.0,52537
2021-06-21 09:49:31,11913.0,52537
2021-06-21 09:49:32,11913.0,52537
2021-06-21 09:49:33,11910.15,52557
2021-06-21 09:49:34,11913.4,52567
2021-06-21 09:49:35,11913.4,52567
2021-06-21 09:49:36,11913.4,52567
2021-06-21 09:49:37,11913.4,52567
2021-06-21 09:49:38,11913.4,52570
2021-06-21 09:49:39,11913.4,52570
2021-06-21 09:49:40,11913.4,52570
2021-06-21 09:49:42,11916.3,52588
2021-06-21 09:49:43,11916.3,52588
2021-06-21 09:49:44,11916.3,52588
2021-06-21 09:49:45,11916.3,52588
2021-06-21 09:49:47,11916.3,52588
2021-06-21 09:49:48,11916.3,52588
2021-06-21 09:49:50,11916.3,52588
2021-06-21 09:49:51,11916.3,52588
2021-06-21 09:49:52,11916.3,52588
2021-06-21 09:49:53,11916.3,52597
2021-06-21 09:49:56,11916.3,52597
2021-06-21 09:49:57,11916.3,52597
2021-06-21 09:49:58,11912.4,52627
2021-06-21 09:49:59,11917.3,52628
2021-06-21 09:50:00,11917.3,52628
2021-06-21 09:50:01,11917.3,52629
2021-06-21 09:50:02,11917.3,52629
2021-06-21 09:50:03,11917.3,52629
2021-06-21 09:50:04,11917.75,52639
2021-06-21 09:50:05,11914.35,52643
2021-06-21 09:50:06,11914.5,52644
2021-06-21 09:50:07,11914.5,52644
2021-06-21 09:50:08,11914.5,52644
2021-06-21 09:50:09,11914.5,52644
2021-06-21 09:50:10,11914.5,52644
2021-06-21 09:50:11,11914.5,52644
2021-06-21 09:50:12,11910.0,52645
2021-06-21 09:50:13,11910.0,52645
2021-06-21 09:50:14,11910.0,52645
2021-06-21 09:50:15,11914.5,52663
2021-06-21 09:50:16,11914.5,52663
2021-06-21 09:50:17,11914.5,52663
2021-06-21 09:50:18,11914.5,52663
2021-06-21 09:50:19,11914.5,52663
2021-06-21 09:50:21,11918.65,52670
2021-06-21 09:50:22,11918.65,52670
2021-06-21 09:50:23,11920.0,52678
2021-06-21 09:50:25,11925.2,52709
2021-06-21 09:50:26,11925.2,52709
2021-06-21 09:50:27,11918.35,52750
2021-06-21 09:50:28,11920.0,52765
2021-06-21 09:50:29,11920.0,52765
2021-06-21 09:50:30,11920.0,52765
2021-06-21 09:50:31,11920.0,52765
2021-06-21 09:50:32,11920.0,52766
2021-06-21 09:50:33,11920.0,52766
2021-06-21 09:50:35,11920.4,52809
2021-06-21 09:50:36,11920.4,52809
2021-06-21 09:50:37,11920.4,52809
2021-06-21 09:50:38,11920.4,52809
2021-06-21 09:50:39,11920.4,52809
2021-06-21 09:50:40,11923.1,52810
2021-06-21 09:50:41,11923.1,52810
2021-06-21 09:50:42,11927.5,52818
2021-06-21 09:50:43,11925.2,52833
2021-06-21 09:50:44,11925.2,52833
2021-06-21 09:50:45,11925.2,52833
2021-06-21 09:50:46,11928.2,52854
2021-06-21 09:50:47,11928.1,52864
2021-06-21 09:50:48,11928.1,52864
2021-06-21 09:50:49,11928.1,52864
2021-06-21 09:50:50,11928.1,52864
2021-06-21 09:50:51,11928.1,52864
2021-06-21 09:50:52,11928.1,52864
2021-06-21 09:50:53,11922.9,52875
2021-06-21 09:50:54,11922.9,52875
2021-06-21 09:50:55,11922.9,52875
2021-06-21 09:50:56,11928.0,52895
2021-06-21 09:50:57,11928.0,52895
2021-06-21 09:50:58,11928.0,52897
2021-06-21 09:50:59,11928.0,52897
2021-06-21 09:51:00,11928.0,52980
2021-06-21 09:51:01,11925.8,52994
2021-06-21 09:51:02,11925.2,53044
2021-06-21 09:51:04,11925.2,53044
2021-06-21 09:51:06,11925.2,53044
2021-06-21 09:51:07,11928.7,53072
2021-06-21 09:51:07,11928.95,53083
2021-06-21 09:51:08,11928.95,53083
2021-06-21 09:51:09,11928.95,53083
2021-06-21 09:51:10,11928.95,53083
2021-06-21 09:51:11,11926.0,53093
2021-06-21 09:51:12,11926.0,53184
2021-06-21 09:51:13,11926.0,53184
2021-06-21 09:51:15,11926.0,53184
2021-06-21 09:51:16,11926.0,53184
2021-06-21 09:51:16,11926.0,53184
2021-06-21 09:51:17,11926.0,53184
2021-06-21 09:51:18,11926.0,53184
2021-06-21 09:51:19,11927.45,53185
2021-06-21 09:51:20,11927.45,53185
2021-06-21 09:51:21,11927.45,53185
2021-06-21 09:51:22,11927.45,53186
2021-06-21 09:51:23,11922.9,53202
2021-06-21 09:51:24,11922.9,53206
2021-06-21 09:51:25,11922.9,53206
2021-06-21 09:51:26,11920.0,53210
2021-06-21 09:51:27,11920.0,53210
2021-06-21 09:51:29,11920.0,53210
2021-06-21 09:51:30,11924.1,53211
2021-06-21 09:51:31,11920.0,53219
2021-06-21 09:51:32,11920.0,53244
2021-06-21 09:51:33,11915.0,53255
2021-06-21 09:51:34,11916.2,53256
2021-06-21 09:51:35,11916.2,53256
2021-06-21 09:51:36,11916.2,53256
2021-06-21 09:51:38,11916.2,53256
2021-06-21 09:51:38,11916.2,53256
2021-06-21 09:51:39,11915.05,53258
2021-06-21 09:51:40,11915.7,53265
2021-06-21 09:51:41,11915.7,53265
2021-06-21 09:51:42,11910.05,53303
2021-06-21 09:51:43,11910.05,53309
2021-06-21 09:51:44,11910.05,53309
2021-06-21 09:51:45,11910.05,53309
2021-06-21 09:51:46,11907.0,53310
2021-06-21 09:51:47,11907.0,53310
2021-06-21 09:51:48,11905.0,53584
2021-06-21 09:51:49,11901.0,53624
2021-06-21 09:51:50,11905.05,53647
2021-06-21 09:51:51,11905.05,53647
2021-06-21 09:51:52,11905.05,53647
2021-06-21 09:51:54,11901.0,53659
2021-06-21 09:51:54,11895.55,53992
2021-06-21 09:51:55,11891.05,53996
2021-06-21 09:51:56,11897.9,54037
2021-06-21 09:51:57,11891.4,54057
2021-06-21 09:51:58,11891.4,54057
2021-06-21 09:51:59,11898.15,54059
2021-06-21 09:52:00,11891.05,54061
2021-06-21 09:52:02,11891.05,54061
2021-06-21 09:52:03,11891.05,54074
2021-06-21 09:52:04,11893.95,54078
2021-06-21 09:52:05,11893.95,54080
2021-06-21 09:52:06,11893.95,54081
2021-06-21 09:52:08,11896.2,54091
2021-06-21 09:52:09,11891.05,54108
2021-06-21 09:52:10,11891.05,54108
2021-06-21 09:52:11,11891.05,54108
2021-06-21 09:52:12,11891.15,54109
2021-06-21 09:52:14,11891.15,54109
2021-06-21 09:52:15,11891.15,54109
2021-06-21 09:52:16,11891.15,54109
2021-06-21 09:52:17,11898.6,54110
2021-06-21 09:52:18,11898.6,54110
2021-06-21 09:52:19,11896.95,54124
2021-06-21 09:52:20,11896.95,54124
2021-06-21 09:52:21,11896.95,54124
2021-06-21 09:52:22,11896.4,54134
2021-06-21 09:52:23,11897.2,54137
2021-06-21 09:52:24,11897.2,54137
2021-06-21 09:52:26,11897.2,54137
2021-06-21 09:52:27,11897.2,54137
2021-06-21 09:52:28,11896.7,54138
2021-06-21 09:52:29,11891.0,54203
2021-06-21 09:52:29,11896.65,54213
2021-06-21 09:52:30,11891.3,54216
2021-06-21 09:52:31,11896.5,54220
2021-06-21 09:52:32,11896.5,54220
2021-06-21 09:52:33,11898.8,54270
2021-06-21 09:52:35,11899.2,54291
2021-06-21 09:52:35,11895.85,54292
2021-06-21 09:52:36,11895.0,54295
2021-06-21 09:52:37,11895.0,54296
2021-06-21 09:52:38,11895.0,54296
2021-06-21 09:52:40,11891.2,54300
2021-06-21 09:52:41,11891.1,54315
2021-06-21 09:52:42,11891.1,54315
2021-06-21 09:52:44,11889.15,54485
2021-06-21 09:52:44,11899.6,54565
2021-06-21 09:52:45,11890.15,54596
2021-06-21 09:52:46,11890.15,54596
2021-06-21 09:52:48,11894.85,54597
2021-06-21 09:52:49,11894.85,54597
2021-06-21 09:52:49,11894.85,54597
2021-06-21 09:52:50,11894.85,54597
2021-06-21 09:52:52,11892.4,54601
2021-06-21 09:52:52,11893.95,54604
2021-06-21 09:52:53,11893.95,54604
2021-06-21 09:52:54,11893.95,54604
2021-06-21 09:52:55,11893.95,54604
2021-06-21 09:52:56,11893.95,54604
2021-06-21 09:52:57,11893.95,54604
2021-06-21 09:52:58,11890.0,54629
2021-06-21 09:53:01,11893.95,54660
2021-06-21 09:53:02,11888.9,54670
2021-06-21 09:53:03,11888.9,54670
2021-06-21 09:53:04,11893.85,54685
2021-06-21 09:53:05,11893.85,54685
2021-06-21 09:53:07,11893.85,54685
2021-06-21 09:53:07,11890.0,54716
2021-06-21 09:53:08,11893.75,54719
2021-06-21 09:53:09,11885.45,54736
2021-06-21 09:53:10,11885.45,54736
2021-06-21 09:53:11,11888.85,54743
2021-06-21 09:53:12,11890.0,54763
2021-06-21 09:53:14,11890.0,54763
2021-06-21 09:53:14,11890.0,54763
2021-06-21 09:53:17,11892.7,54770
2021-06-21 09:53:18,11889.9,54773
2021-06-21 09:53:19,11889.9,54773
2021-06-21 09:53:21,11885.85,54774
2021-06-21 09:53:22,11885.85,54774
2021-06-21 09:53:23,11890.1,54791
2021-06-21 09:53:24,11890.05,54793
2021-06-21 09:53:25,11890.05,54793
2021-06-21 09:53:26,11890.05,54793
2021-06-21 09:53:27,11890.05,54793
2021-06-21 09:53:28,11890.05,54793
2021-06-21 09:53:28,11885.85,54813
2021-06-21 09:53:29,11885.85,54813
2021-06-21 09:53:30,11885.85,54813
2021-06-21 09:53:31,11885.85,54813
2021-06-21 09:53:32,11885.85,54813
2021-06-21 09:53:33,11885.95,54816
2021-06-21 09:53:34,11885.95,54816
2021-06-21 09:53:35,11888.65,54822
2021-06-21 09:53:36,11885.95,54832
2021-06-21 09:53:37,11885.95,54832
2021-06-21 09:53:38,11885.95,54832
2021-06-21 09:53:40,11885.95,54832
2021-06-21 09:53:41,11885.95,54832
2021-06-21 09:53:42,11888.95,54838
2021-06-21 09:53:43,11888.95,54839
2021-06-21 09:53:44,11888.95,54839
2021-06-21 09:53:45,11885.85,54939
2021-06-21 09:53:46,11885.95,54987
2021-06-21 09:53:47,11885.95,54989
2021-06-21 09:53:48,11885.0,54994
2021-06-21 09:53:49,11885.0,54994
2021-06-21 09:53:50,11885.0,54995
2021-06-21 09:53:51,11885.0,54996
2021-06-21 09:53:52,11885.0,54996
2021-06-21 09:53:53,11888.2,54997
2021-06-21 09:53:54,11885.0,54999
2021-06-21 09:53:55,11885.0,54999
2021-06-21 09:53:55,11885.0,54999
2021-06-21 09:53:56,11885.0,55020
2021-06-21 09:53:58,11883.0,55093
2021-06-21 09:53:59,11888.2,55103
2021-06-21 09:54:01,11888.2,55103
2021-06-21 09:54:02,11888.15,55104
2021-06-21 09:54:03,11885.0,55109
2021-06-21 09:54:04,11887.95,55117
2021-06-21 09:54:05,11887.95,55117
2021-06-21 09:54:06,11887.95,55117
2021-06-21 09:54:07,11887.95,55117
2021-06-21 09:54:08,11887.95,55117
2021-06-21 09:54:08,11887.95,55117
2021-06-21 09:54:09,11887.95,55117
2021-06-21 09:54:10,11887.95,55117
2021-06-21 09:54:11,11887.95,55117
2021-06-21 09:54:12,11887.95,55117
2021-06-21 09:54:14,11891.95,55122
2021-06-21 09:54:15,11884.4,55204
2021-06-21 09:54:16,11884.4,55204
2021-06-21 09:54:17,11884.4,55204
2021-06-21 09:54:18,11891.5,55237
2021-06-21 09:54:20,11891.5,55237
2021-06-21 09:54:21,11891.5,55237
2021-06-21 09:54:22,11891.5,55237
2021-06-21 09:54:23,11885.9,55257
2021-06-21 09:54:24,11885.9,55266
2021-06-21 09:54:25,11893.55,55316
2021-06-21 09:54:26,11893.05,55317
2021-06-21 09:54:27,11893.85,55324
2021-06-21 09:54:27,11893.85,55324
2021-06-21 09:54:28,11893.85,55339
2021-06-21 09:54:29,11893.95,55428
2021-06-21 09:54:32,11893.95,55428
2021-06-21 09:54:33,11893.95,55428
2021-06-21 09:54:34,11893.95,55428
2021-06-21 09:54:35,11893.95,55428
2021-06-21 09:54:36,11893.95,55432
2021-06-21 09:54:36,11893.95,55432
2021-06-21 09:54:37,11893.95,55432
2021-06-21 09:54:38,11891.45,55449
2021-06-21 09:54:39,11891.3,55452
2021-06-21 09:54:40,11891.35,55457
2021-06-21 09:54:41,11890.05,55507
2021-06-21 09:54:43,11891.45,55508
2021-06-21 09:54:44,11896.9,55512
2021-06-21 09:54:45,11896.9,55516
2021-06-21 09:54:46,11896.9,55522
2021-06-21 09:54:47,11900.0,55524
2021-06-21 09:54:48,11900.0,55524
2021-06-21 09:54:49,11900.0,55524
2021-06-21 09:54:50,11900.0,55524
2021-06-21 09:54:51,11900.0,55524
2021-06-21 09:54:53,11900.0,55524
2021-06-21 09:54:55,11900.0,55534
2021-06-21 09:54:56,11900.0,55534
2021-06-21 09:54:56,11900.0,55544
2021-06-21 09:54:57,11900.0,55544
2021-06-21 09:54:58,11900.0,55544
2021-06-21 09:54:59,11894.45,55551
2021-06-21 09:55:01,11892.25,55566
2021-06-21 09:55:03,11892.25,55566
2021-06-21 09:55:05,11899.9,55576
2021-06-21 09:55:05,11895.35,55578
2021-06-21 09:55:06,11895.35,55586
2021-06-21 09:55:07,11892.45,55601
2021-06-21 09:55:08,11898.95,55610
2021-06-21 09:55:09,11898.95,55610
2021-06-21 09:55:11,11898.95,55610
2021-06-21 09:55:12,11899.6,55630
2021-06-21 09:55:13,11899.6,55635
2021-06-21 09:55:14,11899.6,55635
2021-06-21 09:55:15,11899.6,55635
2021-06-21 09:55:16,11899.6,55635
2021-06-21 09:55:17,11899.0,55640
2021-06-21 09:55:18,11899.0,55640
2021-06-21 09:55:19,11899.0,55640
2021-06-21 09:55:20,11899.0,55640
2021-06-21 09:55:21,11900.0,55642
2021-06-21 09:55:21,11900.0,55642
2021-06-21 09:55:22,11900.0,55642
2021-06-21 09:55:23,11900.0,55642
2021-06-21 09:55:24,11900.0,55642
2021-06-21 09:55:25,11900.0,55642
2021-06-21 09:55:26,11915.3,55668
2021-06-21 09:55:27,11915.9,55677
2021-06-21 09:55:29,11918.7,55697
2021-06-21 09:55:30,11918.7,55697
2021-06-21 09:55:31,11918.7,55697
2021-06-21 09:55:32,11918.7,55697
2021-06-21 09:55:33,11918.7,55697
2021-06-21 09:55:34,11918.7,55697
2021-06-21 09:55:35,11918.7,55697
2021-06-21 09:55:35,11918.7,55697
2021-06-21 09:55:36,11914.45,55701
2021-06-21 09:55:37,11915.25,55720
2021-06-21 09:55:39,11915.0,55739
2021-06-21 09:55:40,11915.35,55751
2021-06-21 09:55:40,11915.35,55751
2021-06-21 09:55:42,11907.6,55754
2021-06-21 09:55:43,11904.1,55757
2021-06-21 09:55:44,11904.1,55757
2021-06-21 09:55:45,11904.1,55758
2021-06-21 09:55:46,11904.1,55758
2021-06-21 09:55:47,11910.9,55767
2021-06-21 09:55:48,11910.9,55767
2021-06-21 09:55:48,11910.9,55767
2021-06-21 09:55:50,11910.9,55767
2021-06-21 09:55:51,11908.8,55772
2021-06-21 09:55:51,11908.8,55772
2021-06-21 09:55:53,11903.6,55777
2021-06-21 09:55:53,11903.6,55777
2021-06-21 09:55:54,11903.6,55779
2021-06-21 09:55:55,11903.6,55781
2021-06-21 09:55:56,11902.9,55785
2021-06-21 09:55:57,11902.9,55785
2021-06-21 09:55:59,11902.9,55785
2021-06-21 09:56:00,11902.9,55785
2021-06-21 09:56:01,11904.1,55788
2021-06-21 09:56:02,11904.1,55788
2021-06-21 09:56:03,11904.1,55790
2021-06-21 09:56:04,11910.3,55793
2021-06-21 09:56:05,11910.3,55793
2021-06-21 09:56:06,11910.3,55793
2021-06-21 09:56:07,11910.3,55793
2021-06-21 09:56:07,11910.0,55801
2021-06-21 09:56:08,11910.0,55801
2021-06-21 09:56:10,11910.0,55801
2021-06-21 09:56:11,11910.0,55801
2021-06-21 09:56:12,11910.0,55801
2021-06-21 09:56:13,11910.0,55801
2021-06-21 09:56:14,11910.0,55801
2021-06-21 09:56:14,11910.0,55801
2021-06-21 09:56:15,11910.0,55801
2021-06-21 09:56:17,11903.15,55821
2021-06-21 09:56:18,11909.6,55826
2021-06-21 09:56:18,11909.6,55826
2021-06-21 09:56:19,11909.6,55826
2021-06-21 09:56:20,11909.6,55826
2021-06-21 09:56:21,11909.6,55826
2021-06-21 09:56:22,11908.9,55836
2021-06-21 09:56:24,11903.35,55850
2021-06-21 09:56:26,11903.35,55850
2021-06-21 09:56:26,11903.35,55850
2021-06-21 09:56:27,11903.35,55850
2021-06-21 09:56:28,11901.65,55860
2021-06-21 09:56:29,11901.65,55860
2021-06-21 09:56:30,11901.65,55860
2021-06-21 09:56:31,11901.65,55860
2021-06-21 09:56:33,11901.65,55860
2021-06-21 09:56:34,11901.65,55860
2021-06-21 09:56:36,11901.65,55860
2021-06-21 09:56:37,11901.65,55860
2021-06-21 09:56:38,11910.0,55869
2021-06-21 09:56:38,11910.0,55869
2021-06-21 09:56:39,11908.95,56025
2021-06-21 09:56:41,11912.85,56213
2021-06-21 09:56:42,11914.3,56233
2021-06-21 09:56:43,11914.3,56233
2021-06-21 09:56:44,11917.4,56250
2021-06-21 09:56:44,11917.4,56250
2021-06-21 09:56:45,11917.4,56250
2021-06-21 09:56:46,11917.4,56259
2021-06-21 09:56:48,11917.4,56259
2021-06-21 09:56:49,11917.4,56259
2021-06-21 09:56:50,11917.4,56259
2021-06-21 09:56:51,11917.4,56259
2021-06-21 09:56:52,11917.4,56259
2021-06-21 09:56:53,11919.95,56268
2021-06-21 09:56:54,11919.95,56268
2021-06-21 09:56:54,11922.45,56320
2021-06-21 09:56:55,11922.45,56320
2021-06-21 09:56:56,11915.15,56325
2021-06-21 09:56:57,11914.65,56368
2021-06-21 09:56:58,11914.65,56378
2021-06-21 09:56:59,11914.65,56378
2021-06-21 09:57:00,11914.65,56378
2021-06-21 09:57:02,11914.65,56378
2021-06-21 09:57:03,11919.0,56398
2021-06-21 09:57:04,11919.0,56398
2021-06-21 09:57:04,11919.0,56398
2021-06-21 09:57:05,11919.0,56398
2021-06-21 09:57:06,11920.1,56448
2021-06-21 09:57:07,11924.05,56472
2021-06-21 09:57:08,11920.95,56482
2021-06-21 09:57:09,11920.95,56482
2021-06-21 09:57:11,11925.55,56728
2021-06-21 09:57:11,11920.95,56482
2021-06-21 09:57:12,11921.65,56750
2021-06-21 09:57:13,11925.55,56768
2021-06-21 09:57:14,11925.55,56768
2021-06-21 09:57:15,11922.65,56821
2021-06-21 09:57:17,11929.95,56822
2021-06-21 09:57:18,11929.95,56822
2021-06-21 09:57:19,11929.95,56822
2021-06-21 09:57:20,11922.8,56875
2021-06-21 09:57:22,11930.0,56887
2021-06-21 09:57:23,11930.0,56887
2021-06-21 09:57:23,11924.05,56892
2021-06-21 09:57:24,11929.8,56899
2021-06-21 09:57:26,11929.8,56900
2021-06-21 09:57:27,11929.8,56900
2021-06-21 09:57:28,11924.05,56901
2021-06-21 09:57:30,11929.0,56920
2021-06-21 09:57:31,11929.0,56920
2021-06-21 09:57:32,11929.0,56920
2021-06-21 09:57:33,11929.0,56920
2021-06-21 09:57:33,11929.0,56920
2021-06-21 09:57:36,11929.0,56920
2021-06-21 09:57:36,11930.55,57099
2021-06-21 09:57:37,11929.0,57133
2021-06-21 09:57:40,11931.95,57138
2021-06-21 09:57:41,11931.95,57138
2021-06-21 09:57:42,11925.15,57140
2021-06-21 09:57:43,11925.15,57140
2021-06-21 09:57:44,11931.95,57142
2021-06-21 09:57:45,11925.4,57168
2021-06-21 09:57:46,11932.0,57174
2021-06-21 09:57:48,11932.0,57174
2021-06-21 09:57:50,11932.0,57174
2021-06-21 09:57:52,11931.95,57181
2021-06-21 09:57:53,11931.95,57189
2021-06-21 09:57:54,11931.95,57189
2021-06-21 09:57:55,11931.95,57189
2021-06-21 09:57:56,11931.95,57189
2021-06-21 09:57:57,11931.95,57189
2021-06-21 09:57:58,11925.3,57190
2021-06-21 09:57:58,11925.3,57190
2021-06-21 09:57:59,11925.3,57192
2021-06-21 09:58:00,11925.3,57192
2021-06-21 09:58:01,11925.3,57192
2021-06-21 09:58:02,11927.8,57197
2021-06-21 09:58:03,11927.8,57197
2021-06-21 09:58:04,11930.95,57198
2021-06-21 09:58:05,11927.3,57264
2021-06-21 09:58:07,11931.9,57279
2021-06-21 09:58:08,11931.9,57286
2021-06-21 09:58:09,11925.3,57296
2021-06-21 09:58:10,11927.3,57297
2021-06-21 09:58:12,11927.3,57297
2021-06-21 09:58:13,11927.3,57297
2021-06-21 09:58:14,11927.3,57297
2021-06-21 09:58:16,11927.3,57297
2021-06-21 09:58:17,11931.0,57323
2021-06-21 09:58:18,11931.0,57323
2021-06-21 09:58:20,11931.0,57323
2021-06-21 09:58:21,11935.0,57581
2021-06-21 09:58:22,11936.95,57637
2021-06-21 09:58:23,11932.8,57837
2021-06-21 09:58:23,11932.8,57837
2021-06-21 09:58:25,11932.8,57837
2021-06-21 09:58:26,11932.8,57837
2021-06-21 09:58:27,11932.8,57837
2021-06-21 09:58:28,11931.0,57839
2021-06-21 09:58:29,11931.0,57839
2021-06-21 09:58:30,11932.0,57849
2021-06-21 09:58:31,11929.7,57855
2021-06-21 09:58:32,11929.7,57857
2021-06-21 09:58:33,11925.0,57859
2021-06-21 09:58:34,11925.0,57859
2021-06-21 09:58:35,11925.0,57859
2021-06-21 09:58:36,11925.0,57862
2021-06-21 09:58:37,11925.0,57862
2021-06-21 09:58:38,11925.0,57864
2021-06-21 09:58:40,11925.0,57864
2021-06-21 09:58:42,11925.0,57864
2021-06-21 09:58:42,11925.0,57864
2021-06-21 09:58:43,11925.0,57864
2021-06-21 09:58:44,11933.75,57939
2021-06-21 09:58:45,11931.0,57951
2021-06-21 09:58:46,11931.0,57951
2021-06-21 09:58:47,11929.0,57960
2021-06-21 09:58:48,11929.0,57960
2021-06-21 09:58:49,11929.0,57960
2021-06-21 09:58:50,11934.35,57965
2021-06-21 09:58:51,11934.35,57965
2021-06-21 09:58:52,11934.35,57965
2021-06-21 09:58:54,11928.95,57980
2021-06-21 09:58:55,11934.3,57981
2021-06-21 09:58:56,11934.3,57981
2021-06-21 09:58:57,11935.0,57984
2021-06-21 09:58:58,11935.0,57984
2021-06-21 09:58:59,11935.0,57984
2021-06-21 09:59:00,11933.0,57985
2021-06-21 09:59:01,11933.0,57985
2021-06-21 09:59:01,11933.0,57985
2021-06-21 09:59:02,11933.0,57985
2021-06-21 09:59:03,11931.9,57990
2021-06-21 09:59:04,11931.9,57990
2021-06-21 09:59:06,11931.9,57990
2021-06-21 09:59:07,11933.0,57995
2021-06-21 09:59:08,11933.0,57997
2021-06-21 09:59:09,11933.0,57997
2021-06-21 09:59:10,11933.0,57997
2021-06-21 09:59:11,11935.0,58007
2021-06-21 09:59:11,11935.0,58007
2021-06-21 09:59:12,11935.0,58007
2021-06-21 09:59:13,11935.0,58007
2021-06-21 09:59:15,11932.9,58012
2021-06-21 09:59:17,11939.45,58047
2021-06-21 09:59:19,11934.1,58077
2021-06-21 09:59:20,11934.1,58077
2021-06-21 09:59:21,11934.1,58077
2021-06-21 09:59:22,11934.1,58077
2021-06-21 09:59:23,11939.8,58081
2021-06-21 09:59:24,11939.8,58081
2021-06-21 09:59:25,11939.8,58081
2021-06-21 09:59:26,11939.8,58081
2021-06-21 09:59:27,11939.8,58081
2021-06-21 09:59:28,11939.95,58085
2021-06-21 09:59:29,11939.95,58085
2021-06-21 09:59:30,11939.95,58089
2021-06-21 09:59:31,11939.95,58092
2021-06-21 09:59:32,11939.95,58092
2021-06-21 09:59:33,11939.95,58092
2021-06-21 09:59:34,11939.95,58092
2021-06-21 09:59:36,11937.75,58099
2021-06-21 09:59:38,11937.75,58101
2021-06-21 09:59:39,11937.75,58101
2021-06-21 09:59:41,11937.75,58101
2021-06-21 09:59:43,11937.75,58101
2021-06-21 09:59:44,11937.75,58104
2021-06-21 09:59:45,11937.75,58104
2021-06-21 09:59:46,11939.9,58114
2021-06-21 09:59:47,11939.95,58117
2021-06-21 09:59:48,11939.95,58117
2021-06-21 09:59:49,11939.95,58117
2021-06-21 09:59:50,11939.95,58117
2021-06-21 09:59:51,11939.95,58117
2021-06-21 09:59:52,11939.95,58117
2021-06-21 09:59:53,11939.95,58125
2021-06-21 09:59:54,11939.95,58125
2021-06-21 09:59:55,11934.1,58155
2021-06-21 09:59:56,11934.1,58155
2021-06-21 09:59:58,11934.1,58155
2021-06-21 09:59:59,11934.1,58155
2021-06-21 10:00:00,11934.25,58156
2021-06-21 10:00:01,11939.85,58159
2021-06-21 10:00:02,11939.85,58159
2021-06-21 10:00:03,11939.85,58159
2021-06-21 10:00:04,11939.85,58159
2021-06-21 10:00:05,11939.85,58159
2021-06-21 10:00:06,11939.85,58159
2021-06-21 10:00:07,11937.05,58160
2021-06-21 10:00:08,11939.95,58168
2021-06-21 10:00:09,11939.95,58168
2021-06-21 10:00:10,11939.95,58168
2021-06-21 10:00:11,11939.95,58168
2021-06-21 10:00:12,11939.95,58168
2021-06-21 10:00:13,11938.55,58173
2021-06-21 10:00:14,11932.9,58183
2021-06-21 10:00:15,11939.5,58196
2021-06-21 10:00:16,11939.5,58196
2021-06-21 10:00:17,11939.5,58196
2021-06-21 10:00:18,11933.05,58201
2021-06-21 10:00:19,11932.9,58232
2021-06-21 10:00:20,11932.9,58232
2021-06-21 10:00:21,11939.4,58242
2021-06-21 10:00:22,11936.35,58246
2021-06-21 10:00:23,11936.35,58246
2021-06-21 10:00:24,11936.35,58246
2021-06-21 10:00:26,11936.35,58247
2021-06-21 10:00:27,11936.35,58247
2021-06-21 10:00:28,11939.1,58258
2021-06-21 10:00:30,11939.1,58258
2021-06-21 10:00:31,11939.1,58258
2021-06-21 10:00:32,11939.1,58258
2021-06-21 10:00:33,11939.1,58258
2021-06-21 10:00:34,11939.1,58258
2021-06-21 10:00:37,11939.1,58258
2021-06-21 10:00:38,11939.0,58260
2021-06-21 10:00:39,11939.0,58260
2021-06-21 10:00:40,11939.0,58260
2021-06-21 10:00:41,11939.0,58289
2021-06-21 10:00:42,11940.0,58379
2021-06-21 10:00:43,11940.0,58397
2021-06-21 10:00:44,11940.0,58397
2021-06-21 10:00:45,11945.0,58751
2021-06-21 10:00:46,11941.15,58782
2021-06-21 10:00:47,11945.0,58802
2021-06-21 10:00:48,11945.0,58947
2021-06-21 10:00:50,11945.0,58947
2021-06-21 10:00:51,11945.0,58947
2021-06-21 10:00:52,11943.05,58948
2021-06-21 10:00:53,11945.0,58962
2021-06-21 10:00:54,11945.0,59039
2021-06-21 10:00:55,11947.0,59764
2021-06-21 10:00:56,11943.2,59825
2021-06-21 10:00:57,11943.2,59830
2021-06-21 10:00:58,11943.2,59830
2021-06-21 10:00:59,11944.0,59833
2021-06-21 10:01:00,11944.0,59833
2021-06-21 10:01:01,11944.0,59833
2021-06-21 10:01:02,11947.9,59847
2021-06-21 10:01:03,11947.9,59847
2021-06-21 10:01:04,11947.9,59847
2021-06-21 10:01:05,11947.9,59847
2021-06-21 10:01:07,11948.0,59874
2021-06-21 10:01:08,11948.0,59883
2021-06-21 10:01:09,11948.0,59883
2021-06-21 10:01:10,11948.0,59883
2021-06-21 10:01:11,11948.0,59883
2021-06-21 10:01:12,11948.0,59883
2021-06-21 10:01:13,11947.9,59884
2021-06-21 10:01:14,11944.05,59888
2021-06-21 10:01:15,11948.0,59889
2021-06-21 10:01:16,11948.0,59909
2021-06-21 10:01:17,11948.0,59909
2021-06-21 10:01:18,11948.0,59918
2021-06-21 10:01:19,11948.0,59918
2021-06-21 10:01:20,11948.0,59921
2021-06-21 10:01:21,11948.0,59926
2021-06-21 10:01:22,11948.0,59944
2021-06-21 10:01:23,11948.0,59954
2021-06-21 10:01:24,11944.0,59957
2021-06-21 10:01:25,11944.0,59957
2021-06-21 10:01:26,11944.0,59957
2021-06-21 10:01:27,11944.0,59957
2021-06-21 10:01:28,11944.0,59957
2021-06-21 10:01:29,11947.9,59967
2021-06-21 10:01:30,11947.9,59971
2021-06-21 10:01:31,11947.9,59971
2021-06-21 10:01:32,11947.9,59971
2021-06-21 10:01:33,11947.9,59971
2021-06-21 10:01:34,11947.9,59971
2021-06-21 10:01:35,11947.9,59971
2021-06-21 10:01:36,11945.0,59982
2021-06-21 10:01:37,11945.0,59984
2021-06-21 10:01:38,11945.0,59984
2021-06-21 10:01:39,11947.5,60066
2021-06-21 10:01:40,11945.45,60077
2021-06-21 10:01:41,11945.45,60077
2021-06-21 10:01:42,11945.05,60079
2021-06-21 10:01:43,11945.05,60079
2021-06-21 10:01:44,11947.9,60081
2021-06-21 10:01:45,11947.9,60081
2021-06-21 10:01:46,11944.0,60171
2021-06-21 10:01:47,11945.0,60184
2021-06-21 10:01:48,11945.0,60184
2021-06-21 10:01:50,11946.45,60185
2021-06-21 10:01:51,11946.45,60185
2021-06-21 10:01:52,11946.45,60185
2021-06-21 10:01:53,11946.45,60185
2021-06-21 10:01:54,11946.0,60192
2021-06-21 10:01:55,11948.0,60218
2021-06-21 10:01:56,11948.0,60218
2021-06-21 10:01:57,11944.0,60230
2021-06-21 10:01:58,11944.0,60230
2021-06-21 10:01:59,11944.0,60230
2021-06-21 10:02:00,11944.0,60230
2021-06-21 10:02:01,11946.45,60231
2021-06-21 10:02:03,11949.45,60313
2021-06-21 10:02:04,11946.0,60329
2021-06-21 10:02:06,11946.0,60404
2021-06-21 10:02:08,11944.0,60410
2021-06-21 10:02:09,11944.0,60410
2021-06-21 10:02:10,11944.0,60410
2021-06-21 10:02:11,11944.0,60410
2021-06-21 10:02:12,11942.0,60468
2021-06-21 10:02:13,11942.0,60468
2021-06-21 10:02:14,11942.0,60468
2021-06-21 10:02:15,11942.0,60468
2021-06-21 10:02:16,11944.0,60511
2021-06-21 10:02:18,11940.0,60531
2021-06-21 10:02:19,11940.0,60531
2021-06-21 10:02:20,11943.0,60535
2021-06-21 10:02:21,11940.0,60536
2021-06-21 10:02:22,11939.1,60559
2021-06-21 10:02:23,11939.1,60569
2021-06-21 10:02:25,11940.0,60583
2021-06-21 10:02:25,11940.0,60583
2021-06-21 10:02:26,11940.0,60583
2021-06-21 10:02:27,11942.0,60586
2021-06-21 10:02:28,11947.6,60718
2021-06-21 10:02:29,11940.0,60768
2021-06-21 10:02:30,11940.0,60768
2021-06-21 10:02:32,11940.0,60768
2021-06-21 10:02:32,11940.0,60768
2021-06-21 10:02:33,11940.0,60768
2021-06-21 10:02:34,11944.75,60771
2021-06-21 10:02:35,11944.75,60772
2021-06-21 10:02:36,11944.75,60772
2021-06-21 10:02:38,11944.75,60772
2021-06-21 10:02:38,11944.75,60772
2021-06-21 10:02:39,11944.75,60775
2021-06-21 10:02:40,11944.75,60775
2021-06-21 10:02:41,11944.75,60775
2021-06-21 10:02:42,11944.75,60775
2021-06-21 10:02:43,11944.75,60775
2021-06-21 10:02:44,11944.75,60775
2021-06-21 10:02:45,11944.75,60775
2021-06-21 10:02:46,11944.75,60775
2021-06-21 10:02:47,11942.0,60785
2021-06-21 10:02:49,11947.4,60858
2021-06-21 10:02:50,11947.4,60858
2021-06-21 10:02:51,11947.4,60868
2021-06-21 10:02:52,11947.4,60868
2021-06-21 10:02:54,11947.4,60868
2021-06-21 10:02:54,11947.4,60868
2021-06-21 10:02:56,11947.4,60868
2021-06-21 10:02:57,11947.4,60868
2021-06-21 10:02:58,11941.4,60873
2021-06-21 10:02:59,11941.4,60873
2021-06-21 10:03:00,11947.0,60874
2021-06-21 10:03:01,11947.0,60874
2021-06-21 10:03:02,11941.4,60894
2021-06-21 10:03:03,11941.4,60894
2021-06-21 10:03:04,11941.4,60894
2021-06-21 10:03:05,11941.4,60894
2021-06-21 10:03:06,11944.15,60896
2021-06-21 10:03:07,11942.0,60897
2021-06-21 10:03:08,11942.0,60897
2021-06-21 10:03:09,11942.0,60897
2021-06-21 10:03:10,11941.4,60928
2021-06-21 10:03:12,11941.4,60928
2021-06-21 10:03:12,11939.1,60958
2021-06-21 10:03:13,11939.1,60958
2021-06-21 10:03:14,11939.1,60958
2021-06-21 10:03:16,11939.1,60960
2021-06-21 10:03:16,11939.1,60960
2021-06-21 10:03:17,11939.1,60960
2021-06-21 10:03:18,11939.1,60960
2021-06-21 10:03:20,11944.15,61060
2021-06-21 10:03:21,11944.15,61060
2021-06-21 10:03:22,11944.15,61060
2021-06-21 10:03:23,11939.25,61061
2021-06-21 10:03:24,11939.25,61061
2021-06-21 10:03:25,11939.25,61071
2021-06-21 10:03:26,11939.25,61071
2021-06-21 10:03:27,11939.25,61071
2021-06-21 10:03:28,11939.25,61071
2021-06-21 10:03:29,11939.25,61071
2021-06-21 10:03:30,11946.45,61072
2021-06-21 10:03:31,11940.05,61085
2021-06-21 10:03:32,11945.95,61112
2021-06-21 10:03:33,11940.0,61131
2021-06-21 10:03:34,11940.0,61131
2021-06-21 10:03:35,11940.0,61131
2021-06-21 10:03:36,11940.0,61131
2021-06-21 10:03:37,11945.65,61133
2021-06-21 10:03:38,11940.0,61134
2021-06-21 10:03:39,11940.0,61144
2021-06-21 10:03:40,11940.0,61146
2021-06-21 10:03:41,11940.0,61146
2021-06-21 10:03:42,11940.0,61193
2021-06-21 10:03:44,11936.45,61351
2021-06-21 10:03:44,11931.45,61357
2021-06-21 10:03:45,11935.0,61367
2021-06-21 10:03:46,11935.0,61367
2021-06-21 10:03:47,11935.0,61367
2021-06-21 10:03:48,11932.6,61368
2021-06-21 10:03:49,11936.25,61378
2021-06-21 10:03:50,11936.25,61378
2021-06-21 10:03:52,11936.25,61378
2021-06-21 10:03:52,11936.0,61386
2021-06-21 10:03:53,11936.0,61386
2021-06-21 10:03:54,11936.0,61386
2021-06-21 10:03:55,11936.0,61387
2021-06-21 10:03:56,11931.4,61407
2021-06-21 10:03:59,11931.05,61412
2021-06-21 10:03:59,11931.05,61412
2021-06-21 10:04:01,11939.3,61492
2021-06-21 10:04:02,11935.0,61494
2021-06-21 10:04:03,11935.0,61494
2021-06-21 10:04:04,11935.0,61495
2021-06-21 10:04:05,11935.0,61495
2021-06-21 10:04:06,11935.0,61495
2021-06-21 10:04:07,11935.0,61495
2021-06-21 10:04:07,11935.0,61495
2021-06-21 10:04:09,11935.0,61495
2021-06-21 10:04:10,11935.0,61497
2021-06-21 10:04:10,11935.0,61497
2021-06-21 10:04:11,11935.0,61497
2021-06-21 10:04:13,11932.0,61507
2021-06-21 10:04:13,11932.0,61507
2021-06-21 10:04:14,11932.0,61507
2021-06-21 10:04:15,11932.0,61507
2021-06-21 10:04:16,11932.0,61507
2021-06-21 10:04:17,11932.0,61507
2021-06-21 10:04:19,11932.0,61507
2021-06-21 10:04:20,11933.8,61513
2021-06-21 10:04:21,11932.0,61514
2021-06-21 10:04:21,11932.0,61514
2021-06-21 10:04:23,11934.9,61516
2021-06-21 10:04:23,11934.9,61516
2021-06-21 10:04:25,11932.0,61546
2021-06-21 10:04:26,11937.1,61601
2021-06-21 10:04:28,11932.0,61611
2021-06-21 10:04:29,11932.0,61611
2021-06-21 10:04:30,11932.0,61611
2021-06-21 10:04:31,11932.0,61614
2021-06-21 10:04:31,11932.0,61614
2021-06-21 10:04:32,11932.0,61614
2021-06-21 10:04:34,11932.0,61614
2021-06-21 10:04:36,11933.45,61625
2021-06-21 10:04:37,11936.7,61630
2021-06-21 10:04:38,11934.95,61633
2021-06-21 10:04:38,11932.0,61706
2021-06-21 10:04:39,11930.0,61767
2021-06-21 10:04:40,11930.0,61767
2021-06-21 10:04:41,11930.0,61767
2021-06-21 10:04:42,11932.9,61777
2021-06-21 10:04:44,11932.9,61777
2021-06-21 10:04:45,11932.9,61777
2021-06-21 10:04:46,11932.9,61777
2021-06-21 10:04:47,11932.9,61777
2021-06-21 10:04:48,11929.1,61786
2021-06-21 10:04:49,11929.1,61786
2021-06-21 10:04:49,11929.1,61786
2021-06-21 10:04:50,11932.05,61791
2021-06-21 10:04:51,11932.05,61791
2021-06-21 10:04:52,11932.05,61791
2021-06-21 10:04:53,11932.05,61791
2021-06-21 10:04:55,11932.05,61791
2021-06-21 10:04:56,11932.05,61791
2021-06-21 10:04:57,11932.05,61791
2021-06-21 10:04:58,11932.05,61791
2021-06-21 10:04:58,11932.05,61791
2021-06-21 10:04:59,11931.8,61870
2021-06-21 10:05:00,11925.6,61888
2021-06-21 10:05:02,11925.0,61899
2021-06-21 10:05:03,11925.0,61899
2021-06-21 10:05:03,11925.0,61899
2021-06-21 10:05:05,11925.6,61901
2021-06-21 10:05:06,11925.6,61901
2021-06-21 10:05:07,11929.0,61902
2021-06-21 10:05:08,11930.0,61907
2021-06-21 10:05:09,11930.85,61910
2021-06-21 10:05:10,11925.0,61911
2021-06-21 10:05:10,11930.0,61916
2021-06-21 10:05:11,11925.6,61919
2021-06-21 10:05:12,11925.6,61919
2021-06-21 10:05:13,11925.6,61919
2021-06-21 10:05:15,11925.6,61919
2021-06-21 10:05:16,11929.55,61929
2021-06-21 10:05:17,11929.55,61929
2021-06-21 10:05:17,11929.55,61929
2021-06-21 10:05:20,11929.55,61929
2021-06-21 10:05:21,11930.75,61934
2021-06-21 10:05:22,11930.75,61934
2021-06-21 10:05:22,11930.75,61934
2021-06-21 10:05:24,11930.75,61941
2021-06-21 10:05:25,11930.75,61941
2021-06-21 10:05:26,11930.75,61941
2021-06-21 10:05:26,11930.75,61941
2021-06-21 10:05:28,11931.0,61942
2021-06-21 10:05:29,11926.3,61947
2021-06-21 10:05:29,11926.3,61947
2021-06-21 10:05:30,11927.3,61949
2021-06-21 10:05:31,11932.05,61950
2021-06-21 10:05:32,11932.05,61950
2021-06-21 10:05:33,11932.05,61950
2021-06-21 10:05:34,11932.05,61950
2021-06-21 10:05:35,11932.05,61950
2021-06-21 10:05:38,11934.9,61959
2021-06-21 10:05:39,11934.9,61959
2021-06-21 10:05:40,11934.9,61964
2021-06-21 10:05:40,11934.9,61964
2021-06-21 10:05:42,11930.1,61968
2021-06-21 10:05:43,11930.1,61968
2021-06-21 10:05:44,11930.1,61968
2021-06-21 10:05:45,11930.1,61968
2021-06-21 10:05:46,11930.0,61980
2021-06-21 10:05:47,11930.0,61980
2021-06-21 10:05:48,11938.95,62055
2021-06-21 10:05:50,11938.95,62055
2021-06-21 10:05:51,11938.95,62055
2021-06-21 10:05:52,11938.95,62055
2021-06-21 10:05:53,11938.95,62055
2021-06-21 10:05:54,11930.9,62060
2021-06-21 10:05:55,11937.2,62061
2021-06-21 10:05:56,11930.0,62071
2021-06-21 10:05:57,11934.95,62086
2021-06-21 10:05:58,11934.95,62086
2021-06-21 10:05:59,11934.95,62086
2021-06-21 10:06:00,11934.95,62086
2021-06-21 10:06:02,11930.15,62154
2021-06-21 10:06:03,11930.15,62154
2021-06-21 10:06:04,11935.0,62156
2021-06-21 10:06:05,11935.0,62156
2021-06-21 10:06:08,11935.0,62179
2021-06-21 10:06:09,11935.0,62179
2021-06-21 10:06:09,11935.0,62179
2021-06-21 10:06:10,11935.0,62180
2021-06-21 10:06:12,11932.15,62755
2021-06-21 10:06:13,11930.2,62795
2021-06-21 10:06:14,11930.0,62796
2021-06-21 10:06:16,11926.0,62797
2021-06-21 10:06:17,11926.0,62797
2021-06-21 10:06:18,11926.0,62797
2021-06-21 10:06:19,11926.0,62797
2021-06-21 10:06:20,11926.0,62797
2021-06-21 10:06:21,11926.0,62797
2021-06-21 10:06:22,11926.0,62797
2021-06-21 10:06:23,11930.1,62806
2021-06-21 10:06:24,11930.1,62806
2021-06-21 10:06:25,11927.9,62811
2021-06-21 10:06:26,11927.9,62860
2021-06-21 10:06:27,11927.9,62860
2021-06-21 10:06:28,11927.9,62860
2021-06-21 10:06:29,11930.2,62863
2021-06-21 10:06:30,11930.2,62863
2021-06-21 10:06:31,11930.2,62863
2021-06-21 10:06:32,11930.2,62863
2021-06-21 10:06:33,11930.2,62863
2021-06-21 10:06:34,11930.2,62863
2021-06-21 10:06:35,11935.0,62866
2021-06-21 10:06:36,11935.0,62866
2021-06-21 10:06:36,11935.0,62866
2021-06-21 10:06:37,11935.0,62866
2021-06-21 10:06:38,11932.0,62922
2021-06-21 10:06:39,11930.95,62924
2021-06-21 10:06:41,11930.95,62924
2021-06-21 10:06:42,11930.95,62924
2021-06-21 10:06:43,11930.95,62924
2021-06-21 10:06:44,11927.1,62938
2021-06-21 10:06:44,11927.1,62938
2021-06-21 10:06:45,11927.1,62938
2021-06-21 10:06:47,11934.55,62958
2021-06-21 10:06:48,11934.55,62958
2021-06-21 10:06:49,11934.55,62958
2021-06-21 10:06:50,11932.3,62959
2021-06-21 10:06:50,11932.3,62959
2021-06-21 10:06:51,11932.3,62959
2021-06-21 10:06:52,11935.0,62969
2021-06-21 10:06:53,11935.0,62969
2021-06-21 10:06:54,11935.0,62969
2021-06-21 10:06:55,11935.0,62969
2021-06-21 10:06:56,11935.0,62970
2021-06-21 10:06:57,11935.0,62970
2021-06-21 10:06:58,11935.0,62970
2021-06-21 10:07:00,11935.0,62970
2021-06-21 10:07:01,11935.0,62970
2021-06-21 10:07:02,11935.0,62970
2021-06-21 10:07:03,11935.0,62970
2021-06-21 10:07:03,11935.0,62970
2021-06-21 10:07:04,11935.0,62970
2021-06-21 10:07:06,11935.0,62970
2021-06-21 10:07:07,11935.0,62970
2021-06-21 10:07:08,11935.0,62971
2021-06-21 10:07:09,11935.0,62971
2021-06-21 10:07:10,11935.0,62971
2021-06-21 10:07:11,11935.0,62971
2021-06-21 10:07:11,11938.85,62979
2021-06-21 10:07:12,11938.85,62979
2021-06-21 10:07:13,11938.85,62979
2021-06-21 10:07:14,11938.8,62989
2021-06-21 10:07:15,11938.8,62989
2021-06-21 10:07:16,11938.8,62989
2021-06-21 10:07:18,11931.9,63019
2021-06-21 10:07:19,11932.0,63029
2021-06-21 10:07:20,11938.3,63032
2021-06-21 10:07:21,11938.3,63032
2021-06-21 10:07:22,11938.3,63032
2021-06-21 10:07:22,11938.5,63037
2021-06-21 10:07:23,11938.45,63062
2021-06-21 10:07:24,11938.45,63062
2021-06-21 10:07:25,11938.45,63062
2021-06-21 10:07:26,11938.45,63062
2021-06-21 10:07:27,11935.0,63063
2021-06-21 10:07:28,11935.0,63074
2021-06-21 10:07:29,11939.0,63104
2021-06-21 10:07:30,11938.0,63134
2021-06-21 10:07:31,11938.0,63134
2021-06-21 10:07:32,11938.0,63134
2021-06-21 10:07:34,11938.0,63134
2021-06-21 10:07:35,11935.05,63147
2021-06-21 10:07:36,11935.05,63147
2021-06-21 10:07:37,11935.05,63147
2021-06-21 10:07:38,11939.0,63150
2021-06-21 10:07:39,11939.0,63150
2021-06-21 10:07:39,11939.0,63150
2021-06-21 10:07:40,11939.0,63150
2021-06-21 10:07:41,11939.0,63150
2021-06-21 10:07:42,11939.0,63162
2021-06-21 10:07:43,11939.0,63162
2021-06-21 10:07:45,11939.0,63162
2021-06-21 10:07:46,11939.0,63162
2021-06-21 10:07:47,11939.0,63162
2021-06-21 10:07:48,11939.0,63162
2021-06-21 10:07:49,11938.15,63163
2021-06-21 10:07:50,11940.0,63216
2021-06-21 10:07:51,11940.0,63216
2021-06-21 10:07:52,11940.0,63216
2021-06-21 10:07:52,11945.0,63222
2021-06-21 10:07:53,11945.0,63222
2021-06-21 10:07:54,11945.0,63222
2021-06-21 10:07:56,11946.6,63223
2021-06-21 10:07:57,11946.6,63223
2021-06-21 10:07:58,11946.6,63223
2021-06-21 10:07:59,11946.6,63223
2021-06-21 10:08:00,11946.6,63223
2021-06-21 10:08:02,11946.6,63223
2021-06-21 10:08:03,11946.6,63223
2021-06-21 10:08:04,11946.6,63223
2021-06-21 10:08:05,11946.6,63223
2021-06-21 10:08:06,11947.0,63231
2021-06-21 10:08:07,11948.0,63242
2021-06-21 10:08:08,11948.0,63242
2021-06-21 10:08:09,11948.0,63253
2021-06-21 10:08:09,11948.0,63253
2021-06-21 10:08:10,11948.0,63253
2021-06-21 10:08:12,11947.95,63280
2021-06-21 10:08:13,11941.45,63290
2021-06-21 10:08:14,11941.45,63290
2021-06-21 10:08:15,11941.45,63290
2021-06-21 10:08:16,11941.45,63290
2021-06-21 10:08:16,11941.45,63290
2021-06-21 10:08:18,11941.45,63290
2021-06-21 10:08:19,11941.45,63290
2021-06-21 10:08:20,11941.45,63290
2021-06-21 10:08:20,11941.45,63290
2021-06-21 10:08:21,11941.3,63311
2021-06-21 10:08:22,11941.3,63311
2021-06-21 10:08:24,11941.3,63311
2021-06-21 10:08:25,11941.3,63311
2021-06-21 10:08:26,11942.5,63340
2021-06-21 10:08:27,11935.65,63370
2021-06-21 10:08:28,11941.65,63374
2021-06-21 10:08:29,11941.65,63374
2021-06-21 10:08:31,11941.65,63374
2021-06-21 10:08:32,11935.75,63399
2021-06-21 10:08:32,11941.7,63389
2021-06-21 10:08:33,11935.75,63399
2021-06-21 10:08:34,11935.75,63399
2021-06-21 10:08:35,11942.5,63400
2021-06-21 10:08:37,11942.5,63402
2021-06-21 10:08:38,11941.65,63411
2021-06-21 10:08:39,11942.65,63431
2021-06-21 10:08:40,11942.65,63431
2021-06-21 10:08:41,11942.65,63431
2021-06-21 10:08:42,11943.2,63441
2021-06-21 10:08:43,11936.6,63442
2021-06-21 10:08:44,11936.6,63442
2021-06-21 10:08:45,11936.6,63442
2021-06-21 10:08:46,11936.6,63442
2021-06-21 10:08:47,11936.6,63442
2021-06-21 10:08:48,11936.6,63442
2021-06-21 10:08:50,11936.6,63442
2021-06-21 10:08:51,11936.6,63442
2021-06-21 10:08:52,11942.65,63444
2021-06-21 10:08:53,11943.8,63463
2021-06-21 10:08:54,11939.0,63467
