timestamp,ltp,volume
2021-06-21 09:16:28,4134.1,13844
2021-06-21 09:16:29,4134.1,13869
2021-06-21 09:16:30,4134.1,13883
2021-06-21 09:16:31,4132.05,13929
2021-06-21 09:16:32,4134.05,13930
2021-06-21 09:16:33,4134.2,13983
2021-06-21 09:16:34,4132.9,14000
2021-06-21 09:16:36,4134.0,14050
2021-06-21 09:16:37,4134.1,14077
2021-06-21 09:16:39,4134.1,14077
2021-06-21 09:16:40,4133.2,14078
2021-06-21 09:16:41,4135.15,14155
2021-06-21 09:16:42,4135.15,14155
2021-06-21 09:16:43,4135.0,14206
2021-06-21 09:16:44,4135.0,14206
2021-06-21 09:16:45,4135.0,14206
2021-06-21 09:16:46,4135.0,14206
2021-06-21 09:16:47,4137.4,14307
2021-06-21 09:16:48,4140.0,14557
2021-06-21 09:16:49,4136.75,14580
2021-06-21 09:16:50,4136.75,14580
2021-06-21 09:16:51,4136.75,14580
2021-06-21 09:16:53,4137.4,14602
2021-06-21 09:16:54,4140.0,14613
2021-06-21 09:16:56,4140.0,14613
2021-06-21 09:16:58,4137.45,14614
2021-06-21 09:16:59,4141.45,14693
2021-06-21 09:17:00,4141.45,14693
2021-06-21 09:17:01,4141.45,14693
2021-06-21 09:17:02,4142.5,14698
2021-06-21 09:17:03,4142.5,14698
2021-06-21 09:17:04,4140.65,14704
2021-06-21 09:17:05,4142.5,14712
2021-06-21 09:17:06,4142.25,14915
2021-06-21 09:17:07,4142.25,14915
2021-06-21 09:17:08,4142.25,14915
2021-06-21 09:17:09,4141.95,14957
2021-06-21 09:17:10,4142.0,14973
2021-06-21 09:17:12,4141.95,15025
2021-06-21 09:17:14,4142.5,15032
2021-06-21 09:17:15,4140.0,15392
2021-06-21 09:17:17,4134.7,15502
2021-06-21 09:17:18,4133.95,15766
2021-06-21 09:17:19,4132.6,15792
2021-06-21 09:17:20,4132.6,15792
2021-06-21 09:17:21,4132.65,15834
2021-06-21 09:17:22,4132.65,15834
2021-06-21 09:17:24,4132.35,15844
2021-06-21 09:17:23,4132.65,15834
2021-06-21 09:17:25,4132.35,15844
2021-06-21 09:17:26,4134.2,15893
2021-06-21 09:17:27,4130.8,15980
2021-06-21 09:17:28,4130.8,16017
2021-06-21 09:17:29,4130.35,16093
2021-06-21 09:17:30,4131.9,16149
2021-06-21 09:17:31,4130.25,16150
2021-06-21 09:17:32,4130.25,16150
2021-06-21 09:17:33,4130.0,16174
2021-06-21 09:17:34,4130.35,16178
2021-06-21 09:17:35,4130.35,16178
2021-06-21 09:17:36,4133.15,16379
2021-06-21 09:17:37,4131.55,16497
2021-06-21 09:17:38,4131.55,16497
2021-06-21 09:17:39,4130.8,16577
2021-06-21 09:17:40,4130.8,16577
2021-06-21 09:17:42,4133.5,16578
2021-06-21 09:17:43,4133.45,16579
2021-06-21 09:17:44,4130.35,16729
2021-06-21 09:17:45,4133.9,16730
2021-06-21 09:17:46,4133.9,16730
2021-06-21 09:17:47,4137.75,16917
2021-06-21 09:17:48,4137.45,16919
2021-06-21 09:17:49,4137.45,16929
2021-06-21 09:17:50,4139.9,16939
2021-06-21 09:17:51,4139.9,16939
2021-06-21 09:17:52,4138.95,16940
2021-06-21 09:17:53,4138.95,17245
2021-06-21 09:17:54,4131.8,17338
2021-06-21 09:17:55,4133.85,17385
2021-06-21 09:17:56,4133.85,17385
2021-06-21 09:17:57,4133.85,17385
2021-06-21 09:17:58,4133.85,17385
2021-06-21 09:17:59,4133.85,17385
2021-06-21 09:18:00,4132.45,17392
2021-06-21 09:18:01,4133.8,17406
2021-06-21 09:18:02,4135.8,17527
2021-06-21 09:18:05,4136.1,17531
2021-06-21 09:18:07,4133.1,17552
2021-06-21 09:18:10,4134.0,17647
2021-06-21 09:18:11,4134.0,17647
2021-06-21 09:18:12,4134.0,17647
2021-06-21 09:18:13,4133.85,17648
2021-06-21 09:18:14,4134.0,17650
2021-06-21 09:18:15,4135.0,17652
2021-06-21 09:18:17,4134.35,17727
2021-06-21 09:18:16,4135.95,17702
2021-06-21 09:18:18,4134.3,17763
2021-06-21 09:18:19,4134.3,17763
2021-06-21 09:18:20,4134.3,17764
2021-06-21 09:18:21,4133.85,17827
2021-06-21 09:18:22,4133.05,17829
2021-06-21 09:18:23,4131.0,17931
2021-06-21 09:18:24,4131.15,17951
2021-06-21 09:18:28,4133.4,17979
2021-06-21 09:18:29,4131.0,18029
2021-06-21 09:18:30,4133.5,18034
2021-06-21 09:18:31,4131.0,18104
2021-06-21 09:18:32,4132.5,18105
2021-06-21 09:18:33,4132.5,18105
2021-06-21 09:18:34,4132.9,18226
2021-06-21 09:18:35,4132.9,18226
2021-06-21 09:18:36,4132.9,18226
2021-06-21 09:18:37,4132.9,18226
2021-06-21 09:18:38,4132.9,18226
2021-06-21 09:18:39,4132.85,18231
2021-06-21 09:18:40,4132.85,18236
2021-06-21 09:18:41,4131.95,18242
2021-06-21 09:18:42,4131.95,18248
2021-06-21 09:18:43,4131.9,18284
2021-06-21 09:18:44,4131.9,18284
2021-06-21 09:18:45,4131.9,18284
2021-06-21 09:18:46,4131.9,18314
2021-06-21 09:18:47,4131.05,18317
2021-06-21 09:18:48,4131.4,18321
2021-06-21 09:18:49,4131.4,18321
2021-06-21 09:18:50,4131.4,18321
2021-06-21 09:18:51,4133.75,18534
2021-06-21 09:18:52,4133.8,18539
2021-06-21 09:18:54,4134.6,18687
2021-06-21 09:18:57,4133.5,18708
2021-06-21 09:18:58,4133.5,18708
2021-06-21 09:18:59,4134.15,18714
2021-06-21 09:19:00,4134.15,18714
2021-06-21 09:19:01,4134.15,18714
2021-06-21 09:19:02,4133.6,18719
2021-06-21 09:19:03,4133.6,18719
2021-06-21 09:19:04,4134.15,18724
2021-06-21 09:19:05,4133.0,18824
2021-06-21 09:19:07,4133.0,18824
2021-06-21 09:19:08,4134.9,18831
2021-06-21 09:19:09,4134.9,18867
2021-06-21 09:19:09,4134.9,18867
2021-06-21 09:19:10,4135.0,18917
2021-06-21 09:19:11,4135.0,18917
2021-06-21 09:19:12,4135.0,18917
2021-06-21 09:19:13,4135.0,18922
2021-06-21 09:19:14,4133.05,18923
2021-06-21 09:19:15,4135.0,18934
2021-06-21 09:19:17,4135.0,18934
2021-06-21 09:19:18,4135.0,18934
2021-06-21 09:19:19,4135.95,19000
2021-06-21 09:19:20,4135.95,19000
2021-06-21 09:19:21,4138.0,19054
2021-06-21 09:19:22,4138.0,19054
2021-06-21 09:19:23,4138.85,19055
2021-06-21 09:19:23,4138.85,19055
2021-06-21 09:19:24,4138.95,19124
2021-06-21 09:19:25,4139.45,19134
2021-06-21 09:19:26,4139.35,19154
2021-06-21 09:19:27,4134.8,19302
2021-06-21 09:19:28,4134.8,19302
2021-06-21 09:19:30,4132.7,19377
2021-06-21 09:19:30,4132.7,19377
2021-06-21 09:19:31,4132.7,19377
2021-06-21 09:19:32,4136.0,19417
2021-06-21 09:19:33,4136.15,19435
2021-06-21 09:19:34,4136.15,19435
2021-06-21 09:19:35,4132.85,19537
2021-06-21 09:19:36,4132.85,19537
2021-06-21 09:19:37,4132.85,19537
2021-06-21 09:19:38,4135.85,19542
2021-06-21 09:19:39,4137.9,19676
2021-06-21 09:19:40,4135.45,19681
2021-06-21 09:19:41,4135.4,19688
2021-06-21 09:19:42,4135.4,19688
2021-06-21 09:19:43,4134.1,19705
2021-06-21 09:19:44,4134.1,19705
2021-06-21 09:19:45,4133.9,19708
2021-06-21 09:19:46,4133.45,19712
2021-06-21 09:19:48,4133.4,19717
2021-06-21 09:19:49,4132.85,19731
2021-06-21 09:19:50,4134.95,19732
2021-06-21 09:19:51,4131.5,19788
2021-06-21 09:19:51,4131.5,19788
2021-06-21 09:19:52,4133.85,19813
2021-06-21 09:19:53,4131.5,19815
2021-06-21 09:19:54,4131.6,19948
2021-06-21 09:19:55,4131.85,19949
2021-06-21 09:19:56,4131.55,19950
2021-06-21 09:19:57,4131.55,19950
2021-06-21 09:19:58,4131.6,20008
2021-06-21 09:19:59,4134.7,20033
2021-06-21 09:20:00,4134.7,20033
2021-06-21 09:20:01,4129.0,20899
2021-06-21 09:20:02,4129.0,20918
2021-06-21 09:20:03,4129.0,20920
2021-06-21 09:20:04,4130.15,20923
2021-06-21 09:20:05,4129.0,21093
2021-06-21 09:20:06,4129.75,21097
2021-06-21 09:20:07,4129.7,21100
2021-06-21 09:20:08,4129.7,21100
2021-06-21 09:20:09,4129.0,21138
2021-06-21 09:20:10,4129.0,21138
2021-06-21 09:20:11,4127.8,21188
2021-06-21 09:20:13,4127.65,21215
2021-06-21 09:20:14,4127.65,21215
2021-06-21 09:20:15,4126.0,21247
2021-06-21 09:20:16,4126.0,21267
2021-06-21 09:20:17,4126.0,21267
2021-06-21 09:20:18,4126.0,21267
2021-06-21 09:20:19,4127.65,21268
2021-06-21 09:20:20,4127.65,21268
2021-06-21 09:20:20,4128.7,21368
2021-06-21 09:20:22,4129.0,21377
2021-06-21 09:20:23,4130.1,21379
2021-06-21 09:20:24,4127.45,21445
2021-06-21 09:20:25,4127.5,21447
2021-06-21 09:20:26,4127.5,21447
2021-06-21 09:20:27,4127.5,21447
2021-06-21 09:20:28,4127.5,21447
2021-06-21 09:20:29,4131.5,21620
2021-06-21 09:20:29,4131.5,21620
2021-06-21 09:20:30,4131.5,21620
2021-06-21 09:20:31,4131.55,21625
2021-06-21 09:20:32,4131.55,21625
2021-06-21 09:20:33,4134.0,21662
2021-06-21 09:20:34,4137.9,21704
2021-06-21 09:20:35,4137.9,21816
2021-06-21 09:20:36,4137.95,21817
2021-06-21 09:20:37,4137.95,21817
2021-06-21 09:20:38,4136.1,21882
2021-06-21 09:20:39,4136.1,21884
2021-06-21 09:20:40,4138.25,21903
2021-06-21 09:20:41,4139.7,21953
2021-06-21 09:20:42,4139.75,22053
2021-06-21 09:20:43,4139.75,22053
2021-06-21 09:20:44,4138.0,22082
2021-06-21 09:20:45,4138.0,22082
2021-06-21 09:20:46,4138.0,22082
2021-06-21 09:20:47,4144.0,22522
2021-06-21 09:20:49,4144.9,22526
2021-06-21 09:20:50,4144.4,22529
2021-06-21 09:20:51,4144.4,22529
2021-06-21 09:20:51,4144.4,22529
2021-06-21 09:20:52,4141.85,22539
2021-06-21 09:20:53,4143.85,22571
2021-06-21 09:20:54,4143.85,22571
2021-06-21 09:20:55,4141.0,22580
2021-06-21 09:20:56,4140.65,22583
2021-06-21 09:20:57,4142.4,22617
2021-06-21 09:20:58,4140.0,22633
2021-06-21 09:20:59,4138.85,22647
2021-06-21 09:21:00,4139.7,22652
2021-06-21 09:21:01,4141.0,22707
2021-06-21 09:21:03,4140.0,22751
2021-06-21 09:21:04,4140.0,22751
2021-06-21 09:21:05,4140.05,22754
2021-06-21 09:21:06,4141.0,22755
2021-06-21 09:21:07,4141.0,22755
2021-06-21 09:21:08,4140.1,22757
2021-06-21 09:21:09,4142.15,22768
2021-06-21 09:21:11,4140.6,22778
2021-06-21 09:21:13,4140.0,22782
2021-06-21 09:21:14,4141.85,22789
2021-06-21 09:21:14,4142.0,22839
2021-06-21 09:21:15,4142.1,22840
2021-06-21 09:21:16,4142.1,22840
2021-06-21 09:21:17,4142.1,22840
2021-06-21 09:21:18,4141.0,22842
2021-06-21 09:21:19,4139.0,22883
2021-06-21 09:21:20,4139.0,22885
2021-06-21 09:21:21,4137.95,22889
2021-06-21 09:21:22,4139.8,22907
2021-06-21 09:21:23,4136.95,22909
2021-06-21 09:21:24,4138.45,22914
2021-06-21 09:21:25,4136.55,22916
2021-06-21 09:21:26,4136.3,22918
2021-06-21 09:21:27,4136.3,22918
2021-06-21 09:21:28,4136.3,22925
2021-06-21 09:21:30,4135.05,22970
2021-06-21 09:21:31,4135.25,22972
2021-06-21 09:21:32,4134.2,22974
2021-06-21 09:21:33,4135.75,22999
2021-06-21 09:21:34,4133.5,23018
2021-06-21 09:21:36,4133.0,23030
2021-06-21 09:21:37,4133.0,23060
2021-06-21 09:21:38,4133.0,23134
2021-06-21 09:21:39,4133.0,23134
2021-06-21 09:21:40,4133.0,23138
2021-06-21 09:21:41,4133.0,23140
2021-06-21 09:21:42,4133.0,23142
2021-06-21 09:21:43,4133.05,23145
2021-06-21 09:21:44,4133.0,23201
2021-06-21 09:21:45,4133.0,23208
2021-06-21 09:21:47,4133.0,23243
2021-06-21 09:21:48,4135.2,23326
2021-06-21 09:21:48,4133.05,23329
2021-06-21 09:21:49,4133.05,23329
2021-06-21 09:21:50,4133.05,23329
2021-06-21 09:21:51,4133.05,23329
2021-06-21 09:21:52,4133.0,23331
2021-06-21 09:21:53,4133.0,23331
2021-06-21 09:21:55,4133.0,23333
2021-06-21 09:21:56,4132.7,23588
2021-06-21 09:21:56,4132.7,23588
2021-06-21 09:21:57,4134.85,23599
2021-06-21 09:21:58,4132.7,23601
2021-06-21 09:21:59,4132.7,23617
2021-06-21 09:22:01,4132.2,23688
2021-06-21 09:22:03,4131.7,23704
2021-06-21 09:22:05,4131.6,23708
2021-06-21 09:22:06,4134.7,23755
2021-06-21 09:22:07,4134.7,23755
2021-06-21 09:22:08,4134.7,23755
2021-06-21 09:22:09,4134.7,23755
2021-06-21 09:22:10,4132.0,23758
2021-06-21 09:22:11,4132.0,23759
2021-06-21 09:22:12,4132.0,23759
2021-06-21 09:22:13,4132.0,23759
2021-06-21 09:22:15,4132.0,23760
2021-06-21 09:22:16,4132.0,23771
2021-06-21 09:22:17,4130.55,23818
2021-06-21 09:22:18,4130.45,23819
2021-06-21 09:22:19,4129.95,23838
2021-06-21 09:22:20,4130.0,23843
2021-06-21 09:22:21,4130.0,23847
2021-06-21 09:22:22,4130.0,23847
2021-06-21 09:22:23,4130.0,23847
2021-06-21 09:22:24,4130.0,23852
2021-06-21 09:22:25,4128.05,23855
2021-06-21 09:22:28,4129.0,23973
2021-06-21 09:22:29,4129.9,24158
2021-06-21 09:22:30,4127.75,24160
2021-06-21 09:22:31,4129.95,24162
2021-06-21 09:22:32,4129.95,24162
2021-06-21 09:22:33,4130.0,24165
2021-06-21 09:22:34,4127.0,24274
2021-06-21 09:22:35,4127.4,24300
2021-06-21 09:22:36,4127.4,24300
2021-06-21 09:22:37,4129.55,24301
2021-06-21 09:22:39,4128.75,24499
2021-06-21 09:22:40,4130.0,24755
2021-06-21 09:22:41,4129.95,24756
2021-06-21 09:22:42,4129.25,24782
2021-06-21 09:22:43,4126.5,24785
2021-06-21 09:22:44,4126.2,24789
2021-06-21 09:22:45,4126.0,24920
2021-06-21 09:22:46,4126.0,24922
2021-06-21 09:22:47,4124.7,25143
2021-06-21 09:22:48,4124.85,25168
2021-06-21 09:22:49,4124.85,25168
2021-06-21 09:22:50,4124.7,25172
2021-06-21 09:22:52,4125.05,26358
2021-06-21 09:22:53,4127.95,26363
2021-06-21 09:22:54,4127.95,26363
2021-06-21 09:22:55,4125.05,26366
2021-06-21 09:22:56,4126.0,26367
2021-06-21 09:22:57,4124.85,26477
2021-06-21 09:22:58,4125.85,26495
2021-06-21 09:23:00,4124.0,26508
2021-06-21 09:23:01,4119.25,28255
2021-06-21 09:23:02,4117.2,28277
2021-06-21 09:23:02,4120.0,28653
2021-06-21 09:23:04,4117.65,28714
2021-06-21 09:23:05,4117.65,28714
2021-06-21 09:23:06,4117.85,28716
2021-06-21 09:23:07,4120.35,28767
2021-06-21 09:23:08,4117.45,28777
2021-06-21 09:23:09,4117.45,28777
2021-06-21 09:23:10,4117.45,28789
2021-06-21 09:23:10,4117.45,28789
2021-06-21 09:23:11,4117.45,28789
2021-06-21 09:23:12,4117.45,28789
2021-06-21 09:23:13,4115.1,29079
2021-06-21 09:23:14,4115.1,29079
2021-06-21 09:23:15,4115.1,29079
2021-06-21 09:23:16,4115.1,29080
2021-06-21 09:23:17,4117.6,29081
2021-06-21 09:23:18,4117.4,29300
2021-06-21 09:23:20,4118.2,29412
2021-06-21 09:23:22,4116.15,29432
2021-06-21 09:23:23,4117.0,29438
2021-06-21 09:23:24,4117.4,29486
2021-06-21 09:23:25,4117.8,29490
2021-06-21 09:23:26,4118.0,29495
2021-06-21 09:23:27,4117.4,29551
2021-06-21 09:23:28,4117.4,29551
2021-06-21 09:23:29,4117.4,29551
2021-06-21 09:23:30,4119.9,29576
2021-06-21 09:23:30,4120.0,29586
2021-06-21 09:23:31,4120.0,29586
2021-06-21 09:23:32,4120.0,29586
2021-06-21 09:23:33,4117.1,29787
2021-06-21 09:23:34,4118.0,29797
2021-06-21 09:23:35,4118.0,29797
2021-06-21 09:23:36,4122.3,30022
2021-06-21 09:23:37,4122.65,30025
2021-06-21 09:23:38,4124.0,30076
2021-06-21 09:23:39,4124.0,30076
2021-06-21 09:23:40,4124.0,30076
2021-06-21 09:23:41,4124.0,30076
2021-06-21 09:23:42,4124.0,30076
2021-06-21 09:23:43,4124.35,30098
2021-06-21 09:23:44,4124.35,30102
2021-06-21 09:23:45,4121.0,30176
2021-06-21 09:23:46,4121.0,30176
2021-06-21 09:23:47,4122.8,30236
2021-06-21 09:23:48,4123.0,30261
2021-06-21 09:23:49,4120.0,30301
2021-06-21 09:23:50,4121.0,30303
2021-06-21 09:23:51,4121.0,30303
2021-06-21 09:23:52,4120.2,30306
2021-06-21 09:23:53,4124.45,30711
2021-06-21 09:23:54,4124.45,30711
2021-06-21 09:23:55,4124.45,30711
2021-06-21 09:23:56,4121.45,30713
2021-06-21 09:23:57,4120.95,30813
2021-06-21 09:23:58,4124.15,30814
2021-06-21 09:23:59,4124.65,30903
2021-06-21 09:24:01,4124.65,30903
2021-06-21 09:24:02,4124.45,30908
2021-06-21 09:24:03,4121.75,30961
2021-06-21 09:24:04,4121.75,30961
2021-06-21 09:24:05,4123.95,30962
2021-06-21 09:24:06,4123.85,30965
2021-06-21 09:24:07,4121.7,30987
2021-06-21 09:24:08,4121.7,30987
2021-06-21 09:24:10,4120.1,31224
2021-06-21 09:24:11,4118.1,31226
2021-06-21 09:24:12,4119.9,31241
2021-06-21 09:24:13,4118.15,31284
2021-06-21 09:24:14,4118.05,31334
2021-06-21 09:24:15,4119.3,31653
2021-06-21 09:24:16,4119.9,31654
2021-06-21 09:24:17,4117.5,31802
2021-06-21 09:24:18,4115.1,31858
2021-06-21 09:24:19,4119.1,32176
2021-06-21 09:24:20,4118.0,32202
2021-06-21 09:24:21,4119.05,32203
2021-06-21 09:24:22,4119.25,32253
2021-06-21 09:24:23,4119.25,32253
2021-06-21 09:24:24,4117.55,32355
2021-06-21 09:24:25,4119.35,32361
2021-06-21 09:24:26,4119.55,32492
2021-06-21 09:24:27,4118.05,32542
2021-06-21 09:24:28,4118.05,32542
2021-06-21 09:24:30,4120.55,32634
2021-06-21 09:24:34,4121.7,32636
2021-06-21 09:24:40,4120.15,32844
2021-06-21 09:24:41,4120.1,32849
2021-06-21 09:24:42,4122.65,32861
2021-06-21 09:24:42,4121.7,32865
2021-06-21 09:24:44,4120.15,32965
2021-06-21 09:24:45,4120.15,32965
2021-06-21 09:24:46,4120.15,33015
2021-06-21 09:24:47,4122.4,33017
2021-06-21 09:24:48,4122.4,33017
2021-06-21 09:24:49,4122.4,33017
2021-06-21 09:24:50,4122.4,33022
2021-06-21 09:24:51,4121.7,33024
2021-06-21 09:24:52,4121.7,33026
2021-06-21 09:24:53,4121.7,33048
2021-06-21 09:24:54,4120.85,33055
2021-06-21 09:24:55,4120.85,33055
2021-06-21 09:24:56,4124.5,33186
2021-06-21 09:24:57,4124.5,33186
2021-06-21 09:24:58,4124.95,33187
2021-06-21 09:24:59,4125.0,33247
2021-06-21 09:24:59,4125.0,33247
2021-06-21 09:25:01,4125.0,33247
2021-06-21 09:25:01,4125.0,33247
2021-06-21 09:25:02,4125.0,33247
2021-06-21 09:25:05,4126.0,33257
2021-06-21 09:25:06,4126.0,33259
2021-06-21 09:25:07,4127.25,33383
2021-06-21 09:25:08,4126.9,33404
2021-06-21 09:25:09,4126.75,33407
2021-06-21 09:25:09,4127.0,33459
2021-06-21 09:25:10,4128.35,33460
2021-06-21 09:25:13,4127.0,33498
2021-06-21 09:25:14,4127.0,33498
2021-06-21 09:25:15,4125.0,33613
2021-06-21 09:25:16,4125.0,33736
2021-06-21 09:25:17,4122.8,33741
2021-06-21 09:25:18,4122.8,33741
2021-06-21 09:25:19,4122.65,33743
2021-06-21 09:25:20,4122.65,33743
2021-06-21 09:25:21,4124.95,33756
2021-06-21 09:25:22,4129.0,34160
2021-06-21 09:25:24,4128.7,34161
2021-06-21 09:25:25,4127.0,34182
2021-06-21 09:25:26,4128.7,34260
2021-06-21 09:25:28,4129.6,34281
2021-06-21 09:25:30,4132.05,34676
2021-06-21 09:25:31,4129.9,34953
2021-06-21 09:25:35,4127.65,35000
2021-06-21 09:25:36,4127.7,35003
2021-06-21 09:25:37,4127.7,35003
2021-06-21 09:25:39,4130.0,35069
2021-06-21 09:25:40,4131.2,35238
2021-06-21 09:25:41,4131.2,35238
2021-06-21 09:25:42,4131.5,35276
2021-06-21 09:25:43,4131.5,35276
2021-06-21 09:25:44,4132.7,35285
2021-06-21 09:25:45,4132.7,35285
2021-06-21 09:25:46,4132.7,35287
2021-06-21 09:25:47,4133.9,35291
2021-06-21 09:25:48,4133.9,35291
2021-06-21 09:25:49,4133.8,35297
2021-06-21 09:25:50,4133.8,35297
2021-06-21 09:25:51,4131.3,35329
2021-06-21 09:25:52,4131.3,35329
2021-06-21 09:25:53,4131.3,35329
2021-06-21 09:25:54,4134.65,35379
2021-06-21 09:25:55,4133.0,35394
2021-06-21 09:25:56,4133.0,35394
2021-06-21 09:25:57,4133.0,35395
2021-06-21 09:25:58,4133.0,35395
2021-06-21 09:25:59,4133.0,35395
2021-06-21 09:26:00,4133.0,35396
2021-06-21 09:26:02,4133.0,35396
2021-06-21 09:26:03,4133.0,35396
2021-06-21 09:26:04,4135.15,36268
2021-06-21 09:26:05,4131.4,36270
2021-06-21 09:26:06,4133.0,36294
2021-06-21 09:26:07,4133.0,36294
2021-06-21 09:26:08,4133.0,36294
2021-06-21 09:26:09,4133.0,36294
2021-06-21 09:26:10,4133.0,36294
2021-06-21 09:26:11,4133.0,36294
2021-06-21 09:26:12,4133.0,36294
2021-06-21 09:26:13,4131.4,36304
2021-06-21 09:26:14,4131.4,36304
2021-06-21 09:26:15,4132.0,36311
2021-06-21 09:26:16,4132.0,36340
2021-06-21 09:26:17,4132.0,36340
2021-06-21 09:26:18,4129.9,36425
2021-06-21 09:26:19,4129.9,36425
2021-06-21 09:26:20,4129.9,36425
2021-06-21 09:26:21,4130.0,36430
2021-06-21 09:26:22,4130.0,36430
2021-06-21 09:26:23,4127.4,36549
2021-06-21 09:26:24,4128.05,36643
2021-06-21 09:26:25,4128.05,36643
2021-06-21 09:26:26,4128.05,36643
2021-06-21 09:26:27,4130.0,36668
2021-06-21 09:26:28,4134.6,36716
2021-06-21 09:26:29,4135.0,36719
2021-06-21 09:26:30,4136.0,36760
2021-06-21 09:26:31,4135.95,36770
2021-06-21 09:26:32,4133.7,36779
2021-06-21 09:26:33,4135.95,36811
2021-06-21 09:26:34,4131.7,36864
2021-06-21 09:26:35,4131.7,36864
2021-06-21 09:26:36,4135.35,36884
2021-06-21 09:26:37,4134.65,36892
2021-06-21 09:26:38,4130.05,37078
2021-06-21 09:26:39,4129.65,37087
2021-06-21 09:26:39,4129.65,37087
2021-06-21 09:26:41,4129.65,37087
2021-06-21 09:26:42,4131.65,37117
2021-06-21 09:26:43,4129.85,37119
2021-06-21 09:26:44,4132.7,37143
2021-06-21 09:26:45,4130.0,37145
2021-06-21 09:26:46,4131.55,37149
2021-06-21 09:26:47,4131.55,37149
2021-06-21 09:26:48,4130.8,37249
2021-06-21 09:26:49,4129.0,37251
2021-06-21 09:26:50,4129.0,37251
2021-06-21 09:26:51,4130.0,37501
2021-06-21 09:26:52,4129.0,37509
2021-06-21 09:26:53,4128.0,37607
2021-06-21 09:26:54,4128.0,37607
2021-06-21 09:26:55,4128.0,37607
2021-06-21 09:26:56,4128.0,37607
2021-06-21 09:26:57,4128.0,37607
2021-06-21 09:26:58,4128.0,37607
2021-06-21 09:26:59,4127.45,37612
2021-06-21 09:27:00,4127.95,37635
2021-06-21 09:27:01,4127.95,37635
2021-06-21 09:27:02,4127.95,37635
2021-06-21 09:27:03,4127.95,37635
2021-06-21 09:27:04,4129.95,37755
2021-06-21 09:27:05,4129.95,37755
2021-06-21 09:27:06,4130.0,37765
2021-06-21 09:27:07,4130.15,37865
2021-06-21 09:27:08,4130.15,37865
2021-06-21 09:27:09,4130.15,37865
2021-06-21 09:27:10,4130.0,37900
2021-06-21 09:27:11,4130.0,37927
2021-06-21 09:27:12,4131.3,37941
2021-06-21 09:27:13,4130.1,37963
2021-06-21 09:27:14,4129.9,37988
2021-06-21 09:27:15,4127.6,37989
2021-06-21 09:27:16,4130.4,37999
2021-06-21 09:27:17,4127.6,38006
2021-06-21 09:27:19,4129.2,38016
2021-06-21 09:27:20,4129.95,38041
2021-06-21 09:27:21,4129.95,38041
2021-06-21 09:27:22,4129.6,38042
2021-06-21 09:27:23,4127.6,38043
2021-06-21 09:27:24,4129.55,38063
2021-06-21 09:27:32,4128.0,38134
2021-06-21 09:27:33,4128.0,38134
2021-06-21 09:27:34,4128.0,38134
2021-06-21 09:27:35,4128.0,38134
2021-06-21 09:27:36,4129.85,38142
2021-06-21 09:27:37,4129.85,38142
2021-06-21 09:27:38,4129.85,38142
2021-06-21 09:27:39,4127.75,38152
2021-06-21 09:27:40,4129.9,38252
2021-06-21 09:27:41,4129.95,38280
2021-06-21 09:27:42,4129.95,38280
2021-06-21 09:27:43,4127.75,38292
2021-06-21 09:27:44,4129.95,38394
2021-06-21 09:27:45,4127.8,38399
2021-06-21 09:27:46,4127.7,38401
2021-06-21 09:27:47,4127.7,38404
2021-06-21 09:27:48,4127.75,38411
2021-06-21 09:27:49,4126.85,38427
2021-06-21 09:27:50,4129.05,38430
2021-06-21 09:27:51,4129.15,38431
2021-06-21 09:27:52,4129.15,38431
2021-06-21 09:27:53,4129.5,38446
2021-06-21 09:27:54,4129.5,38446
2021-06-21 09:27:55,4129.5,38446
2021-06-21 09:27:57,4130.0,38686
2021-06-21 09:27:58,4130.0,38686
2021-06-21 09:27:59,4130.0,38686
2021-06-21 09:28:00,4130.0,38686
2021-06-21 09:28:01,4130.0,38686
2021-06-21 09:28:02,4127.75,38687
2021-06-21 09:28:03,4127.75,38687
2021-06-21 09:28:04,4130.75,38697
2021-06-21 09:28:05,4127.85,38698
2021-06-21 09:28:06,4127.85,38698
2021-06-21 09:28:07,4127.85,38698
2021-06-21 09:28:08,4127.85,38698
2021-06-21 09:28:10,4127.05,38706
2021-06-21 09:28:11,4127.85,38717
2021-06-21 09:28:12,4127.85,38720
2021-06-21 09:28:13,4127.85,38724
2021-06-21 09:28:14,4127.85,38752
2021-06-21 09:28:15,4130.0,38846
2021-06-21 09:28:16,4130.0,38846
2021-06-21 09:28:17,4130.0,38846
2021-06-21 09:28:18,4130.5,38849
2021-06-21 09:28:19,4128.8,38859
2021-06-21 09:28:20,4128.6,38864
2021-06-21 09:28:21,4128.6,38864
2021-06-21 09:28:22,4131.4,38908
2021-06-21 09:28:23,4131.4,38908
2021-06-21 09:28:24,4130.0,38909
2021-06-21 09:28:25,4130.0,38909
2021-06-21 09:28:26,4129.1,38912
2021-06-21 09:28:27,4132.9,39117
2021-06-21 09:28:28,4132.9,39117
2021-06-21 09:28:29,4132.9,39117
2021-06-21 09:28:30,4132.9,39117
2021-06-21 09:28:31,4132.9,39117
2021-06-21 09:28:32,4132.9,39117
2021-06-21 09:28:33,4132.9,39117
2021-06-21 09:28:34,4132.9,39117
2021-06-21 09:28:35,4131.25,39225
2021-06-21 09:28:36,4131.6,39234
2021-06-21 09:28:37,4131.6,39236
2021-06-21 09:28:39,4131.6,39241
2021-06-21 09:28:40,4131.6,39241
2021-06-21 09:28:41,4130.6,39246
2021-06-21 09:28:42,4129.0,39282
2021-06-21 09:28:43,4129.0,39285
2021-06-21 09:28:44,4130.0,39295
2021-06-21 09:28:45,4129.25,39564
2021-06-21 09:28:46,4129.25,39564
2021-06-21 09:28:47,4129.0,39666
2021-06-21 09:28:48,4129.1,39686
2021-06-21 09:28:49,4129.1,39686
2021-06-21 09:28:50,4127.8,39689
2021-06-21 09:28:51,4127.8,39689
2021-06-21 09:28:52,4127.75,39715
2021-06-21 09:28:53,4127.75,39715
2021-06-21 09:28:54,4129.0,39716
2021-06-21 09:28:55,4129.0,39716
2021-06-21 09:28:56,4129.0,39716
2021-06-21 09:28:57,4129.2,39726
2021-06-21 09:28:58,4129.2,39736
2021-06-21 09:28:59,4129.0,39767
2021-06-21 09:29:00,4129.0,39769
2021-06-21 09:29:01,4129.0,39769
2021-06-21 09:29:02,4129.2,39774
2021-06-21 09:29:03,4129.2,39774
2021-06-21 09:29:04,4129.0,39775
2021-06-21 09:29:05,4128.0,39787
2021-06-21 09:29:06,4128.0,39789
2021-06-21 09:29:07,4129.0,39796
2021-06-21 09:29:08,4129.0,39797
2021-06-21 09:29:09,4129.0,39817
2021-06-21 09:29:10,4129.0,39817
2021-06-21 09:29:11,4129.0,39818
2021-06-21 09:29:12,4129.0,39835
2021-06-21 09:29:13,4129.0,39835
2021-06-21 09:29:14,4130.05,39840
2021-06-21 09:29:15,4130.05,39845
2021-06-21 09:29:16,4129.0,39848
2021-06-21 09:29:17,4128.0,39896
2021-06-21 09:29:18,4128.1,40004
2021-06-21 09:29:19,4128.1,40004
2021-06-21 09:29:20,4128.1,40004
2021-06-21 09:29:21,4128.05,40008
2021-06-21 09:29:22,4128.0,40012
2021-06-21 09:29:23,4128.0,40012
2021-06-21 09:29:24,4131.85,42037
2021-06-21 09:29:25,4131.65,42039
2021-06-21 09:29:26,4131.65,42039
2021-06-21 09:29:27,4131.75,42089
2021-06-21 09:29:28,4134.6,42090
2021-06-21 09:29:29,4134.6,42090
2021-06-21 09:29:30,4134.1,42091
2021-06-21 09:29:31,4132.45,42092
2021-06-21 09:29:32,4134.0,42105
2021-06-21 09:29:33,4134.0,42110
2021-06-21 09:29:34,4134.0,42110
2021-06-21 09:29:35,4134.0,42226
2021-06-21 09:29:36,4134.0,42226
2021-06-21 09:29:37,4134.0,42226
2021-06-21 09:29:38,4134.0,42226
2021-06-21 09:29:39,4134.0,42232
2021-06-21 09:29:40,4134.0,42232
2021-06-21 09:29:43,4134.3,42233
2021-06-21 09:29:43,4134.35,42284
2021-06-21 09:29:45,4134.35,42284
2021-06-21 09:29:45,4134.35,42302
2021-06-21 09:29:46,4134.45,42312
2021-06-21 09:29:47,4136.55,42364
2021-06-21 09:29:48,4134.0,42400
2021-06-21 09:29:49,4135.65,42407
2021-06-21 09:29:50,4136.25,42457
2021-06-21 09:29:52,4132.6,42507
2021-06-21 09:29:52,4132.6,42507
2021-06-21 09:29:53,4132.6,42507
2021-06-21 09:29:54,4135.75,42527
2021-06-21 09:29:55,4135.75,42527
2021-06-21 09:29:56,4136.0,42528
2021-06-21 09:29:57,4136.0,42528
2021-06-21 09:29:58,4132.95,42546
2021-06-21 09:29:59,4132.55,42557
2021-06-21 09:30:00,4132.55,42557
2021-06-21 09:30:01,4135.15,42558
2021-06-21 09:30:02,4132.6,42559
2021-06-21 09:30:03,4132.6,42559
2021-06-21 09:30:04,4132.6,42559
2021-06-21 09:30:05,4132.6,42559
2021-06-21 09:30:06,4132.6,42559
2021-06-21 09:30:07,4135.15,42560
2021-06-21 09:30:08,4135.1,42565
2021-06-21 09:30:09,4135.2,42612
2021-06-21 09:30:10,4131.65,42696
2021-06-21 09:30:11,4131.65,42696
2021-06-21 09:30:12,4132.05,42706
2021-06-21 09:30:13,4132.55,42716
2021-06-21 09:30:14,4132.65,42717
2021-06-21 09:30:17,4130.0,42735
2021-06-21 09:30:18,4130.0,42735
2021-06-21 09:30:19,4132.45,42736
2021-06-21 09:30:20,4130.0,42761
2021-06-21 09:30:21,4126.5,43015
2021-06-21 09:30:22,4126.5,43026
2021-06-21 09:30:23,4126.5,43026
2021-06-21 09:30:24,4126.5,43052
2021-06-21 09:30:25,4126.5,43080
2021-06-21 09:30:26,4127.35,43137
2021-06-21 09:30:27,4127.35,43139
2021-06-21 09:30:32,4127.35,43160
2021-06-21 09:30:33,4127.35,43160
2021-06-21 09:30:34,4126.0,43185
2021-06-21 09:30:35,4126.0,43187
2021-06-21 09:30:36,4126.0,43187
2021-06-21 09:30:37,4126.0,43187
2021-06-21 09:30:38,4127.35,43189
2021-06-21 09:30:39,4127.35,43194
2021-06-21 09:30:40,4127.35,43194
2021-06-21 09:30:41,4127.35,43194
2021-06-21 09:30:42,4126.05,43197
2021-06-21 09:30:43,4126.05,43199
2021-06-21 09:30:44,4121.7,44785
2021-06-21 09:30:45,4121.2,44787
2021-06-21 09:30:46,4121.2,44787
2021-06-21 09:30:47,4121.0,44793
2021-06-21 09:30:48,4121.0,44793
2021-06-21 09:30:49,4123.4,44859
2021-06-21 09:30:50,4122.8,45041
2021-06-21 09:30:51,4122.8,45041
2021-06-21 09:30:52,4125.45,45065
2021-06-21 09:30:53,4125.45,45065
2021-06-21 09:30:54,4121.45,45066
2021-06-21 09:30:55,4121.45,45066
2021-06-21 09:30:56,4124.85,45069
2021-06-21 09:30:57,4124.85,45070
2021-06-21 09:30:58,4124.85,45070
2021-06-21 09:30:59,4124.85,45129
2021-06-21 09:31:00,4124.85,45129
2021-06-21 09:31:01,4124.85,45129
2021-06-21 09:31:02,4122.4,45133
2021-06-21 09:31:03,4122.4,45133
2021-06-21 09:31:04,4122.4,45133
2021-06-21 09:31:05,4121.85,45137
2021-06-21 09:31:06,4121.0,45148
2021-06-21 09:31:07,4121.1,45158
2021-06-21 09:31:08,4123.65,45159
2021-06-21 09:31:09,4123.65,45161
2021-06-21 09:31:10,4123.55,45162
2021-06-21 09:31:11,4123.55,45162
2021-06-21 09:31:12,4121.0,45349
2021-06-21 09:31:13,4121.0,45349
2021-06-21 09:31:14,4121.0,45351
2021-06-21 09:31:15,4121.0,45356
2021-06-21 09:31:16,4121.0,45356
2021-06-21 09:31:17,4116.1,46039
2021-06-21 09:31:18,4116.15,46041
2021-06-21 09:31:19,4116.3,46062
2021-06-21 09:31:21,4118.6,46090
2021-06-21 09:31:22,4119.1,46162
2021-06-21 09:31:23,4116.15,46164
2021-06-21 09:31:24,4116.15,46164
2021-06-21 09:31:25,4119.25,46174
2021-06-21 09:31:26,4119.25,46205
2021-06-21 09:31:27,4120.9,46207
2021-06-21 09:31:28,4118.05,46217
2021-06-21 09:31:29,4117.45,46223
2021-06-21 09:31:30,4116.4,46234
2021-06-21 09:31:31,4116.5,46241
2021-06-21 09:31:32,4116.25,46251
2021-06-21 09:31:33,4116.25,46251
2021-06-21 09:31:34,4116.25,46251
2021-06-21 09:31:36,4116.8,46254
2021-06-21 09:31:37,4116.8,46259
2021-06-21 09:31:39,4118.55,46275
2021-06-21 09:31:40,4116.25,46279
2021-06-21 09:31:41,4118.5,46280
2021-06-21 09:31:42,4118.5,46280
2021-06-21 09:31:43,4119.05,46337
2021-06-21 09:31:45,4118.0,46527
2021-06-21 09:31:46,4117.0,46528
2021-06-21 09:31:47,4117.95,46532
2021-06-21 09:31:48,4116.25,46534
2021-06-21 09:31:49,4116.1,46558
2021-06-21 09:31:50,4116.1,46560
2021-06-21 09:31:51,4116.1,46571
2021-06-21 09:31:52,4117.95,46572
2021-06-21 09:31:53,4117.95,46572
2021-06-21 09:31:54,4116.4,46635
2021-06-21 09:31:55,4119.0,46636
2021-06-21 09:31:56,4119.0,46637
2021-06-21 09:31:57,4119.0,46637
2021-06-21 09:31:58,4119.0,46637
2021-06-21 09:31:59,4119.0,46637
2021-06-21 09:32:00,4116.45,46639
2021-06-21 09:32:01,4116.3,46644
2021-06-21 09:32:02,4116.3,46644
2021-06-21 09:32:03,4116.25,46654
2021-06-21 09:32:04,4117.9,46655
2021-06-21 09:32:05,4116.25,46662
2021-06-21 09:32:06,4118.0,46663
2021-06-21 09:32:07,4118.0,46663
2021-06-21 09:32:08,4118.0,46664
2021-06-21 09:32:09,4118.0,46666
2021-06-21 09:32:10,4117.0,46671
2021-06-21 09:32:11,4117.0,46671
2021-06-21 09:32:13,4117.0,46731
2021-06-21 09:32:14,4116.25,46767
2021-06-21 09:32:14,4116.25,46790
2021-06-21 09:32:15,4116.25,46792
2021-06-21 09:32:16,4117.95,46793
2021-06-21 09:32:18,4116.25,46853
2021-06-21 09:32:19,4117.95,46866
2021-06-21 09:32:20,4117.95,46866
2021-06-21 09:32:21,4117.95,46866
2021-06-21 09:32:22,4117.95,46902
2021-06-21 09:32:23,4117.95,46902
2021-06-21 09:32:24,4117.0,46913
2021-06-21 09:32:25,4118.85,47013
2021-06-21 09:32:28,4117.95,47025
2021-06-21 09:32:30,4118.75,47081
2021-06-21 09:32:31,4118.6,47091
2021-06-21 09:32:32,4118.6,47091
2021-06-21 09:32:34,4118.6,47091
2021-06-21 09:32:35,4118.6,47091
2021-06-21 09:32:36,4117.0,47092
2021-06-21 09:32:37,4117.0,47092
2021-06-21 09:32:38,4117.0,47094
2021-06-21 09:32:39,4117.0,47094
2021-06-21 09:32:39,4118.6,47095
2021-06-21 09:32:41,4117.0,47126
2021-06-21 09:32:41,4117.0,47126
2021-06-21 09:32:42,4114.0,48238
2021-06-21 09:32:43,4113.0,48327
2021-06-21 09:32:44,4112.75,48436
2021-06-21 09:32:45,4112.75,48457
2021-06-21 09:32:46,4112.75,48461
2021-06-21 09:32:47,4112.75,48462
2021-06-21 09:32:48,4112.75,48462
2021-06-21 09:32:49,4111.0,48536
2021-06-21 09:32:50,4112.75,48576
2021-06-21 09:32:53,4112.0,48586
2021-06-21 09:32:54,4112.0,48587
2021-06-21 09:32:56,4112.75,48614
2021-06-21 09:32:57,4112.75,48614
2021-06-21 09:32:58,4112.75,48614
2021-06-21 09:32:59,4112.75,48614
2021-06-21 09:32:59,4112.75,48614
2021-06-21 09:33:00,4112.75,48615
2021-06-21 09:33:01,4114.0,48881
2021-06-21 09:33:02,4115.0,48886
2021-06-21 09:33:03,4118.6,48985
2021-06-21 09:33:04,4115.85,49003
2021-06-21 09:33:06,4118.45,49014
2021-06-21 09:33:07,4117.95,49095
2021-06-21 09:33:08,4118.35,49096
2021-06-21 09:33:11,4118.35,49104
2021-06-21 09:33:13,4120.0,49382
2021-06-21 09:33:13,4117.95,49415
2021-06-21 09:33:14,4117.95,49415
2021-06-21 09:33:16,4120.0,49417
2021-06-21 09:33:17,4117.85,49427
2021-06-21 09:33:19,4117.85,49432
2021-06-21 09:33:20,4119.9,49434
2021-06-21 09:33:22,4117.2,49486
2021-06-21 09:33:23,4115.85,49512
2021-06-21 09:33:24,4115.85,49514
2021-06-21 09:33:25,4115.9,49516
2021-06-21 09:33:26,4115.9,49516
2021-06-21 09:33:27,4115.9,49516
2021-06-21 09:33:28,4115.9,49516
2021-06-21 09:33:29,4118.55,49518
2021-06-21 09:33:31,4118.55,49519
2021-06-21 09:33:33,4118.35,49520
2021-06-21 09:33:34,4118.55,49545
2021-06-21 09:33:35,4118.55,49550
2021-06-21 09:33:36,4118.35,49555
2021-06-21 09:33:37,4118.35,49555
2021-06-21 09:33:38,4118.35,49561
2021-06-21 09:33:39,4118.35,49561
2021-06-21 09:33:41,4118.25,49563
2021-06-21 09:33:42,4118.2,49565
2021-06-21 09:33:43,4118.15,49567
2021-06-21 09:33:44,4118.15,49569
2021-06-21 09:33:44,4118.15,49571
2021-06-21 09:33:45,4118.0,49576
2021-06-21 09:33:47,4117.35,49604
2021-06-21 09:33:48,4117.4,49608
2021-06-21 09:33:49,4117.45,49610
2021-06-21 09:33:50,4117.4,49612
2021-06-21 09:33:52,4117.4,49616
2021-06-21 09:33:53,4117.35,49688
2021-06-21 09:33:54,4117.3,49707
2021-06-21 09:33:54,4117.3,49729
2021-06-21 09:33:56,4115.1,49751
2021-06-21 09:33:57,4115.1,49751
2021-06-21 09:33:58,4117.4,49755
2021-06-21 09:33:59,4117.4,49758
2021-06-21 09:33:59,4115.2,49778
2021-06-21 09:34:01,4115.3,49798
2021-06-21 09:34:02,4115.3,49798
2021-06-21 09:34:03,4115.3,49798
2021-06-21 09:34:06,4115.35,49802
2021-06-21 09:34:07,4115.0,49831
2021-06-21 09:34:07,4115.0,49831
2021-06-21 09:34:08,4115.25,49856
2021-06-21 09:34:09,4115.25,49856
2021-06-21 09:34:10,4112.95,49861
2021-06-21 09:34:11,4112.95,49861
2021-06-21 09:34:12,4112.95,49861
2021-06-21 09:34:14,4115.7,49881
2021-06-21 09:34:14,4112.95,49922
2021-06-21 09:34:15,4112.95,49936
2021-06-21 09:34:16,4115.7,49939
2021-06-21 09:34:17,4113.0,49959
2021-06-21 09:34:18,4114.5,49997
2021-06-21 09:34:19,4114.95,49998
2021-06-21 09:34:20,4113.0,50056
2021-06-21 09:34:21,4113.0,50056
2021-06-21 09:34:22,4112.0,50137
2021-06-21 09:34:24,4114.0,50160
2021-06-21 09:34:25,4114.0,50160
2021-06-21 09:34:26,4111.75,50164
2021-06-21 09:34:27,4111.75,50164
2021-06-21 09:34:28,4111.75,50164
2021-06-21 09:34:29,4111.75,50164
2021-06-21 09:34:30,4111.1,50179
2021-06-21 09:34:31,4111.1,50179
2021-06-21 09:34:33,4111.0,50182
2021-06-21 09:34:34,4111.1,50197
2021-06-21 09:34:35,4111.1,50214
2021-06-21 09:34:37,4111.1,50214
2021-06-21 09:34:38,4111.1,50214
2021-06-21 09:34:38,4112.75,50220
2021-06-21 09:34:39,4112.55,50252
2021-06-21 09:34:40,4112.55,50252
2021-06-21 09:34:41,4112.55,50252
2021-06-21 09:34:42,4112.55,50252
2021-06-21 09:34:43,4111.1,50259
2021-06-21 09:34:44,4111.2,50260
2021-06-21 09:34:45,4111.2,50260
2021-06-21 09:34:46,4111.2,50265
2021-06-21 09:34:47,4111.2,50265
2021-06-21 09:34:48,4111.2,50265
2021-06-21 09:34:49,4111.2,50266
2021-06-21 09:34:51,4111.2,50266
2021-06-21 09:34:52,4111.2,50332
2021-06-21 09:34:53,4111.2,50332
2021-06-21 09:34:54,4111.2,50332
2021-06-21 09:34:55,4111.2,50332
2021-06-21 09:34:56,4112.75,50334
2021-06-21 09:34:59,4112.75,50384
2021-06-21 09:35:00,4111.15,50396
2021-06-21 09:35:01,4111.15,50396
2021-06-21 09:35:02,4111.15,50396
2021-06-21 09:35:03,4112.0,50398
2021-06-21 09:35:05,4112.0,50398
2021-06-21 09:35:06,4112.0,50399
2021-06-21 09:35:07,4112.0,50402
2021-06-21 09:35:08,4112.0,50402
2021-06-21 09:35:09,4112.0,50403
2021-06-21 09:35:10,4112.0,50404
2021-06-21 09:35:11,4112.0,50404
2021-06-21 09:35:12,4111.2,50406
2021-06-21 09:35:13,4112.0,50407
2021-06-21 09:35:14,4115.15,51394
2021-06-21 09:35:15,4112.4,51464
2021-06-21 09:35:16,4114.95,51474
2021-06-21 09:35:17,4114.95,51474
2021-06-21 09:35:18,4114.95,51475
2021-06-21 09:35:19,4117.2,51618
2021-06-21 09:35:20,4117.2,51618
2021-06-21 09:35:21,4117.2,51618
2021-06-21 09:35:22,4116.85,51619
2021-06-21 09:35:23,4116.85,51620
2021-06-21 09:35:24,4116.85,51620
2021-06-21 09:35:25,4116.85,51620
2021-06-21 09:35:26,4117.0,51623
2021-06-21 09:35:28,4119.35,51673
2021-06-21 09:35:29,4119.35,51673
2021-06-21 09:35:30,4119.35,51673
2021-06-21 09:35:32,4116.8,51759
2021-06-21 09:35:33,4116.8,51759
2021-06-21 09:35:34,4116.8,51759
2021-06-21 09:35:34,4116.8,51759
2021-06-21 09:35:35,4116.8,51759
2021-06-21 09:35:36,4116.8,51759
2021-06-21 09:35:38,4116.8,51764
2021-06-21 09:35:40,4116.8,51764
2021-06-21 09:35:41,4116.65,51857
2021-06-21 09:35:42,4116.65,51857
2021-06-21 09:35:43,4116.65,51857
2021-06-21 09:35:44,4116.65,51857
2021-06-21 09:35:45,4118.75,51916
2021-06-21 09:35:46,4118.75,51916
2021-06-21 09:35:47,4118.75,51916
2021-06-21 09:35:48,4118.8,51921
2021-06-21 09:35:49,4118.8,51924
2021-06-21 09:35:50,4118.8,51924
2021-06-21 09:35:51,4117.05,51929
2021-06-21 09:35:52,4118.8,51939
2021-06-21 09:35:53,4118.8,51944
2021-06-21 09:35:54,4118.8,51944
2021-06-21 09:35:55,4119.25,51961
2021-06-21 09:35:56,4119.25,51961
2021-06-21 09:35:58,4119.6,51962
2021-06-21 09:35:59,4119.6,51962
2021-06-21 09:36:00,4119.6,51962
2021-06-21 09:36:02,4119.6,51970
2021-06-21 09:36:03,4119.6,51970
2021-06-21 09:36:04,4119.6,51970
2021-06-21 09:36:05,4119.6,51970
2021-06-21 09:36:06,4119.6,51970
2021-06-21 09:36:07,4117.0,51981
2021-06-21 09:36:08,4117.0,51981
2021-06-21 09:36:09,4117.0,51981
2021-06-21 09:36:10,4117.0,51981
2021-06-21 09:36:11,4119.3,52031
2021-06-21 09:36:13,4118.0,52081
2021-06-21 09:36:13,4118.0,52081
2021-06-21 09:36:15,4118.0,52081
2021-06-21 09:36:16,4118.4,52082
2021-06-21 09:36:17,4118.4,52084
2021-06-21 09:36:17,4118.4,52084
2021-06-21 09:36:18,4118.4,52084
2021-06-21 09:36:21,4118.4,52128
2021-06-21 09:36:21,4116.95,52129
2021-06-21 09:36:23,4116.95,52129
2021-06-21 09:36:24,4119.25,52179
2021-06-21 09:36:25,4117.0,52181
2021-06-21 09:36:26,4117.0,52181
2021-06-21 09:36:29,4118.0,52201
2021-06-21 09:36:30,4116.2,52206
2021-06-21 09:36:31,4117.0,52216
2021-06-21 09:36:32,4113.8,52223
2021-06-21 09:36:33,4113.8,52223
2021-06-21 09:36:34,4113.8,52223
2021-06-21 09:36:35,4113.8,52223
2021-06-21 09:36:36,4113.0,52225
2021-06-21 09:36:37,4113.2,52355
2021-06-21 09:36:38,4113.2,52355
2021-06-21 09:36:39,4115.8,52454
2021-06-21 09:36:40,4115.8,52454
2021-06-21 09:36:41,4112.95,52466
2021-06-21 09:36:42,4115.3,52569
2021-06-21 09:36:43,4115.3,52569
2021-06-21 09:36:44,4115.3,52569
2021-06-21 09:36:45,4115.3,52606
2021-06-21 09:36:46,4115.35,52607
2021-06-21 09:36:47,4112.6,52635
2021-06-21 09:36:48,4112.0,52639
2021-06-21 09:36:49,4112.0,52639
2021-06-21 09:36:50,4112.0,52644
2021-06-21 09:36:51,4114.55,52648
2021-06-21 09:36:52,4114.55,52648
2021-06-21 09:36:53,4114.55,52648
2021-06-21 09:36:54,4112.5,52668
2021-06-21 09:36:55,4111.75,52728
2021-06-21 09:36:56,4111.75,52728
2021-06-21 09:36:57,4112.05,52739
2021-06-21 09:36:57,4112.05,52739
2021-06-21 09:36:58,4112.05,52739
2021-06-21 09:37:00,4112.15,52743
2021-06-21 09:37:01,4112.15,52743
2021-06-21 09:37:02,4112.15,52743
2021-06-21 09:37:03,4112.15,52743
2021-06-21 09:37:04,4114.1,52745
2021-06-21 09:37:05,4114.1,52745
2021-06-21 09:37:06,4114.1,52745
2021-06-21 09:37:07,4114.1,52745
2021-06-21 09:37:07,4114.1,52747
2021-06-21 09:37:09,4114.1,52752
2021-06-21 09:37:10,4114.1,52752
2021-06-21 09:37:11,4114.1,52752
2021-06-21 09:37:12,4114.1,52752
2021-06-21 09:37:12,4114.1,52752
2021-06-21 09:37:13,4114.0,52753
2021-06-21 09:37:15,4112.15,52761
2021-06-21 09:37:16,4112.15,52761
2021-06-21 09:37:17,4112.2,52762
2021-06-21 09:37:19,4112.8,53548
2021-06-21 09:37:21,4112.75,53554
2021-06-21 09:37:22,4112.75,53554
2021-06-21 09:37:23,4112.75,53554
2021-06-21 09:37:24,4112.15,53604
2021-06-21 09:37:25,4112.15,53604
2021-06-21 09:37:26,4112.15,53604
2021-06-21 09:37:27,4114.0,53605
2021-06-21 09:37:28,4111.45,53625
2021-06-21 09:37:30,4111.45,53625
2021-06-21 09:37:30,4112.8,53635
2021-06-21 09:37:32,4112.1,53648
2021-06-21 09:37:33,4112.2,53654
2021-06-21 09:37:34,4112.55,53691
2021-06-21 09:37:35,4115.0,53791
2021-06-21 09:37:36,4112.8,53794
2021-06-21 09:37:37,4112.8,53794
2021-06-21 09:37:38,4112.85,53834
2021-06-21 09:37:39,4115.0,53859
2021-06-21 09:37:40,4115.0,53859
2021-06-21 09:37:41,4115.0,53862
2021-06-21 09:37:42,4115.0,53865
2021-06-21 09:37:43,4115.0,53865
2021-06-21 09:37:45,4115.0,53876
2021-06-21 09:37:44,4115.0,53875
2021-06-21 09:37:46,4115.0,53876
2021-06-21 09:37:47,4113.55,53880
2021-06-21 09:37:48,4113.55,53905
2021-06-21 09:37:49,4113.55,53905
2021-06-21 09:37:50,4113.55,53921
2021-06-21 09:37:51,4113.55,53921
2021-06-21 09:37:52,4113.55,53921
2021-06-21 09:37:53,4115.0,53922
2021-06-21 09:37:54,4113.1,53930
2021-06-21 09:37:55,4113.1,53930
2021-06-21 09:37:56,4113.1,53930
2021-06-21 09:37:57,4113.1,53930
2021-06-21 09:37:58,4113.1,53930
2021-06-21 09:37:59,4113.15,53952
2021-06-21 09:38:00,4113.15,53952
2021-06-21 09:38:01,4113.15,53952
2021-06-21 09:38:02,4113.15,53952
2021-06-21 09:38:03,4113.15,53952
2021-06-21 09:38:04,4113.15,53952
2021-06-21 09:38:05,4114.0,53954
2021-06-21 09:38:06,4114.0,53954
2021-06-21 09:38:07,4114.0,53954
2021-06-21 09:38:08,4114.0,53954
2021-06-21 09:38:09,4115.0,54002
2021-06-21 09:38:10,4115.5,54003
2021-06-21 09:38:11,4115.5,54013
2021-06-21 09:38:12,4115.5,54013
2021-06-21 09:38:13,4117.0,54038
2021-06-21 09:38:14,4117.0,54038
2021-06-21 09:38:15,4117.95,54254
2021-06-21 09:38:16,4117.95,54254
2021-06-21 09:38:17,4115.8,54304
2021-06-21 09:38:18,4116.1,54305
2021-06-21 09:38:19,4116.1,54309
2021-06-21 09:38:21,4118.6,54344
2021-06-21 09:38:22,4116.75,54353
2021-06-21 09:38:23,4116.75,54353
2021-06-21 09:38:24,4116.75,54353
2021-06-21 09:38:25,4118.8,54400
2021-06-21 09:38:26,4118.8,54402
2021-06-21 09:38:27,4118.8,54402
2021-06-21 09:38:28,4120.0,54570
2021-06-21 09:38:29,4119.0,54585
2021-06-21 09:38:30,4121.0,54869
2021-06-21 09:38:31,4119.4,54894
2021-06-21 09:38:33,4119.4,54894
2021-06-21 09:38:34,4122.0,54899
2021-06-21 09:38:35,4119.35,55030
2021-06-21 09:38:36,4122.0,55145
2021-06-21 09:38:37,4122.0,55145
2021-06-21 09:38:38,4122.0,55145
2021-06-21 09:38:39,4122.0,55145
2021-06-21 09:38:40,4123.85,55204
2021-06-21 09:38:41,4129.2,55312
2021-06-21 09:38:42,4127.05,55315
2021-06-21 09:38:44,4127.45,55326
2021-06-21 09:38:45,4127.45,55326
2021-06-21 09:38:46,4128.0,55346
2021-06-21 09:38:47,4129.4,55354
2021-06-21 09:38:48,4130.0,55371
2021-06-21 09:38:49,4129.95,55372
2021-06-21 09:38:50,4129.95,55372
2021-06-21 09:38:51,4127.8,55382
2021-06-21 09:38:52,4129.0,55388
2021-06-21 09:38:53,4130.0,55767
2021-06-21 09:38:54,4130.0,55767
2021-06-21 09:38:55,4130.0,55767
2021-06-21 09:38:56,4128.8,55817
2021-06-21 09:38:57,4128.8,55817
2021-06-21 09:38:58,4130.0,55861
2021-06-21 09:38:59,4130.0,55861
2021-06-21 09:39:00,4130.0,55861
2021-06-21 09:39:01,4130.5,55965
2021-06-21 09:39:02,4130.5,55965
2021-06-21 09:39:03,4131.05,56003
2021-06-21 09:39:04,4132.75,56069
2021-06-21 09:39:05,4130.0,56210
2021-06-21 09:39:06,4130.15,56263
2021-06-21 09:39:07,4130.15,56263
2021-06-21 09:39:08,4130.0,56299
2021-06-21 09:39:09,4130.0,56307
2021-06-21 09:39:10,4129.1,56308
2021-06-21 09:39:12,4128.85,56524
2021-06-21 09:39:11,4128.85,56524
2021-06-21 09:39:13,4130.0,56642
2021-06-21 09:39:14,4129.75,56722
2021-06-21 09:39:15,4129.75,56722
2021-06-21 09:39:16,4129.75,56722
2021-06-21 09:39:17,4129.75,56722
2021-06-21 09:39:18,4129.65,56724
2021-06-21 09:39:19,4129.65,56724
2021-06-21 09:39:21,4129.65,56724
2021-06-21 09:39:23,4129.0,56729
2021-06-21 09:39:24,4129.0,56729
2021-06-21 09:39:25,4129.0,56740
2021-06-21 09:39:26,4129.0,56740
2021-06-21 09:39:27,4129.0,56740
2021-06-21 09:39:28,4129.0,56740
2021-06-21 09:39:29,4129.0,56740
2021-06-21 09:39:30,4129.65,56780
2021-06-21 09:39:31,4129.65,56780
2021-06-21 09:39:32,4129.65,56780
2021-06-21 09:39:33,4129.65,56780
2021-06-21 09:39:34,4129.65,56780
2021-06-21 09:39:35,4128.25,56790
2021-06-21 09:39:36,4125.5,56833
2021-06-21 09:39:37,4125.5,56833
2021-06-21 09:39:38,4127.55,56836
2021-06-21 09:39:39,4127.55,56836
2021-06-21 09:39:40,4125.2,56838
2021-06-21 09:39:41,4125.2,56838
2021-06-21 09:39:42,4125.2,56838
2021-06-21 09:39:43,4125.2,56838
2021-06-21 09:39:44,4125.3,56840
2021-06-21 09:39:45,4125.35,56844
2021-06-21 09:39:47,4127.5,56845
2021-06-21 09:39:46,4125.35,56844
2021-06-21 09:39:48,4125.05,56866
2021-06-21 09:39:49,4127.4,56900
2021-06-21 09:39:50,4127.4,56900
2021-06-21 09:39:51,4127.4,56900
2021-06-21 09:39:52,4127.4,56900
2021-06-21 09:39:53,4125.2,56901
2021-06-21 09:39:54,4125.2,56901
2021-06-21 09:39:55,4125.05,56909
2021-06-21 09:39:57,4125.05,56909
2021-06-21 09:39:58,4127.1,56910
2021-06-21 09:39:59,4127.1,56910
2021-06-21 09:40:00,4127.1,56910
2021-06-21 09:40:01,4125.35,56911
2021-06-21 09:40:02,4125.35,56911
2021-06-21 09:40:03,4125.35,56911
2021-06-21 09:40:04,4125.35,56960
2021-06-21 09:40:05,4125.0,56983
2021-06-21 09:40:06,4125.35,56986
2021-06-21 09:40:07,4125.35,56986
2021-06-21 09:40:08,4125.35,56986
2021-06-21 09:40:09,4125.35,57006
2021-06-21 09:40:10,4125.2,57007
2021-06-21 09:40:11,4125.35,57057
2021-06-21 09:40:12,4127.1,57170
2021-06-21 09:40:13,4127.1,57170
2021-06-21 09:40:14,4127.1,57170
2021-06-21 09:40:15,4127.1,57170
2021-06-21 09:40:16,4127.1,57170
2021-06-21 09:40:17,4127.1,57170
2021-06-21 09:40:18,4127.55,57180
2021-06-21 09:40:19,4127.55,57180
2021-06-21 09:40:20,4127.55,57180
2021-06-21 09:40:22,4127.55,57187
2021-06-21 09:40:23,4127.55,57187
2021-06-21 09:40:24,4127.55,57187
2021-06-21 09:40:25,4127.55,57187
2021-06-21 09:40:26,4128.0,57188
2021-06-21 09:40:28,4128.0,57188
2021-06-21 09:40:29,4128.0,57188
2021-06-21 09:40:30,4128.0,57189
2021-06-21 09:40:30,4128.0,57189
2021-06-21 09:40:31,4128.0,57189
2021-06-21 09:40:33,4128.0,57189
2021-06-21 09:40:34,4128.0,57189
2021-06-21 09:40:35,4128.0,57190
2021-06-21 09:40:36,4128.0,57190
2021-06-21 09:40:37,4128.0,57203
2021-06-21 09:40:38,4128.0,57203
2021-06-21 09:40:39,4130.0,57932
2021-06-21 09:40:41,4128.0,57935
2021-06-21 09:40:41,4128.0,57935
2021-06-21 09:40:42,4128.0,57935
2021-06-21 09:40:43,4128.0,57935
2021-06-21 09:40:44,4128.0,57935
2021-06-21 09:40:46,4128.0,57941
2021-06-21 09:40:47,4127.1,57942
2021-06-21 09:40:49,4127.1,57942
2021-06-21 09:40:50,4127.1,57942
2021-06-21 09:40:51,4126.0,57954
2021-06-21 09:40:52,4126.0,58022
2021-06-21 09:40:53,4127.0,58072
2021-06-21 09:40:53,4127.0,58072
2021-06-21 09:40:54,4127.0,58072
2021-06-21 09:40:55,4126.95,58078
2021-06-21 09:40:56,4126.95,58078
2021-06-21 09:40:57,4126.95,58078
2021-06-21 09:40:58,4126.95,58103
2021-06-21 09:40:59,4126.95,58103
2021-06-21 09:41:00,4126.95,58103
2021-06-21 09:41:01,4126.95,58103
2021-06-21 09:41:02,4126.95,58103
2021-06-21 09:41:03,4126.95,58103
2021-06-21 09:41:04,4126.0,58104
2021-06-21 09:41:05,4125.0,58112
2021-06-21 09:41:06,4125.0,58132
2021-06-21 09:41:07,4125.0,58133
2021-06-21 09:41:08,4126.55,58150
2021-06-21 09:41:09,4126.55,58152
2021-06-21 09:41:10,4126.9,58436
2021-06-21 09:41:12,4126.9,58436
2021-06-21 09:41:13,4126.9,58436
2021-06-21 09:41:14,4126.9,58436
2021-06-21 09:41:15,4126.65,58536
2021-06-21 09:41:16,4126.0,58580
2021-06-21 09:41:17,4128.15,59159
2021-06-21 09:41:18,4128.15,59159
2021-06-21 09:41:19,4128.15,59159
2021-06-21 09:41:19,4128.15,59159
2021-06-21 09:41:20,4131.0,59161
2021-06-21 09:41:22,4128.45,59163
2021-06-21 09:41:23,4128.45,59203
2021-06-21 09:41:24,4128.45,59203
2021-06-21 09:41:25,4128.45,59203
2021-06-21 09:41:26,4128.45,59203
2021-06-21 09:41:27,4128.45,59203
2021-06-21 09:41:31,4129.2,59291
2021-06-21 09:41:32,4128.8,59299
2021-06-21 09:41:34,4128.45,59300
2021-06-21 09:41:34,4128.45,59300
2021-06-21 09:41:36,4128.45,59300
2021-06-21 09:41:37,4128.5,59302
2021-06-21 09:41:40,4130.65,59305
2021-06-21 09:41:41,4130.65,59305
2021-06-21 09:41:42,4130.65,59305
2021-06-21 09:41:44,4130.65,59305
2021-06-21 09:41:45,4130.65,59307
2021-06-21 09:41:45,4130.65,59307
2021-06-21 09:41:46,4128.55,59315
2021-06-21 09:41:47,4128.4,59365
2021-06-21 09:41:48,4127.3,59373
2021-06-21 09:41:49,4127.3,59373
2021-06-21 09:41:50,4127.3,59373
2021-06-21 09:41:51,4127.3,59373
2021-06-21 09:41:52,4127.3,59373
2021-06-21 09:41:53,4127.3,59373
2021-06-21 09:41:54,4129.45,59376
2021-06-21 09:41:55,4129.45,59376
2021-06-21 09:41:56,4128.5,59377
2021-06-21 09:41:57,4128.5,59377
2021-06-21 09:41:58,4130.65,59422
2021-06-21 09:41:59,4130.75,59424
2021-06-21 09:42:00,4130.75,59424
2021-06-21 09:42:01,4130.75,59424
2021-06-21 09:42:02,4130.75,59424
2021-06-21 09:42:04,4130.1,59425
2021-06-21 09:42:05,4129.75,59426
2021-06-21 09:42:08,4129.0,59435
2021-06-21 09:42:09,4130.0,59445
2021-06-21 09:42:12,4132.55,59629
2021-06-21 09:42:12,4132.55,59629
2021-06-21 09:42:13,4133.85,59630
2021-06-21 09:42:14,4135.0,59732
2021-06-21 09:42:15,4133.85,59740
2021-06-21 09:42:16,4133.85,59740
2021-06-21 09:42:17,4133.85,59740
2021-06-21 09:42:18,4135.0,59790
2021-06-21 09:42:19,4135.0,59790
2021-06-21 09:42:20,4133.1,59806
2021-06-21 09:42:21,4135.0,59812
2021-06-21 09:42:22,4135.0,59813
2021-06-21 09:42:23,4135.0,59813
2021-06-21 09:42:24,4135.0,59858
2021-06-21 09:42:25,4139.0,60312
2021-06-21 09:42:26,4139.0,60323
2021-06-21 09:42:28,4139.0,60328
2021-06-21 09:42:29,4139.0,60328
2021-06-21 09:42:29,4139.0,60328
2021-06-21 09:42:30,4139.0,60328
2021-06-21 09:42:31,4139.0,60328
2021-06-21 09:42:32,4139.0,60328
2021-06-21 09:42:33,4139.0,60328
2021-06-21 09:42:34,4137.45,60330
2021-06-21 09:42:35,4139.0,60331
2021-06-21 09:42:36,4139.0,60331
2021-06-21 09:42:37,4139.0,60396
2021-06-21 09:42:38,4139.0,60396
2021-06-21 09:42:39,4136.8,60407
2021-06-21 09:42:40,4136.8,60407
2021-06-21 09:42:41,4136.8,60407
2021-06-21 09:42:42,4136.8,60407
2021-06-21 09:42:44,4139.05,60580
2021-06-21 09:42:46,4136.85,60588
2021-06-21 09:42:47,4136.85,60589
2021-06-21 09:42:47,4140.15,60944
2021-06-21 09:42:48,4137.55,60960
2021-06-21 09:42:49,4139.75,61063
2021-06-21 09:42:50,4140.3,61113
2021-06-21 09:42:51,4140.3,61113
2021-06-21 09:42:53,4141.35,61173
2021-06-21 09:42:54,4138.0,61179
2021-06-21 09:42:55,4138.0,61179
2021-06-21 09:42:56,4138.1,61183
2021-06-21 09:42:56,4138.1,61183
2021-06-21 09:42:57,4138.1,61183
2021-06-21 09:42:58,4138.1,61183
2021-06-21 09:42:59,4139.9,61223
2021-06-21 09:43:01,4138.15,61224
2021-06-21 09:43:02,4138.15,61224
2021-06-21 09:43:03,4138.15,61224
2021-06-21 09:43:04,4138.1,61290
2021-06-21 09:43:05,4138.0,61300
2021-06-21 09:43:06,4137.05,61315
2021-06-21 09:43:07,4137.0,61316
2021-06-21 09:43:08,4137.0,61323
2021-06-21 09:43:09,4137.0,61323
2021-06-21 09:43:09,4137.0,61323
2021-06-21 09:43:10,4137.0,61337
2021-06-21 09:43:12,4137.0,61337
2021-06-21 09:43:14,4137.0,61340
2021-06-21 09:43:16,4137.0,61342
2021-06-21 09:43:17,4137.0,61342
2021-06-21 09:43:20,4140.0,61415
2021-06-21 09:43:21,4138.5,61420
2021-06-21 09:43:25,4139.6,61463
2021-06-21 09:43:26,4139.6,61463
2021-06-21 09:43:27,4138.95,61483
2021-06-21 09:43:28,4138.95,61483
2021-06-21 09:43:29,4138.95,61483
2021-06-21 09:43:31,4138.7,61484
2021-06-21 09:43:32,4138.7,61484
2021-06-21 09:43:33,4138.7,61484
2021-06-21 09:43:35,4138.7,61484
2021-06-21 09:43:37,4137.5,61491
2021-06-21 09:43:38,4137.5,61491
2021-06-21 09:43:39,4138.8,61641
2021-06-21 09:43:40,4138.8,61641
2021-06-21 09:43:40,4138.8,61641
2021-06-21 09:43:42,4138.8,61641
2021-06-21 09:43:45,4134.8,61695
2021-06-21 09:43:46,4136.25,61701
2021-06-21 09:43:48,4136.25,61723
2021-06-21 09:43:49,4136.25,61752
2021-06-21 09:43:50,4136.25,61752
2021-06-21 09:43:52,4138.7,61802
2021-06-21 09:43:52,4138.7,61802
2021-06-21 09:43:54,4138.7,61804
2021-06-21 09:43:56,4138.7,61805
2021-06-21 09:43:57,4138.7,61805
2021-06-21 09:43:58,4138.0,61815
2021-06-21 09:43:59,4136.4,61822
2021-06-21 09:43:59,4136.25,61872
2021-06-21 09:44:00,4138.0,61873
2021-06-21 09:44:01,4138.0,61873
2021-06-21 09:44:02,4138.0,61873
2021-06-21 09:44:03,4139.4,61975
2021-06-21 09:44:04,4139.4,61975
2021-06-21 09:44:05,4139.4,61975
2021-06-21 09:44:06,4139.4,61975
2021-06-21 09:44:07,4139.0,61976
2021-06-21 09:44:08,4139.0,61981
2021-06-21 09:44:09,4138.95,61982
2021-06-21 09:44:10,4136.45,61988
2021-06-21 09:44:11,4136.45,61988
2021-06-21 09:44:12,4136.45,61988
2021-06-21 09:44:14,4136.45,61988
2021-06-21 09:44:15,4136.0,62123
2021-06-21 09:44:16,4134.45,62136
2021-06-21 09:44:17,4133.7,62157
2021-06-21 09:44:17,4133.7,62157
2021-06-21 09:44:18,4134.7,62161
2021-06-21 09:44:19,4134.6,62163
2021-06-21 09:44:20,4132.1,62173
2021-06-21 09:44:21,4134.55,62174
2021-06-21 09:44:22,4134.65,62224
2021-06-21 09:44:23,4134.65,62224
2021-06-21 09:44:24,4134.5,62249
2021-06-21 09:44:26,4134.45,62254
2021-06-21 09:44:26,4134.45,62254
2021-06-21 09:44:27,4134.45,62254
2021-06-21 09:44:28,4134.45,62254
2021-06-21 09:44:29,4134.45,62254
2021-06-21 09:44:30,4134.45,62254
2021-06-21 09:44:31,4134.4,62255
2021-06-21 09:44:32,4134.4,62255
2021-06-21 09:44:33,4134.4,62255
2021-06-21 09:44:34,4134.4,62255
2021-06-21 09:44:37,4134.0,62301
2021-06-21 09:44:38,4132.75,62302
2021-06-21 09:44:39,4132.75,62302
2021-06-21 09:44:40,4132.0,62303
2021-06-21 09:44:41,4132.0,62303
2021-06-21 09:44:42,4132.0,62303
2021-06-21 09:44:43,4132.0,62308
2021-06-21 09:44:44,4131.2,62348
2021-06-21 09:44:45,4131.2,62348
2021-06-21 09:44:46,4131.2,62348
2021-06-21 09:44:48,4131.2,62348
2021-06-21 09:44:49,4131.2,62348
2021-06-21 09:44:49,4132.75,62368
2021-06-21 09:44:50,4131.05,62372
2021-06-21 09:44:53,4132.75,62382
2021-06-21 09:44:56,4132.75,62389
2021-06-21 09:44:58,4132.75,62389
2021-06-21 09:44:59,4132.75,62389
2021-06-21 09:45:00,4132.0,62393
2021-06-21 09:45:01,4132.0,62393
2021-06-21 09:45:02,4132.0,62393
2021-06-21 09:45:03,4132.0,62393
2021-06-21 09:45:05,4132.0,62394
2021-06-21 09:45:06,4132.0,62400
2021-06-21 09:45:07,4132.0,62400
2021-06-21 09:45:08,4132.0,62400
2021-06-21 09:45:09,4131.0,62401
2021-06-21 09:45:10,4131.0,62401
2021-06-21 09:45:11,4131.0,62407
2021-06-21 09:45:11,4131.0,62407
2021-06-21 09:45:12,4131.0,62407
2021-06-21 09:45:13,4131.0,62407
2021-06-21 09:45:15,4131.0,62440
2021-06-21 09:45:16,4130.6,62543
2021-06-21 09:45:17,4128.5,62647
2021-06-21 09:45:18,4130.45,62667
2021-06-21 09:45:19,4130.45,62667
2021-06-21 09:45:20,4128.5,62688
2021-06-21 09:45:21,4130.3,62689
2021-06-21 09:45:23,4130.15,62702
2021-06-21 09:45:25,4130.15,62702
2021-06-21 09:45:27,4128.8,62727
2021-06-21 09:45:31,4128.3,62775
2021-06-21 09:45:35,4127.95,62790
2021-06-21 09:45:36,4127.95,62801
2021-06-21 09:45:37,4127.95,62801
2021-06-21 09:45:38,4127.95,62801
2021-06-21 09:45:39,4126.45,63051
2021-06-21 09:45:40,4126.45,63051
2021-06-21 09:45:41,4126.5,63161
2021-06-21 09:45:43,4127.0,63211
2021-06-21 09:45:44,4126.65,63231
2021-06-21 09:45:45,4126.85,63248
2021-06-21 09:45:46,4126.85,63248
2021-06-21 09:45:47,4126.85,63248
2021-06-21 09:45:49,4126.85,63287
2021-06-21 09:45:50,4126.85,63287
2021-06-21 09:45:51,4126.85,63287
2021-06-21 09:45:52,4126.85,63287
2021-06-21 09:45:53,4126.75,63307
2021-06-21 09:45:54,4126.65,63330
2021-06-21 09:45:55,4126.65,63330
2021-06-21 09:45:56,4126.65,63330
2021-06-21 09:45:57,4126.65,63330
2021-06-21 09:45:58,4126.65,63330
2021-06-21 09:45:59,4126.7,63355
2021-06-21 09:46:00,4126.6,63390
2021-06-21 09:46:01,4126.75,63440
2021-06-21 09:46:02,4126.75,63440
2021-06-21 09:46:03,4129.0,63441
2021-06-21 09:46:04,4129.0,63441
2021-06-21 09:46:05,4126.75,63445
2021-06-21 09:46:06,4126.75,63445
2021-06-21 09:46:07,4126.75,63445
2021-06-21 09:46:08,4126.75,63445
2021-06-21 09:46:09,4129.0,63451
2021-06-21 09:46:10,4126.75,63471
2021-06-21 09:46:11,4126.75,63471
2021-06-21 09:46:12,4128.9,63479
2021-06-21 09:46:13,4128.9,63479
2021-06-21 09:46:14,4128.9,63479
2021-06-21 09:46:15,4126.85,63481
2021-06-21 09:46:16,4126.85,63481
2021-06-21 09:46:17,4128.9,63485
2021-06-21 09:46:18,4128.9,63487
2021-06-21 09:46:19,4126.75,63489
2021-06-21 09:46:20,4126.55,63643
2021-06-21 09:46:21,4125.6,63671
2021-06-21 09:46:22,4125.6,63671
2021-06-21 09:46:23,4125.6,63671
2021-06-21 09:46:24,4125.6,63695
2021-06-21 09:46:25,4127.55,63701
2021-06-21 09:46:26,4127.55,63701
2021-06-21 09:46:27,4127.55,63701
2021-06-21 09:46:28,4127.55,63701
2021-06-21 09:46:29,4127.55,63703
2021-06-21 09:46:30,4125.6,63704
2021-06-21 09:46:31,4125.6,63704
2021-06-21 09:46:32,4127.45,63821
2021-06-21 09:46:33,4127.45,63821
2021-06-21 09:46:34,4127.45,63821
2021-06-21 09:46:35,4125.6,63823
2021-06-21 09:46:36,4125.6,63823
2021-06-21 09:46:37,4129.1,63928
2021-06-21 09:46:38,4127.0,63931
2021-06-21 09:46:39,4128.7,63933
2021-06-21 09:46:40,4128.7,63933
2021-06-21 09:46:41,4128.7,63933
2021-06-21 09:46:42,4128.7,63933
2021-06-21 09:46:43,4128.7,63933
2021-06-21 09:46:44,4128.7,63933
2021-06-21 09:46:45,4128.7,63933
2021-06-21 09:46:46,4128.7,63933
2021-06-21 09:46:47,4128.7,63933
2021-06-21 09:46:48,4128.7,63933
2021-06-21 09:46:49,4128.7,63933
2021-06-21 09:46:50,4128.7,63933
2021-06-21 09:46:51,4128.7,63933
2021-06-21 09:46:53,4128.7,63933
2021-06-21 09:46:54,4128.7,63933
2021-06-21 09:46:55,4128.7,63933
2021-06-21 09:46:56,4128.7,63933
2021-06-21 09:46:57,4128.7,63933
2021-06-21 09:46:57,4128.7,63933
2021-06-21 09:46:59,4128.6,63953
2021-06-21 09:47:00,4128.6,63953
2021-06-21 09:47:01,4128.6,63953
2021-06-21 09:47:02,4128.6,63953
2021-06-21 09:47:03,4128.6,63953
2021-06-21 09:47:04,4126.7,63963
2021-06-21 09:47:05,4126.7,63963
2021-06-21 09:47:06,4126.7,63963
2021-06-21 09:47:08,4126.7,63963
2021-06-21 09:47:09,4126.7,63963
2021-06-21 09:47:11,4126.7,63963
2021-06-21 09:47:12,4126.7,63963
2021-06-21 09:47:13,4128.75,64019
2021-06-21 09:47:13,4128.75,64019
2021-06-21 09:47:14,4128.75,64019
2021-06-21 09:47:16,4128.75,64019
2021-06-21 09:47:16,4128.75,64019
2021-06-21 09:47:18,4128.75,64019
2021-06-21 09:47:19,4128.75,64019
2021-06-21 09:47:22,4129.45,64020
2021-06-21 09:47:23,4129.45,64020
2021-06-21 09:47:24,4129.45,64020
2021-06-21 09:47:25,4129.45,64020
2021-06-21 09:47:26,4129.45,64020
2021-06-21 09:47:27,4129.45,64020
2021-06-21 09:47:28,4129.45,64020
2021-06-21 09:47:29,4127.5,64022
2021-06-21 09:47:31,4127.5,64024
2021-06-21 09:47:31,4129.35,64025
2021-06-21 09:47:32,4129.35,64025
2021-06-21 09:47:33,4129.4,64026
2021-06-21 09:47:34,4129.4,64026
2021-06-21 09:47:35,4129.4,64026
2021-06-21 09:47:36,4129.4,64026
2021-06-21 09:47:37,4129.4,64026
2021-06-21 09:47:39,4129.4,64027
2021-06-21 09:47:40,4129.4,64027
2021-06-21 09:47:41,4129.4,64027
2021-06-21 09:47:41,4129.4,64027
2021-06-21 09:47:42,4127.05,64037
2021-06-21 09:47:43,4127.05,64037
2021-06-21 09:47:44,4127.05,64040
2021-06-21 09:47:46,4127.05,64040
2021-06-21 09:47:47,4129.2,64063
2021-06-21 09:47:48,4129.2,64063
2021-06-21 09:47:49,4129.2,64063
2021-06-21 09:47:50,4127.65,64069
2021-06-21 09:47:51,4127.65,64069
2021-06-21 09:47:52,4127.65,64069
2021-06-21 09:47:53,4127.65,64069
2021-06-21 09:47:54,4127.65,64069
2021-06-21 09:47:54,4127.65,64069
2021-06-21 09:47:55,4127.65,64069
2021-06-21 09:47:56,4127.65,64069
2021-06-21 09:47:58,4127.0,64119
2021-06-21 09:47:58,4129.1,64139
2021-06-21 09:48:00,4129.1,64139
2021-06-21 09:48:01,4129.1,64139
2021-06-21 09:48:02,4129.0,64164
2021-06-21 09:48:03,4126.9,64191
2021-06-21 09:48:04,4126.9,64191
2021-06-21 09:48:05,4126.9,64194
2021-06-21 09:48:06,4126.9,64196
2021-06-21 09:48:09,4126.9,64196
2021-06-21 09:48:10,4126.9,64201
2021-06-21 09:48:11,4126.9,64201
2021-06-21 09:48:12,4126.9,64201
2021-06-21 09:48:14,4126.9,64201
2021-06-21 09:48:14,4128.75,64202
2021-06-21 09:48:15,4128.75,64202
2021-06-21 09:48:16,4128.75,64202
2021-06-21 09:48:17,4128.75,64202
2021-06-21 09:48:18,4128.75,64202
2021-06-21 09:48:19,4128.75,64202
2021-06-21 09:48:20,4127.05,64208
2021-06-21 09:48:21,4127.05,64208
2021-06-21 09:48:22,4128.45,64230
2021-06-21 09:48:24,4128.5,64280
2021-06-21 09:48:25,4128.4,64300
2021-06-21 09:48:26,4128.4,64300
2021-06-21 09:48:27,4128.4,64300
2021-06-21 09:48:28,4128.4,64300
2021-06-21 09:48:29,4126.7,64301
2021-06-21 09:48:30,4126.7,64301
2021-06-21 09:48:31,4126.7,64301
2021-06-21 09:48:31,4126.7,64301
2021-06-21 09:48:33,4126.7,64301
2021-06-21 09:48:35,4126.9,64321
2021-06-21 09:48:37,4128.45,64322
2021-06-21 09:48:38,4128.45,64322
2021-06-21 09:48:39,4128.45,64322
2021-06-21 09:48:41,4126.9,64327
2021-06-21 09:48:41,4128.45,64328
2021-06-21 09:48:42,4128.45,64328
2021-06-21 09:48:44,4128.45,64328
2021-06-21 09:48:44,4128.45,64328
2021-06-21 09:48:45,4128.45,64328
2021-06-21 09:48:46,4128.45,64346
2021-06-21 09:48:48,4128.45,64346
2021-06-21 09:48:49,4128.45,64346
2021-06-21 09:48:50,4128.45,64346
2021-06-21 09:48:51,4128.45,64346
2021-06-21 09:48:52,4128.45,64366
2021-06-21 09:48:53,4128.45,64366
2021-06-21 09:48:54,4128.45,64366
2021-06-21 09:48:55,4128.45,64376
2021-06-21 09:48:56,4128.5,64401
2021-06-21 09:48:57,4128.5,64401
2021-06-21 09:48:58,4128.5,64401
2021-06-21 09:48:59,4128.5,64401
2021-06-21 09:49:00,4128.5,64401
2021-06-21 09:49:01,4127.2,64426
2021-06-21 09:49:02,4127.2,64426
2021-06-21 09:49:03,4127.2,64426
2021-06-21 09:49:04,4127.2,64426
2021-06-21 09:49:05,4127.2,64426
2021-06-21 09:49:06,4127.2,64426
2021-06-21 09:49:07,4127.2,64426
2021-06-21 09:49:08,4127.1,64427
2021-06-21 09:49:09,4127.1,64427
2021-06-21 09:49:10,4126.7,64428
2021-06-21 09:49:11,4127.1,64448
2021-06-21 09:49:12,4127.1,64448
2021-06-21 09:49:13,4127.1,64448
2021-06-21 09:49:14,4126.7,64450
2021-06-21 09:49:15,4127.1,64451
2021-06-21 09:49:16,4127.1,64452
2021-06-21 09:49:17,4127.1,64452
2021-06-21 09:49:18,4127.1,64452
2021-06-21 09:49:19,4127.1,64452
2021-06-21 09:49:20,4127.1,64452
2021-06-21 09:49:21,4128.45,64502
2021-06-21 09:49:22,4128.45,64502
2021-06-21 09:49:23,4128.45,64502
2021-06-21 09:49:24,4128.45,64502
2021-06-21 09:49:25,4128.45,64507
2021-06-21 09:49:26,4128.45,64507
2021-06-21 09:49:27,4128.45,64507
2021-06-21 09:49:28,4128.45,64507
2021-06-21 09:49:29,4128.45,64507
2021-06-21 09:49:30,4128.45,64507
2021-06-21 09:49:31,4128.45,64537
2021-06-21 09:49:32,4128.45,64537
2021-06-21 09:49:33,4128.45,64537
2021-06-21 09:49:34,4128.45,64537
2021-06-21 09:49:35,4128.45,64537
2021-06-21 09:49:36,4128.45,64537
2021-06-21 09:49:38,4128.45,64537
2021-06-21 09:49:39,4128.45,64537
2021-06-21 09:49:40,4128.4,64538
2021-06-21 09:49:42,4128.4,64538
2021-06-21 09:49:43,4128.4,64538
2021-06-21 09:49:44,4128.4,64538
2021-06-21 09:49:45,4127.5,64550
2021-06-21 09:49:46,4128.4,64575
2021-06-21 09:49:47,4128.4,64575
2021-06-21 09:49:48,4128.4,64575
2021-06-21 09:49:49,4128.4,64575
2021-06-21 09:49:50,4127.5,64577
2021-06-21 09:49:51,4127.5,64577
2021-06-21 09:49:52,4129.55,65753
2021-06-21 09:49:53,4129.55,65753
2021-06-21 09:49:54,4128.9,65758
2021-06-21 09:49:55,4129.55,65767
2021-06-21 09:49:56,4129.55,65767
2021-06-21 09:49:57,4129.55,65767
2021-06-21 09:49:58,4129.55,65841
2021-06-21 09:49:59,4129.55,65841
2021-06-21 09:50:00,4129.55,65841
2021-06-21 09:50:01,4129.55,65841
2021-06-21 09:50:02,4129.55,65841
2021-06-21 09:50:03,4129.55,65841
2021-06-21 09:50:04,4129.55,65841
2021-06-21 09:50:05,4130.0,65893
2021-06-21 09:50:06,4130.0,65895
2021-06-21 09:50:07,4129.05,65905
2021-06-21 09:50:08,4129.05,65905
2021-06-21 09:50:09,4129.0,65908
2021-06-21 09:50:10,4129.0,65908
2021-06-21 09:50:11,4129.0,65908
2021-06-21 09:50:12,4129.0,65908
2021-06-21 09:50:13,4129.0,65923
2021-06-21 09:50:14,4129.0,65923
2021-06-21 09:50:15,4130.4,65967
2021-06-21 09:50:16,4130.8,65971
2021-06-21 09:50:17,4130.8,65971
2021-06-21 09:50:18,4128.4,65975
2021-06-21 09:50:19,4128.4,65975
2021-06-21 09:50:20,4128.4,66001
2021-06-21 09:50:21,4128.4,66001
2021-06-21 09:50:22,4128.15,66008
2021-06-21 09:50:23,4130.3,66011
2021-06-21 09:50:24,4130.3,66011
2021-06-21 09:50:25,4130.3,66011
2021-06-21 09:50:26,4130.3,66011
2021-06-21 09:50:27,4130.3,66011
2021-06-21 09:50:29,4130.3,66016
2021-06-21 09:50:31,4130.3,66016
2021-06-21 09:50:33,4130.3,66016
2021-06-21 09:50:35,4128.0,66805
2021-06-21 09:50:36,4127.5,66810
2021-06-21 09:50:37,4127.5,66810
2021-06-21 09:50:38,4127.5,66810
2021-06-21 09:50:39,4127.5,66872
2021-06-21 09:50:40,4127.5,66873
2021-06-21 09:50:41,4127.5,66873
2021-06-21 09:50:42,4127.5,66873
2021-06-21 09:50:43,4128.0,67199
2021-06-21 09:50:44,4128.0,67199
2021-06-21 09:50:45,4128.0,67200
2021-06-21 09:50:46,4128.0,67200
2021-06-21 09:50:47,4128.4,67236
2021-06-21 09:50:48,4128.4,67236
2021-06-21 09:50:49,4128.4,67236
2021-06-21 09:50:52,4130.0,67261
2021-06-21 09:50:53,4130.0,67261
2021-06-21 09:50:54,4128.5,67262
2021-06-21 09:50:56,4130.0,67265
2021-06-21 09:50:57,4130.0,67265
2021-06-21 09:50:58,4129.4,67285
2021-06-21 09:50:59,4129.4,67285
2021-06-21 09:51:00,4129.4,67285
2021-06-21 09:51:01,4130.0,67288
2021-06-21 09:51:02,4130.4,67291
2021-06-21 09:51:03,4130.4,67291
2021-06-21 09:51:04,4130.4,67291
2021-06-21 09:51:05,4130.0,67301
2021-06-21 09:51:06,4130.0,67301
2021-06-21 09:51:07,4130.4,67323
2021-06-21 09:51:08,4130.4,67323
2021-06-21 09:51:09,4130.4,67323
2021-06-21 09:51:10,4128.7,67333
2021-06-21 09:51:11,4128.95,67338
2021-06-21 09:51:12,4128.7,67345
2021-06-21 09:51:13,4131.0,67400
2021-06-21 09:51:14,4128.7,67407
2021-06-21 09:51:15,4131.05,67415
2021-06-21 09:51:16,4131.05,67415
2021-06-21 09:51:17,4131.05,67415
2021-06-21 09:51:19,4131.05,67415
2021-06-21 09:51:20,4131.05,67415
2021-06-21 09:51:21,4128.75,67420
2021-06-21 09:51:22,4128.75,67420
2021-06-21 09:51:23,4128.7,67425
2021-06-21 09:51:23,4128.7,67425
2021-06-21 09:51:24,4128.7,67433
2021-06-21 09:51:25,4128.7,67433
2021-06-21 09:51:26,4128.7,67447
2021-06-21 09:51:27,4130.0,67467
2021-06-21 09:51:29,4130.0,67467
2021-06-21 09:51:30,4128.7,67471
2021-06-21 09:51:31,4128.7,67471
2021-06-21 09:51:32,4128.7,67471
2021-06-21 09:51:33,4128.7,67471
2021-06-21 09:51:34,4128.7,67471
2021-06-21 09:51:35,4129.95,67472
2021-06-21 09:51:36,4129.95,67472
2021-06-21 09:51:37,4129.95,67472
2021-06-21 09:51:38,4129.95,67472
2021-06-21 09:51:39,4128.7,67492
2021-06-21 09:51:41,4130.0,67507
2021-06-21 09:51:41,4130.0,67507
2021-06-21 09:51:43,4128.7,67511
2021-06-21 09:51:44,4128.7,67518
2021-06-21 09:51:44,4128.7,67518
2021-06-21 09:51:45,4128.7,67518
2021-06-21 09:51:46,4128.7,67518
2021-06-21 09:51:48,4128.7,67528
2021-06-21 09:51:49,4128.7,67528
2021-06-21 09:51:50,4130.0,67550
2021-06-21 09:51:51,4130.0,67550
2021-06-21 09:51:52,4128.7,67563
2021-06-21 09:51:53,4128.1,67588
2021-06-21 09:51:54,4128.1,67588
2021-06-21 09:51:58,4128.1,67588
2021-06-21 09:52:02,4128.1,67588
2021-06-21 09:52:06,4128.25,67661
2021-06-21 09:52:10,4128.25,67661
2021-06-21 09:52:14,4128.25,67707
2021-06-21 09:52:18,4129.95,67809
2021-06-21 09:52:23,4128.25,67833
2021-06-21 09:52:27,4128.15,67853
2021-06-21 09:52:31,4129.0,67858
2021-06-21 09:52:35,4129.0,67894
2021-06-21 09:52:39,4127.55,67985
2021-06-21 09:52:43,4127.5,67989
2021-06-21 09:52:47,4127.5,67990
2021-06-21 09:52:51,4127.5,68058
2021-06-21 09:52:55,4127.5,68062
2021-06-21 09:52:59,4127.5,68063
2021-06-21 09:53:02,4128.0,68758
2021-06-21 09:53:06,4127.5,68800
2021-06-21 09:53:14,4128.45,69299
2021-06-21 09:53:17,4128.45,69299
2021-06-21 09:53:22,4128.45,69301
2021-06-21 09:53:25,4130.4,69304
2021-06-21 09:53:29,4130.4,69304
2021-06-21 09:53:33,4130.45,69320
2021-06-21 09:53:37,4130.2,69321
2021-06-21 09:53:41,4130.2,69321
2021-06-21 09:53:45,4130.2,69321
2021-06-21 09:53:49,4127.5,70030
2021-06-21 09:53:52,4129.4,70102
2021-06-21 09:53:56,4129.0,70104
2021-06-21 09:54:00,4127.5,71111
2021-06-21 09:54:03,4127.5,71198
2021-06-21 09:54:07,4128.65,71205
2021-06-21 09:54:10,4129.9,71336
2021-06-21 09:54:15,4131.0,71374
2021-06-21 09:54:19,4131.0,71374
2021-06-21 09:54:23,4131.0,71375
2021-06-21 09:54:27,4128.85,71382
2021-06-21 09:54:30,4128.45,71384
2021-06-21 09:54:34,4128.45,71384
2021-06-21 09:54:38,4128.45,71384
2021-06-21 09:54:42,4128.45,71384
2021-06-21 09:54:46,4128.45,71417
2021-06-21 09:54:51,4128.45,71419
2021-06-21 09:54:54,4130.0,71423
2021-06-21 09:54:58,4130.65,71461
2021-06-21 09:55:02,4130.35,71473
2021-06-21 09:55:10,4130.35,71727
2021-06-21 09:55:14,4130.35,71727
2021-06-21 09:55:18,4130.0,71827
2021-06-21 09:55:21,4128.8,71848
2021-06-21 09:55:26,4128.8,71848
2021-06-21 09:55:30,4128.75,71858
2021-06-21 09:55:34,4130.35,71890
2021-06-21 09:55:39,4131.4,71931
2021-06-21 09:55:43,4128.85,71946
2021-06-21 09:55:47,4129.0,71950
2021-06-21 09:55:51,4129.0,71951
2021-06-21 09:55:58,4128.9,71955
2021-06-21 09:56:02,4130.0,71964
2021-06-21 09:56:06,4128.9,71983
2021-06-21 09:56:10,4130.0,71984
2021-06-21 09:56:14,4129.0,72010
2021-06-21 09:56:17,4129.95,72012
2021-06-21 09:56:21,4136.45,74098
2021-06-21 09:56:24,4134.1,74129
2021-06-21 09:56:28,4133.4,74145
2021-06-21 09:56:32,4136.05,74397
2021-06-21 09:56:36,4134.1,74429
2021-06-21 09:56:40,4136.1,74450
2021-06-21 09:56:43,4136.15,74473
2021-06-21 09:56:47,4136.1,74595
2021-06-21 09:56:51,4134.8,74615
2021-06-21 09:56:54,4136.0,74616
2021-06-21 09:56:55,4136.0,74616
2021-06-21 09:56:56,4136.0,74616
2021-06-21 09:56:57,4136.0,74616
2021-06-21 09:56:58,4136.75,74650
2021-06-21 09:56:58,4136.75,74650
2021-06-21 09:56:59,4136.75,74650
2021-06-21 09:57:00,4139.4,74851
2021-06-21 09:57:02,4137.75,74852
2021-06-21 09:57:04,4137.75,74862
2021-06-21 09:57:04,4137.75,74862
2021-06-21 09:57:05,4137.75,74862
2021-06-21 09:57:06,4137.75,74862
2021-06-21 09:57:07,4137.75,74862
2021-06-21 09:57:08,4137.75,74862
2021-06-21 09:57:09,4137.75,74862
2021-06-21 09:57:11,4138.15,74872
2021-06-21 09:57:11,4136.5,74882
2021-06-21 09:57:12,4136.5,74882
2021-06-21 09:57:13,4136.5,74882
2021-06-21 09:57:14,4136.5,74882
2021-06-21 09:57:15,4136.5,74882
2021-06-21 09:57:17,4138.0,74908
2021-06-21 09:57:18,4138.0,74908
2021-06-21 09:57:19,4138.0,74908
2021-06-21 09:57:20,4137.95,74910
2021-06-21 09:57:23,4138.15,74935
2021-06-21 09:57:24,4138.15,74935
2021-06-21 09:57:24,4138.15,74935
2021-06-21 09:57:26,4138.15,74935
2021-06-21 09:57:28,4139.35,74955
2021-06-21 09:57:29,4139.35,74955
2021-06-21 09:57:30,4139.35,74955
2021-06-21 09:57:31,4139.35,74955
2021-06-21 09:57:32,4139.35,74955
2021-06-21 09:57:33,4139.4,75166
2021-06-21 09:57:35,4139.4,75166
2021-06-21 09:57:36,4140.0,75209
2021-06-21 09:57:37,4140.0,75210
2021-06-21 09:57:38,4142.0,75243
2021-06-21 09:57:39,4139.7,75253
2021-06-21 09:57:40,4139.7,75253
2021-06-21 09:57:41,4139.7,75253
2021-06-21 09:57:42,4139.7,75253
2021-06-21 09:57:43,4139.7,75253
2021-06-21 09:57:44,4139.7,75253
2021-06-21 09:57:45,4140.0,75255
2021-06-21 09:57:46,4140.0,75255
2021-06-21 09:57:48,4141.85,75256
2021-06-21 09:57:50,4140.0,75325
2021-06-21 09:57:52,4140.0,75325
2021-06-21 09:57:53,4140.0,75325
2021-06-21 09:57:54,4140.4,75370
2021-06-21 09:57:55,4141.9,75372
2021-06-21 09:57:56,4141.9,75372
2021-06-21 09:57:57,4141.9,75372
2021-06-21 09:57:58,4141.9,75372
2021-06-21 09:57:58,4141.9,75372
2021-06-21 09:57:59,4140.0,75392
2021-06-21 09:58:00,4140.0,75392
2021-06-21 09:58:01,4140.0,75392
2021-06-21 09:58:02,4140.0,75392
2021-06-21 09:58:03,4140.0,75400
2021-06-21 09:58:04,4140.5,75440
2021-06-21 09:58:05,4140.0,75469
2021-06-21 09:58:07,4140.0,75469
2021-06-21 09:58:08,4140.0,75471
2021-06-21 09:58:09,4140.0,75579
2021-06-21 09:58:10,4140.0,75584
2021-06-21 09:58:12,4139.9,75585
2021-06-21 09:58:13,4139.9,75589
2021-06-21 09:58:14,4140.0,75591
2021-06-21 09:58:15,4139.9,75598
2021-06-21 09:58:16,4140.0,75603
2021-06-21 09:58:17,4140.0,75603
2021-06-21 09:58:19,4140.0,75874
2021-06-21 09:58:20,4140.0,75927
2021-06-21 09:58:21,4140.0,75927
2021-06-21 09:58:22,4140.0,75927
2021-06-21 09:58:23,4140.0,75947
2021-06-21 09:58:23,4147.0,79537
2021-06-21 09:58:25,4149.05,79655
2021-06-21 09:58:26,4149.05,79655
2021-06-21 09:58:27,4146.4,79764
2021-06-21 09:58:29,4151.5,80742
2021-06-21 09:58:30,4150.0,80856
2021-06-21 09:58:31,4150.0,80856
2021-06-21 09:58:33,4150.0,80885
2021-06-21 09:58:34,4151.5,80926
2021-06-21 09:58:34,4151.5,80926
2021-06-21 09:58:36,4150.0,80928
2021-06-21 09:58:36,4153.8,82285
2021-06-21 09:58:37,4153.0,82475
2021-06-21 09:58:38,4153.4,82558
2021-06-21 09:58:40,4156.0,83361
2021-06-21 09:58:42,4155.15,83392
2021-06-21 09:58:42,4155.15,83392
2021-06-21 09:58:43,4154.4,83597
2021-06-21 09:58:45,4155.9,83624
2021-06-21 09:58:45,4156.0,83842
2021-06-21 09:58:46,4154.0,83922
2021-06-21 09:58:47,4155.95,84013
2021-06-21 09:58:48,4156.0,84173
2021-06-21 09:58:49,4155.95,84183
2021-06-21 09:58:50,4155.45,84207
2021-06-21 09:58:51,4156.0,84309
2021-06-21 09:58:53,4156.0,84339
2021-06-21 09:58:54,4156.0,84339
2021-06-21 09:58:55,4154.0,84480
2021-06-21 09:58:56,4154.0,84480
2021-06-21 09:58:57,4156.0,85602
2021-06-21 09:58:59,4155.15,85605
2021-06-21 09:59:00,4154.8,85738
2021-06-21 09:59:01,4154.0,85763
2021-06-21 09:59:04,4155.6,85783
2021-06-21 09:59:06,4155.6,85783
2021-06-21 09:59:07,4155.4,85832
2021-06-21 09:59:08,4156.0,85932
2021-06-21 09:59:09,4156.0,85932
2021-06-21 09:59:10,4156.0,85975
2021-06-21 09:59:11,4155.95,86272
2021-06-21 09:59:11,4154.05,86287
2021-06-21 09:59:12,4155.9,86294
2021-06-21 09:59:13,4155.9,86294
2021-06-21 09:59:15,4156.0,86475
2021-06-21 09:59:16,4156.0,86481
2021-06-21 09:59:17,4156.0,86486
2021-06-21 09:59:19,4156.0,86711
2021-06-21 09:59:20,4154.0,86785
2021-06-21 09:59:21,4156.0,86796
2021-06-21 09:59:22,4156.0,86796
2021-06-21 09:59:23,4155.85,86797
2021-06-21 09:59:24,4155.85,86797
2021-06-21 09:59:25,4155.85,86798
2021-06-21 09:59:26,4155.85,86798
2021-06-21 09:59:27,4154.05,86846
2021-06-21 09:59:28,4154.05,86846
2021-06-21 09:59:29,4155.3,86848
2021-06-21 09:59:30,4153.15,86869
2021-06-21 09:59:31,4153.15,86869
2021-06-21 09:59:32,4153.15,86869
2021-06-21 09:59:33,4153.15,86869
2021-06-21 09:59:34,4153.15,86869
2021-06-21 09:59:36,4153.2,86894
2021-06-21 09:59:38,4153.2,86894
2021-06-21 09:59:39,4153.0,86899
2021-06-21 09:59:40,4153.0,86952
2021-06-21 09:59:41,4153.0,86954
2021-06-21 09:59:43,4153.0,86967
2021-06-21 09:59:44,4153.0,86967
2021-06-21 09:59:45,4153.0,86967
2021-06-21 09:59:46,4153.0,86977
2021-06-21 09:59:47,4151.7,86978
2021-06-21 09:59:48,4153.95,86979
2021-06-21 09:59:49,4153.0,86989
2021-06-21 09:59:50,4154.0,86990
2021-06-21 09:59:51,4154.0,86990
2021-06-21 09:59:52,4154.0,86990
2021-06-21 09:59:53,4153.0,87049
2021-06-21 09:59:54,4152.4,87104
2021-06-21 09:59:55,4150.35,87124
2021-06-21 09:59:56,4150.1,87129
2021-06-21 09:59:57,4150.2,87137
2021-06-21 09:59:58,4150.2,87137
2021-06-21 09:59:59,4150.2,87137
2021-06-21 10:00:01,4152.0,87140
2021-06-21 10:00:02,4150.2,87541
2021-06-21 10:00:03,4150.2,87541
2021-06-21 10:00:04,4150.2,87541
2021-06-21 10:00:05,4152.05,87572
2021-06-21 10:00:06,4150.0,87585
2021-06-21 10:00:07,4150.0,87585
2021-06-21 10:00:08,4152.1,87669
2021-06-21 10:00:10,4150.3,87718
2021-06-21 10:00:11,4152.0,87765
2021-06-21 10:00:12,4150.2,87788
2021-06-21 10:00:13,4150.2,87788
2021-06-21 10:00:14,4150.2,87788
2021-06-21 10:00:15,4150.2,87788
2021-06-21 10:00:16,4150.2,87788
2021-06-21 10:00:17,4151.0,87825
2021-06-21 10:00:18,4152.0,87830
2021-06-21 10:00:19,4150.1,87880
2021-06-21 10:00:20,4150.1,87894
2021-06-21 10:00:21,4152.0,87904
2021-06-21 10:00:22,4152.0,87905
2021-06-21 10:00:23,4152.0,87905
2021-06-21 10:00:24,4150.1,87906
2021-06-21 10:00:25,4151.95,87909
2021-06-21 10:00:26,4150.1,87914
2021-06-21 10:00:27,4151.95,87924
2021-06-21 10:00:28,4151.95,87924
2021-06-21 10:00:29,4152.0,88056
2021-06-21 10:00:30,4152.0,88123
2021-06-21 10:00:31,4152.0,88123
2021-06-21 10:00:32,4152.0,88123
2021-06-21 10:00:33,4153.0,88128
2021-06-21 10:00:34,4153.0,88128
2021-06-21 10:00:37,4153.0,88128
2021-06-21 10:00:38,4153.0,88129
2021-06-21 10:00:39,4150.8,88219
2021-06-21 10:00:40,4150.8,88219
2021-06-21 10:00:41,4150.8,88219
2021-06-21 10:00:42,4153.0,88220
2021-06-21 10:00:43,4153.0,88220
2021-06-21 10:00:44,4153.0,88220
2021-06-21 10:00:45,4151.4,88271
2021-06-21 10:00:46,4154.0,88511
2021-06-21 10:00:47,4154.45,88522
2021-06-21 10:00:48,4154.45,88522
2021-06-21 10:00:50,4154.45,88527
2021-06-21 10:00:51,4153.25,88594
2021-06-21 10:00:52,4154.0,88599
2021-06-21 10:00:53,4154.45,88602
2021-06-21 10:00:54,4154.45,88602
2021-06-21 10:00:55,4154.3,88624
2021-06-21 10:00:56,4154.3,88624
2021-06-21 10:00:57,4154.3,88624
2021-06-21 10:00:58,4154.3,88624
2021-06-21 10:00:59,4154.3,88624
2021-06-21 10:01:00,4155.0,88685
2021-06-21 10:01:01,4155.0,88685
2021-06-21 10:01:02,4153.25,88703
2021-06-21 10:01:04,4153.25,88734
2021-06-21 10:01:05,4153.25,88734
2021-06-21 10:01:06,4153.25,88734
2021-06-21 10:01:08,4153.25,88734
2021-06-21 10:01:09,4152.9,88736
2021-06-21 10:01:10,4152.9,88737
2021-06-21 10:01:11,4152.9,88737
2021-06-21 10:01:12,4153.75,88739
2021-06-21 10:01:13,4153.75,88739
2021-06-21 10:01:14,4153.65,88741
2021-06-21 10:01:15,4151.6,88947
2021-06-21 10:01:16,4154.05,89060
2021-06-21 10:01:17,4154.05,89060
2021-06-21 10:01:18,4154.05,89060
2021-06-21 10:01:19,4154.05,89063
2021-06-21 10:01:20,4153.7,89064
2021-06-21 10:01:21,4153.7,89064
2021-06-21 10:01:22,4151.45,89074
2021-06-21 10:01:23,4151.45,89074
2021-06-21 10:01:24,4153.3,89134
2021-06-21 10:01:25,4153.3,89134
2021-06-21 10:01:26,4153.3,89134
2021-06-21 10:01:27,4153.95,89138
2021-06-21 10:01:28,4153.95,89138
2021-06-21 10:01:29,4153.95,89138
2021-06-21 10:01:31,4153.95,89138
2021-06-21 10:01:32,4153.2,89145
2021-06-21 10:01:33,4153.2,89145
2021-06-21 10:01:34,4153.2,89145
2021-06-21 10:01:35,4153.2,89145
2021-06-21 10:01:36,4153.0,89167
2021-06-21 10:01:37,4153.0,89179
2021-06-21 10:01:38,4153.0,89179
2021-06-21 10:01:39,4152.85,89188
2021-06-21 10:01:40,4152.65,89194
2021-06-21 10:01:41,4152.5,89199
2021-06-21 10:01:42,4152.5,89199
2021-06-21 10:01:43,4153.4,89452
2021-06-21 10:01:44,4151.6,89602
2021-06-21 10:01:45,4153.9,89603
2021-06-21 10:01:46,4153.95,89613
2021-06-21 10:01:47,4153.95,89613
2021-06-21 10:01:48,4153.95,89613
2021-06-21 10:01:49,4153.95,89613
2021-06-21 10:01:50,4153.95,89613
2021-06-21 10:01:51,4152.25,89614
2021-06-21 10:01:52,4152.25,89614
2021-06-21 10:01:53,4153.95,89619
2021-06-21 10:01:55,4153.95,89619
2021-06-21 10:01:56,4151.8,89620
2021-06-21 10:01:56,4151.8,89620
2021-06-21 10:01:57,4151.8,89620
2021-06-21 10:01:58,4151.8,89620
2021-06-21 10:01:59,4151.8,89620
2021-06-21 10:02:00,4151.75,89647
2021-06-21 10:02:01,4151.75,89647
2021-06-21 10:02:03,4151.75,89674
2021-06-21 10:02:04,4152.4,89678
2021-06-21 10:02:06,4151.8,89683
2021-06-21 10:02:08,4151.1,89733
2021-06-21 10:02:10,4153.15,89738
2021-06-21 10:02:12,4153.15,89738
2021-06-21 10:02:13,4153.15,89738
2021-06-21 10:02:14,4153.4,89743
2021-06-21 10:02:14,4153.4,89743
2021-06-21 10:02:15,4153.4,89743
2021-06-21 10:02:16,4153.4,89743
2021-06-21 10:02:17,4153.4,89743
2021-06-21 10:02:18,4153.4,89743
2021-06-21 10:02:19,4152.0,89773
2021-06-21 10:02:21,4152.0,89773
2021-06-21 10:02:22,4152.0,89773
2021-06-21 10:02:23,4152.0,89773
2021-06-21 10:02:23,4151.4,89798
2021-06-21 10:02:25,4151.4,89798
2021-06-21 10:02:25,4151.4,89798
2021-06-21 10:02:26,4151.4,89798
2021-06-21 10:02:27,4153.35,89805
2021-06-21 10:02:28,4153.35,89805
2021-06-21 10:02:29,4153.35,89805
2021-06-21 10:02:30,4153.35,89805
2021-06-21 10:02:31,4151.55,89806
2021-06-21 10:02:32,4151.55,89806
2021-06-21 10:02:33,4151.55,89806
2021-06-21 10:02:35,4153.15,89807
2021-06-21 10:02:36,4153.15,89827
2021-06-21 10:02:36,4153.15,89827
2021-06-21 10:02:37,4151.5,89848
2021-06-21 10:02:38,4151.5,89848
2021-06-21 10:02:40,4151.5,89848
2021-06-21 10:02:42,4151.5,89848
2021-06-21 10:02:43,4153.15,89864
2021-06-21 10:02:44,4151.2,90407
2021-06-21 10:02:44,4151.2,90407
2021-06-21 10:02:45,4150.5,90410
2021-06-21 10:02:46,4150.5,90410
2021-06-21 10:02:47,4150.5,90410
2021-06-21 10:02:48,4150.5,90410
2021-06-21 10:02:49,4150.5,90410
2021-06-21 10:02:50,4152.6,90463
2021-06-21 10:02:51,4153.5,90555
2021-06-21 10:02:52,4153.5,90555
2021-06-21 10:02:53,4153.5,90555
2021-06-21 10:02:54,4153.5,90555
2021-06-21 10:02:55,4153.5,90555
2021-06-21 10:02:56,4153.5,90555
2021-06-21 10:02:57,4151.5,90557
2021-06-21 10:02:58,4151.5,90557
2021-06-21 10:02:59,4151.5,90558
2021-06-21 10:03:00,4151.5,90558
2021-06-21 10:03:01,4151.5,90568
2021-06-21 10:03:02,4151.7,90635
2021-06-21 10:03:04,4151.75,90640
2021-06-21 10:03:04,4151.75,90640
2021-06-21 10:03:05,4151.75,90640
2021-06-21 10:03:06,4151.75,90640
2021-06-21 10:03:07,4151.75,90640
2021-06-21 10:03:08,4151.75,90640
2021-06-21 10:03:09,4151.75,90640
2021-06-21 10:03:10,4151.75,90640
2021-06-21 10:03:11,4151.75,90640
2021-06-21 10:03:12,4151.75,90640
2021-06-21 10:03:13,4151.75,90640
2021-06-21 10:03:14,4151.75,90640
2021-06-21 10:03:15,4151.5,90641
2021-06-21 10:03:17,4151.5,90641
2021-06-21 10:03:17,4151.5,90641
2021-06-21 10:03:18,4151.75,90642
2021-06-21 10:03:19,4153.5,90667
2021-06-21 10:03:20,4153.5,90668
2021-06-21 10:03:21,4153.5,90668
2021-06-21 10:03:22,4153.5,90668
2021-06-21 10:03:23,4153.5,90668
2021-06-21 10:03:24,4153.5,90668
2021-06-21 10:03:25,4153.5,90668
2021-06-21 10:03:26,4153.5,90668
2021-06-21 10:03:27,4153.45,90678
2021-06-21 10:03:29,4153.45,90678
2021-06-21 10:03:29,4153.45,90678
2021-06-21 10:03:30,4153.45,90678
2021-06-21 10:03:31,4153.5,90753
2021-06-21 10:03:32,4152.65,90787
2021-06-21 10:03:33,4152.65,90787
2021-06-21 10:03:34,4152.65,90787
2021-06-21 10:03:35,4152.65,90787
2021-06-21 10:03:36,4152.8,90799
2021-06-21 10:03:38,4152.8,90799
2021-06-21 10:03:38,4152.8,90800
2021-06-21 10:03:39,4152.7,91100
2021-06-21 10:03:40,4152.7,91100
2021-06-21 10:03:41,4152.7,91100
2021-06-21 10:03:43,4152.7,91100
2021-06-21 10:03:44,4152.7,91100
2021-06-21 10:03:44,4152.7,91100
2021-06-21 10:03:45,4152.0,91108
2021-06-21 10:03:46,4152.0,91125
2021-06-21 10:03:47,4152.0,91125
2021-06-21 10:03:48,4152.0,91125
2021-06-21 10:03:49,4151.0,91127
2021-06-21 10:03:50,4151.0,91146
2021-06-21 10:03:51,4150.55,91173
2021-06-21 10:03:52,4152.0,91234
2021-06-21 10:03:53,4152.0,91234
2021-06-21 10:03:54,4152.0,91234
2021-06-21 10:03:55,4152.0,91235
2021-06-21 10:03:56,4152.4,91236
2021-06-21 10:03:57,4152.4,91236
2021-06-21 10:03:58,4152.75,91287
2021-06-21 10:03:59,4152.75,91287
2021-06-21 10:04:00,4152.75,91287
2021-06-21 10:04:01,4152.75,91287
2021-06-21 10:04:02,4152.75,91287
2021-06-21 10:04:04,4152.5,91288
2021-06-21 10:04:05,4152.5,91290
2021-06-21 10:04:06,4152.5,91290
2021-06-21 10:04:06,4152.9,91306
2021-06-21 10:04:07,4152.9,91306
2021-06-21 10:04:08,4152.85,91313
2021-06-21 10:04:09,4152.85,91313
2021-06-21 10:04:10,4152.85,91313
2021-06-21 10:04:12,4152.85,91313
2021-06-21 10:04:13,4152.85,91313
2021-06-21 10:04:14,4151.0,91424
2021-06-21 10:04:15,4152.0,91434
2021-06-21 10:04:16,4152.0,91434
2021-06-21 10:04:17,4152.0,91434
2021-06-21 10:04:18,4152.0,91434
2021-06-21 10:04:19,4151.0,91435
2021-06-21 10:04:20,4151.0,91435
2021-06-21 10:04:21,4151.0,91440
2021-06-21 10:04:21,4151.0,91442
2021-06-21 10:04:22,4151.0,91442
2021-06-21 10:04:23,4151.0,91442
2021-06-21 10:04:24,4151.0,91442
2021-06-21 10:04:25,4150.55,91451
2021-06-21 10:04:26,4150.5,91452
2021-06-21 10:04:27,4151.0,91462
2021-06-21 10:04:29,4150.5,91465
2021-06-21 10:04:30,4150.5,91465
2021-06-21 10:04:30,4150.5,91465
2021-06-21 10:04:31,4150.5,91465
2021-06-21 10:04:32,4150.5,91465
2021-06-21 10:04:33,4150.5,91465
2021-06-21 10:04:34,4150.5,91491
2021-06-21 10:04:35,4150.7,91496
2021-06-21 10:04:36,4150.1,91500
2021-06-21 10:04:37,4150.1,91500
2021-06-21 10:04:38,4150.1,91500
2021-06-21 10:04:40,4150.1,91500
2021-06-21 10:04:41,4150.4,91504
2021-06-21 10:04:42,4150.0,92007
2021-06-21 10:04:42,4150.0,92007
2021-06-21 10:04:43,4150.4,92008
2021-06-21 10:04:44,4150.0,92037
2021-06-21 10:04:45,4150.0,92117
2021-06-21 10:04:46,4150.0,92117
2021-06-21 10:04:47,4150.1,92137
2021-06-21 10:04:48,4150.0,92138
2021-06-21 10:04:50,4150.0,92762
2021-06-21 10:04:50,4150.0,92762
2021-06-21 10:04:51,4150.0,92762
2021-06-21 10:04:52,4150.0,92762
2021-06-21 10:04:53,4147.6,92802
2021-06-21 10:04:54,4147.6,92802
2021-06-21 10:04:55,4147.05,92874
2021-06-21 10:04:56,4148.45,92875
2021-06-21 10:04:57,4148.45,92879
2021-06-21 10:04:58,4148.35,92914
2021-06-21 10:05:01,4146.9,92919
2021-06-21 10:05:02,4146.9,92996
2021-06-21 10:05:03,4148.75,93236
2021-06-21 10:05:04,4148.75,93236
2021-06-21 10:05:05,4148.75,93236
2021-06-21 10:05:05,4148.75,93236
2021-06-21 10:05:06,4150.0,93237
2021-06-21 10:05:07,4150.0,93392
2021-06-21 10:05:08,4150.0,93454
2021-06-21 10:05:09,4150.0,93454
2021-06-21 10:05:10,4150.1,93473
2021-06-21 10:05:11,4150.4,93483
2021-06-21 10:05:12,4150.4,93483
2021-06-21 10:05:13,4150.4,93483
2021-06-21 10:05:14,4151.0,93508
2021-06-21 10:05:15,4151.0,93508
2021-06-21 10:05:17,4151.0,93578
2021-06-21 10:05:18,4151.0,93578
2021-06-21 10:05:19,4151.0,93578
2021-06-21 10:05:20,4151.0,93578
2021-06-21 10:05:21,4151.0,93578
2021-06-21 10:05:22,4150.0,93595
2021-06-21 10:05:22,4150.0,93595
2021-06-21 10:05:23,4150.0,93595
2021-06-21 10:05:24,4150.0,93595
2021-06-21 10:05:25,4151.0,93616
2021-06-21 10:05:26,4151.0,93616
2021-06-21 10:05:28,4150.1,93619
2021-06-21 10:05:29,4150.1,93619
2021-06-21 10:05:30,4150.0,93639
2021-06-21 10:05:32,4151.0,93650
2021-06-21 10:05:33,4152.0,93710
2021-06-21 10:05:33,4152.0,93710
2021-06-21 10:05:34,4152.0,93710
2021-06-21 10:05:36,4152.0,93710
2021-06-21 10:05:38,4151.8,93716
2021-06-21 10:05:38,4151.8,93716
2021-06-21 10:05:39,4151.8,93716
2021-06-21 10:05:40,4151.8,93716
2021-06-21 10:05:41,4150.4,93747
2021-06-21 10:05:42,4150.4,93747
2021-06-21 10:05:43,4150.4,93755
2021-06-21 10:05:44,4150.4,93790
2021-06-21 10:05:45,4150.4,93790
2021-06-21 10:05:46,4150.4,93790
2021-06-21 10:05:47,4150.4,93790
2021-06-21 10:05:49,4150.4,93790
2021-06-21 10:05:50,4150.0,93796
2021-06-21 10:05:51,4150.0,93796
2021-06-21 10:05:52,4150.0,93796
2021-06-21 10:05:52,4150.0,93796
2021-06-21 10:05:53,4150.0,93796
2021-06-21 10:05:54,4150.8,93914
2021-06-21 10:05:55,4150.2,93932
2021-06-21 10:05:56,4150.8,93934
2021-06-21 10:05:57,4150.0,94016
2021-06-21 10:05:58,4150.0,94072
2021-06-21 10:05:59,4150.0,94072
2021-06-21 10:06:01,4150.0,94072
2021-06-21 10:06:02,4151.85,94097
2021-06-21 10:06:03,4151.85,94097
2021-06-21 10:06:04,4151.85,94097
2021-06-21 10:06:05,4151.85,94098
2021-06-21 10:06:08,4151.85,94109
2021-06-21 10:06:09,4151.0,94110
2021-06-21 10:06:10,4152.0,94157
2021-06-21 10:06:12,4152.0,94161
2021-06-21 10:06:13,4152.0,94161
2021-06-21 10:06:14,4152.0,94161
2021-06-21 10:06:15,4151.3,94186
2021-06-21 10:06:16,4151.3,94186
2021-06-21 10:06:17,4151.3,94186
2021-06-21 10:06:18,4151.3,94186
2021-06-21 10:06:19,4151.3,94186
2021-06-21 10:06:20,4151.85,94187
2021-06-21 10:06:22,4153.0,94201
2021-06-21 10:06:23,4151.85,94211
2021-06-21 10:06:25,4151.85,94211
2021-06-21 10:06:26,4151.0,94212
2021-06-21 10:06:27,4151.0,94212
2021-06-21 10:06:28,4151.0,94226
2021-06-21 10:06:28,4151.0,94226
2021-06-21 10:06:29,4153.8,94298
2021-06-21 10:06:30,4152.25,94303
2021-06-21 10:06:31,4152.25,94304
2021-06-21 10:06:32,4152.25,94305
2021-06-21 10:06:33,4152.25,94305
2021-06-21 10:06:35,4152.25,94305
2021-06-21 10:06:36,4152.25,94305
2021-06-21 10:06:36,4152.25,94305
2021-06-21 10:06:37,4152.25,94305
2021-06-21 10:06:38,4152.25,94305
2021-06-21 10:06:39,4152.75,94315
2021-06-21 10:06:40,4152.75,94315
2021-06-21 10:06:42,4152.75,94315
2021-06-21 10:06:43,4152.75,94315
2021-06-21 10:06:44,4152.25,94316
2021-06-21 10:06:45,4152.25,94316
2021-06-21 10:06:47,4153.15,94341
2021-06-21 10:06:48,4153.15,94341
2021-06-21 10:06:49,4152.0,94366
2021-06-21 10:06:49,4152.0,94366
2021-06-21 10:06:50,4152.0,94366
2021-06-21 10:06:51,4152.0,94366
2021-06-21 10:06:52,4154.0,94459
2021-06-21 10:06:54,4151.6,94480
2021-06-21 10:06:55,4151.6,94480
2021-06-21 10:06:56,4150.4,94506
2021-06-21 10:06:57,4152.0,94516
2021-06-21 10:06:57,4152.0,94516
2021-06-21 10:06:58,4152.0,94520
2021-06-21 10:06:59,4152.0,94538
2021-06-21 10:07:00,4152.0,94588
2021-06-21 10:07:02,4152.0,94588
2021-06-21 10:07:03,4152.0,94588
2021-06-21 10:07:04,4152.0,94590
2021-06-21 10:07:05,4152.4,94605
2021-06-21 10:07:05,4152.4,94605
2021-06-21 10:07:06,4152.4,94605
2021-06-21 10:07:07,4152.0,94607
2021-06-21 10:07:08,4152.0,94607
2021-06-21 10:07:09,4152.0,94607
2021-06-21 10:07:11,4152.0,94607
2021-06-21 10:07:12,4152.2,94609
2021-06-21 10:07:13,4152.2,94609
2021-06-21 10:07:13,4152.0,94640
2021-06-21 10:07:14,4152.0,94645
2021-06-21 10:07:15,4152.0,94645
2021-06-21 10:07:16,4152.0,94648
2021-06-21 10:07:17,4152.0,94648
2021-06-21 10:07:18,4152.55,94659
2021-06-21 10:07:19,4152.55,94659
2021-06-21 10:07:20,4152.55,94659
2021-06-21 10:07:22,4152.35,94664
2021-06-21 10:07:23,4152.35,94664
2021-06-21 10:07:24,4152.35,94664
2021-06-21 10:07:25,4152.35,94664
2021-06-21 10:07:26,4152.35,94664
2021-06-21 10:07:27,4152.35,94664
2021-06-21 10:07:28,4152.35,94664
2021-06-21 10:07:29,4152.35,94664
2021-06-21 10:07:31,4152.35,94664
2021-06-21 10:07:32,4152.35,94664
2021-06-21 10:07:33,4152.35,94680
2021-06-21 10:07:33,4152.35,94680
2021-06-21 10:07:34,4152.35,94685
2021-06-21 10:07:35,4152.3,94688
2021-06-21 10:07:36,4152.3,94688
2021-06-21 10:07:37,4152.3,94688
2021-06-21 10:07:39,4152.3,94714
2021-06-21 10:07:40,4152.3,94714
2021-06-21 10:07:41,4152.35,94726
2021-06-21 10:07:42,4152.35,94727
2021-06-21 10:07:42,4152.65,94741
2021-06-21 10:07:43,4153.75,94769
2021-06-21 10:07:44,4153.75,94769
2021-06-21 10:07:45,4153.75,94769
2021-06-21 10:07:46,4153.75,94769
2021-06-21 10:07:47,4153.75,94769
2021-06-21 10:07:48,4153.75,94769
2021-06-21 10:07:49,4153.75,94769
2021-06-21 10:07:50,4153.75,94769
2021-06-21 10:07:52,4153.75,94769
2021-06-21 10:07:53,4153.7,94779
2021-06-21 10:07:54,4153.7,94779
2021-06-21 10:07:55,4152.4,94783
2021-06-21 10:07:56,4154.4,94844
2021-06-21 10:07:57,4152.65,94845
2021-06-21 10:07:58,4152.65,94845
2021-06-21 10:07:59,4152.65,94845
2021-06-21 10:08:00,4152.65,94845
2021-06-21 10:08:01,4152.65,94845
2021-06-21 10:08:02,4152.65,94845
2021-06-21 10:08:03,4152.65,94845
2021-06-21 10:08:04,4152.65,94845
2021-06-21 10:08:05,4154.95,94920
2021-06-21 10:08:07,4154.95,94920
2021-06-21 10:08:08,4154.95,94924
2021-06-21 10:08:09,4154.95,94924
2021-06-21 10:08:10,4154.95,94924
2021-06-21 10:08:11,4153.2,94926
2021-06-21 10:08:12,4153.2,94926
2021-06-21 10:08:12,4153.2,94926
2021-06-21 10:08:13,4153.2,94926
2021-06-21 10:08:14,4153.2,94928
2021-06-21 10:08:16,4153.2,94928
2021-06-21 10:08:17,4155.0,94958
2021-06-21 10:08:18,4153.25,94959
2021-06-21 10:08:19,4153.25,94959
2021-06-21 10:08:19,4153.25,94959
2021-06-21 10:08:21,4153.2,95039
2021-06-21 10:08:22,4155.0,95064
2021-06-21 10:08:23,4155.0,95082
2021-06-21 10:08:24,4155.0,95083
2021-06-21 10:08:24,4155.0,95083
2021-06-21 10:08:26,4153.2,95133
2021-06-21 10:08:27,4153.2,95133
2021-06-21 10:08:28,4153.2,95133
2021-06-21 10:08:30,4153.2,95140
2021-06-21 10:08:31,4153.1,95142
2021-06-21 10:08:32,4153.1,95142
2021-06-21 10:08:33,4155.0,95147
2021-06-21 10:08:34,4155.0,95147
2021-06-21 10:08:35,4153.1,95156
2021-06-21 10:08:36,4153.1,95156
2021-06-21 10:08:37,4155.0,95157
2021-06-21 10:08:37,4155.0,95157
2021-06-21 10:08:39,4155.0,95182
2021-06-21 10:08:40,4154.0,95191
2021-06-21 10:08:41,4154.0,95191
2021-06-21 10:08:42,4153.2,95262
2021-06-21 10:08:43,4153.2,95262
2021-06-21 10:08:44,4154.0,95265
2021-06-21 10:08:45,4154.0,95266
2021-06-21 10:08:46,4153.1,95296
2021-06-21 10:08:47,4154.0,95304
2021-06-21 10:08:48,4154.0,95304
2021-06-21 10:08:49,4154.0,95304
2021-06-21 10:08:50,4154.0,95304
2021-06-21 10:08:50,4154.0,95304
2021-06-21 10:08:52,4155.0,95309
2021-06-21 10:08:53,4154.0,95352
2021-06-21 10:08:54,4153.0,95354
2021-06-21 10:08:55,4153.0,95354
2021-06-21 10:08:56,4154.0,95456
2021-06-21 10:08:56,4153.0,95457
2021-06-21 10:08:58,4154.0,95491
2021-06-21 10:08:59,4154.0,95491
2021-06-21 10:09:00,4154.0,95491
2021-06-21 10:09:01,4155.0,95511
2021-06-21 10:09:02,4155.0,95511
2021-06-21 10:09:02,4153.1,95531
2021-06-21 10:09:04,4153.0,95533
2021-06-21 10:09:05,4152.5,95543
2021-06-21 10:09:06,4152.5,95543
2021-06-21 10:09:07,4152.5,95543
2021-06-21 10:09:08,4152.5,95543
2021-06-21 10:09:09,4152.5,95543
2021-06-21 10:09:10,4152.5,95543
2021-06-21 10:09:10,4152.5,95543
2021-06-21 10:09:11,4152.5,95543
2021-06-21 10:09:13,4152.5,95543
2021-06-21 10:09:14,4154.0,95580
2021-06-21 10:09:15,4153.95,95582
2021-06-21 10:09:16,4153.95,95582
2021-06-21 10:09:17,4153.95,95582
2021-06-21 10:09:18,4153.95,95583
2021-06-21 10:09:19,4154.0,95611
2021-06-21 10:09:20,4154.0,95611
2021-06-21 10:09:22,4153.95,95614
2021-06-21 10:09:23,4153.95,95614
2021-06-21 10:09:24,4153.95,95614
2021-06-21 10:09:25,4153.95,95615
2021-06-21 10:09:25,4153.95,95615
2021-06-21 10:09:26,4153.95,95615
2021-06-21 10:09:27,4153.95,95615
2021-06-21 10:09:29,4153.2,95620
2021-06-21 10:09:30,4154.0,95625
2021-06-21 10:09:31,4154.0,95625
2021-06-21 10:09:32,4154.0,95625
2021-06-21 10:09:33,4154.0,95770
2021-06-21 10:09:34,4154.35,95803
2021-06-21 10:09:35,4154.0,95815
2021-06-21 10:09:36,4152.4,95816
2021-06-21 10:09:37,4152.4,95816
2021-06-21 10:09:37,4152.4,95816
2021-06-21 10:09:38,4152.4,95816
2021-06-21 10:09:40,4152.4,95816
2021-06-21 10:09:41,4152.4,95816
2021-06-21 10:09:42,4152.4,95816
2021-06-21 10:09:43,4152.4,95816
2021-06-21 10:09:44,4152.4,95816
2021-06-21 10:09:45,4152.4,95816
2021-06-21 10:09:46,4152.4,95816
2021-06-21 10:09:46,4152.4,95816
2021-06-21 10:09:49,4153.9,95817
2021-06-21 10:09:50,4153.9,95848
2021-06-21 10:09:51,4153.9,95848
2021-06-21 10:09:52,4155.0,95873
2021-06-21 10:09:53,4155.0,95873
2021-06-21 10:09:54,4155.0,95873
2021-06-21 10:09:54,4155.0,95873
2021-06-21 10:09:55,4155.0,95873
2021-06-21 10:09:57,4155.0,95877
2021-06-21 10:09:58,4155.35,96128
2021-06-21 10:09:59,4158.1,96793
2021-06-21 10:10:00,4158.0,96801
2021-06-21 10:10:01,4159.9,96852
2021-06-21 10:10:01,4159.9,96892
2021-06-21 10:10:03,4162.4,97828
2021-06-21 10:10:04,4162.2,97878
2021-06-21 10:10:05,4162.2,97878
2021-06-21 10:10:07,4162.2,97878
2021-06-21 10:10:08,4162.2,97878
2021-06-21 10:10:09,4162.0,97881
2021-06-21 10:10:10,4162.0,97913
2021-06-21 10:10:11,4161.95,97916
2021-06-21 10:10:12,4162.0,97926
2021-06-21 10:10:12,4162.0,97926
2021-06-21 10:10:13,4159.65,97943
2021-06-21 10:10:15,4160.0,98025
2021-06-21 10:10:16,4162.8,98087
2021-06-21 10:10:17,4163.45,98127
2021-06-21 10:10:19,4163.75,98188
2021-06-21 10:10:20,4164.85,98214
2021-06-21 10:10:21,4164.9,98374
2021-06-21 10:10:22,4164.9,98374
2021-06-21 10:10:23,4164.9,98374
2021-06-21 10:10:24,4164.9,98426
2021-06-21 10:10:25,4164.9,98426
2021-06-21 10:10:27,4164.9,98426
2021-06-21 10:10:28,4164.9,98426
2021-06-21 10:10:29,4164.9,98426
2021-06-21 10:10:30,4164.9,98426
2021-06-21 10:10:31,4164.9,98426
2021-06-21 10:10:32,4165.0,98476
2021-06-21 10:10:33,4164.3,98486
2021-06-21 10:10:34,4162.5,98489
2021-06-21 10:10:35,4162.5,98489
2021-06-21 10:10:36,4162.5,98489
2021-06-21 10:10:37,4163.25,98490
2021-06-21 10:10:38,4164.35,98494
2021-06-21 10:10:39,4164.4,98499
2021-06-21 10:10:40,4164.4,98499
2021-06-21 10:10:41,4164.4,98499
2021-06-21 10:10:42,4164.4,98499
2021-06-21 10:10:43,4164.4,98499
2021-06-21 10:10:44,4164.4,98506
2021-06-21 10:10:45,4166.0,98606
2021-06-21 10:10:46,4166.0,98606
2021-06-21 10:10:47,4164.4,98716
2021-06-21 10:10:48,4162.9,98766
2021-06-21 10:10:49,4162.9,98766
2021-06-21 10:10:50,4164.5,98799
2021-06-21 10:10:51,4163.25,98800
2021-06-21 10:10:52,4163.25,98800
2021-06-21 10:10:53,4164.4,98900
2021-06-21 10:10:54,4164.3,98901
2021-06-21 10:10:55,4164.3,98901
2021-06-21 10:10:56,4164.5,98913
2021-06-21 10:10:57,4164.3,98920
2021-06-21 10:10:58,4164.3,98926
2021-06-21 10:10:59,4164.5,98989
2021-06-21 10:11:00,4163.25,98990
2021-06-21 10:11:01,4163.25,98990
2021-06-21 10:11:03,4164.5,99024
2021-06-21 10:11:04,4165.0,99027
2021-06-21 10:11:05,4163.25,99028
2021-06-21 10:11:06,4163.25,99028
2021-06-21 10:11:07,4162.65,99053
2021-06-21 10:11:08,4162.5,99064
2021-06-21 10:11:09,4163.0,99088
2021-06-21 10:11:10,4161.3,99090
2021-06-21 10:11:13,4163.0,99093
2021-06-21 10:11:14,4161.0,99123
2021-06-21 10:11:15,4161.0,99123
2021-06-21 10:11:16,4161.0,99123
2021-06-21 10:11:17,4161.0,99123
2021-06-21 10:11:18,4162.0,99125
2021-06-21 10:11:19,4162.0,99125
2021-06-21 10:11:20,4160.4,99151
2021-06-21 10:11:21,4160.15,99152
2021-06-21 10:11:22,4158.2,99413
2021-06-21 10:11:23,4158.2,99413
2021-06-21 10:11:24,4160.15,99414
2021-06-21 10:11:25,4158.0,99416
2021-06-21 10:11:26,4158.0,99416
2021-06-21 10:11:28,4158.0,99416
2021-06-21 10:11:29,4158.05,99431
2021-06-21 10:11:30,4158.05,99431
2021-06-21 10:11:31,4158.0,99531
2021-06-21 10:11:32,4159.5,99541
2021-06-21 10:11:33,4159.5,99541
2021-06-21 10:11:34,4159.5,99541
2021-06-21 10:11:36,4158.5,99574
2021-06-21 10:11:37,4158.5,99574
2021-06-21 10:11:38,4158.5,99574
2021-06-21 10:11:39,4158.05,99579
2021-06-21 10:11:40,4158.05,99579
2021-06-21 10:11:41,4158.05,99579
2021-06-21 10:11:42,4158.5,99604
2021-06-21 10:11:43,4158.5,99604
2021-06-21 10:11:44,4158.5,99604
2021-06-21 10:11:45,4158.5,99604
2021-06-21 10:11:46,4159.85,99614
2021-06-21 10:11:47,4159.85,99614
2021-06-21 10:11:48,4160.0,99789
2021-06-21 10:11:49,4160.0,99790
2021-06-21 10:11:50,4160.0,99820
2021-06-21 10:11:51,4158.8,99822
2021-06-21 10:11:52,4158.8,99822
2021-06-21 10:11:53,4160.0,99824
2021-06-21 10:11:54,4160.0,99824
2021-06-21 10:11:55,4160.0,99825
2021-06-21 10:11:56,4160.0,99825
2021-06-21 10:11:57,4160.0,99825
2021-06-21 10:11:58,4160.0,99885
2021-06-21 10:11:59,4159.0,99886
2021-06-21 10:12:00,4159.0,99886
2021-06-21 10:12:01,4159.0,99886
2021-06-21 10:12:02,4159.0,99886
2021-06-21 10:12:03,4159.8,99895
2021-06-21 10:12:04,4159.8,99898
2021-06-21 10:12:05,4159.8,99898
2021-06-21 10:12:06,4159.8,99898
2021-06-21 10:12:07,4159.8,99898
2021-06-21 10:12:08,4157.05,99900
2021-06-21 10:12:09,4157.05,99900
2021-06-21 10:12:10,4156.85,99971
2021-06-21 10:12:11,4156.85,99971
2021-06-21 10:12:12,4156.85,99971
2021-06-21 10:12:13,4156.3,99984
2021-06-21 10:12:14,4156.3,99984
2021-06-21 10:12:15,4157.95,100050
2021-06-21 10:12:16,4157.95,100050
2021-06-21 10:12:17,4157.95,100050
2021-06-21 10:12:18,4157.95,100051
2021-06-21 10:12:19,4158.35,100113
2021-06-21 10:12:20,4157.55,100118
2021-06-21 10:12:21,4157.55,100118
2021-06-21 10:12:22,4157.85,100226
2021-06-21 10:12:23,4156.35,100227
2021-06-21 10:12:24,4156.35,100227
2021-06-21 10:12:25,4156.35,100227
2021-06-21 10:12:26,4156.35,100227
2021-06-21 10:12:27,4156.35,100227
2021-06-21 10:12:28,4156.35,100227
2021-06-21 10:12:29,4158.0,100231
2021-06-21 10:12:30,4156.15,100233
2021-06-21 10:12:31,4158.0,100238
2021-06-21 10:12:32,4158.0,100238
2021-06-21 10:12:33,4158.0,100239
2021-06-21 10:12:34,4158.0,100239
2021-06-21 10:12:35,4156.25,100253
2021-06-21 10:12:36,4156.15,100264
2021-06-21 10:12:37,4156.15,100294
2021-06-21 10:12:38,4156.0,100296
2021-06-21 10:12:40,4156.0,100302
2021-06-21 10:12:40,4156.0,100302
2021-06-21 10:12:41,4156.0,100302
2021-06-21 10:12:42,4156.1,100332
2021-06-21 10:12:43,4156.1,100332
2021-06-21 10:12:44,4156.0,100356
2021-06-21 10:12:45,4156.0,100356
2021-06-21 10:12:46,4155.0,100406
2021-06-21 10:12:47,4155.0,100406
2021-06-21 10:12:48,4155.0,100406
2021-06-21 10:12:49,4155.0,100422
2021-06-21 10:12:50,4156.15,100522
2021-06-21 10:12:51,4154.8,100540
2021-06-21 10:12:53,4154.8,100540
2021-06-21 10:12:54,4153.9,100541
2021-06-21 10:12:55,4153.9,100541
2021-06-21 10:12:56,4153.9,100541
2021-06-21 10:12:57,4153.9,100541
2021-06-21 10:12:59,4153.9,100541
2021-06-21 10:12:59,4153.9,100541
2021-06-21 10:13:00,4153.9,100541
2021-06-21 10:13:01,4153.9,100541
2021-06-21 10:13:02,4153.9,100541
2021-06-21 10:13:03,4154.8,100542
2021-06-21 10:13:04,4153.95,100582
2021-06-21 10:13:05,4154.35,100609
2021-06-21 10:13:06,4154.35,100609
2021-06-21 10:13:08,4154.35,100609
2021-06-21 10:13:08,4154.2,100611
2021-06-21 10:13:09,4154.2,100614
2021-06-21 10:13:10,4154.2,100614
2021-06-21 10:13:11,4154.2,100614
2021-06-21 10:13:12,4154.2,100614
2021-06-21 10:13:13,4154.2,100614
2021-06-21 10:13:14,4154.0,100616
2021-06-21 10:13:16,4154.0,100616
2021-06-21 10:13:17,4154.0,100616
2021-06-21 10:13:17,4154.0,100616
2021-06-21 10:13:18,4153.9,100619
2021-06-21 10:13:19,4153.9,100619
2021-06-21 10:13:20,4151.6,100770
2021-06-21 10:13:22,4151.3,100777
2021-06-21 10:13:22,4151.3,100777
2021-06-21 10:13:23,4151.3,100777
2021-06-21 10:13:24,4151.3,100779
2021-06-21 10:13:25,4151.3,100792
2021-06-21 10:13:28,4152.7,100803
2021-06-21 10:13:29,4152.7,100803
2021-06-21 10:13:30,4152.7,100823
2021-06-21 10:13:31,4152.7,100823
2021-06-21 10:13:32,4152.7,100824
2021-06-21 10:13:34,4151.3,100826
2021-06-21 10:13:34,4151.3,100826
2021-06-21 10:13:35,4151.5,100859
2021-06-21 10:13:36,4152.0,100860
2021-06-21 10:13:37,4152.0,100860
2021-06-21 10:13:38,4151.35,100861
2021-06-21 10:13:39,4151.65,100870
2021-06-21 10:13:40,4150.75,101002
2021-06-21 10:13:43,4151.8,101269
2021-06-21 10:13:44,4151.8,101269
2021-06-21 10:13:46,4151.8,101269
2021-06-21 10:13:47,4151.8,101270
2021-06-21 10:13:48,4150.55,101356
2021-06-21 10:13:48,4150.55,101360
2021-06-21 10:13:49,4151.0,101477
2021-06-21 10:13:50,4150.0,101572
2021-06-21 10:13:51,4151.0,101595
2021-06-21 10:13:52,4151.0,101595
2021-06-21 10:13:53,4152.55,101895
2021-06-21 10:13:54,4152.55,101895
2021-06-21 10:13:55,4150.05,101896
2021-06-21 10:13:57,4152.2,101899
2021-06-21 10:13:57,4152.2,101899
2021-06-21 10:13:58,4152.55,101900
2021-06-21 10:14:00,4152.55,101900
2021-06-21 10:14:00,4152.55,101900
2021-06-21 10:14:02,4152.55,101900
2021-06-21 10:14:02,4152.55,101900
2021-06-21 10:14:03,4152.55,101900
2021-06-21 10:14:04,4150.6,101901
2021-06-21 10:14:05,4150.6,101938
2021-06-21 10:14:06,4150.6,101938
2021-06-21 10:14:07,4150.95,101946
2021-06-21 10:14:08,4150.9,101952
2021-06-21 10:14:10,4150.95,101967
2021-06-21 10:14:11,4152.55,102067
2021-06-21 10:14:12,4152.55,102067
2021-06-21 10:14:13,4152.55,102067
2021-06-21 10:14:14,4152.5,102071
2021-06-21 10:14:17,4152.5,102071
2021-06-21 10:14:18,4152.5,102071
2021-06-21 10:14:19,4152.5,102071
2021-06-21 10:14:21,4150.95,102088
