timestamp,ltp,volume
2021-06-21 09:16:41,533.5,266867
2021-06-21 09:16:42,533.55,267319
2021-06-21 09:16:43,533.5,267591
2021-06-21 09:16:44,533.6,268156
2021-06-21 09:16:45,533.6,268520
2021-06-21 09:16:45,533.6,268520
2021-06-21 09:16:47,533.55,269514
2021-06-21 09:16:48,533.5,271298
2021-06-21 09:16:51,533.15,272118
2021-06-21 09:16:53,533.2,272675
2021-06-21 09:16:54,533.2,273170
2021-06-21 09:16:57,533.55,279006
2021-06-21 09:16:58,533.5,290799
2021-06-21 09:17:00,533.8,291456
2021-06-21 09:17:01,533.85,291673
2021-06-21 09:17:02,533.75,291678
2021-06-21 09:17:03,534.2,297033
2021-06-21 09:17:04,534.0,297979
2021-06-21 09:17:05,534.25,298096
2021-06-21 09:17:07,534.2,298735
2021-06-21 09:17:09,533.65,303785
2021-06-21 09:17:11,533.95,304820
2021-06-21 09:17:12,533.65,304880
2021-06-21 09:17:13,533.95,305023
2021-06-21 09:17:16,533.95,306721
2021-06-21 09:17:15,533.95,306721
2021-06-21 09:17:17,533.95,306825
2021-06-21 09:17:18,533.95,307545
2021-06-21 09:17:19,534.3,307745
2021-06-21 09:17:20,534.35,308199
2021-06-21 09:17:21,534.3,308340
2021-06-21 09:17:22,534.1,308591
2021-06-21 09:17:23,534.25,308697
2021-06-21 09:17:24,534.8,311115
2021-06-21 09:17:25,534.55,311387
2021-06-21 09:17:26,534.55,311387
2021-06-21 09:17:27,534.55,311387
2021-06-21 09:17:28,534.85,311620
2021-06-21 09:17:29,534.6,311827
2021-06-21 09:17:30,534.85,311837
2021-06-21 09:17:31,534.85,311903
2021-06-21 09:17:32,534.9,312227
2021-06-21 09:17:33,534.9,312359
2021-06-21 09:17:34,534.95,312459
2021-06-21 09:17:35,534.95,312649
2021-06-21 09:17:36,535.0,313509
2021-06-21 09:17:37,535.1,320768
2021-06-21 09:17:38,535.1,320945
2021-06-21 09:17:39,535.2,321096
2021-06-21 09:17:40,535.25,321193
2021-06-21 09:17:41,534.95,321817
2021-06-21 09:17:42,535.2,321934
2021-06-21 09:17:43,535.25,322471
2021-06-21 09:17:44,534.9,322572
2021-06-21 09:17:45,535.15,324249
2021-06-21 09:17:46,535.15,324259
2021-06-21 09:17:47,535.0,324309
2021-06-21 09:17:48,535.15,324387
2021-06-21 09:17:49,535.25,324715
2021-06-21 09:17:50,535.0,324770
2021-06-21 09:17:51,535.25,324780
2021-06-21 09:17:52,535.4,325803
2021-06-21 09:17:53,535.25,325892
2021-06-21 09:17:54,535.1,325967
2021-06-21 09:17:55,534.9,329577
2021-06-21 09:17:56,535.0,330027
2021-06-21 09:17:57,535.0,330995
2021-06-21 09:17:58,535.2,332598
2021-06-21 09:17:59,535.2,333243
2021-06-21 09:18:00,535.0,333299
2021-06-21 09:18:01,535.05,333584
2021-06-21 09:18:02,535.1,333734
2021-06-21 09:18:03,535.1,333734
2021-06-21 09:18:04,535.05,334544
2021-06-21 09:18:05,535.3,334714
2021-06-21 09:18:06,535.35,334927
2021-06-21 09:18:07,535.0,335046
2021-06-21 09:18:08,535.05,335734
2021-06-21 09:18:09,535.2,335737
2021-06-21 09:18:10,535.2,335737
2021-06-21 09:18:11,535.15,336144
2021-06-21 09:18:12,535.4,336241
2021-06-21 09:18:13,535.55,337554
2021-06-21 09:18:14,535.5,337584
2021-06-21 09:18:15,535.2,338449
2021-06-21 09:18:16,535.5,338529
2021-06-21 09:18:17,535.3,338627
2021-06-21 09:18:18,535.3,338637
2021-06-21 09:18:19,535.2,338642
2021-06-21 09:18:20,535.3,338672
2021-06-21 09:18:21,535.4,338873
2021-06-21 09:18:22,535.5,339203
2021-06-21 09:18:23,535.2,339941
2021-06-21 09:18:24,535.1,340013
2021-06-21 09:18:25,535.3,340193
2021-06-21 09:18:26,535.05,340323
2021-06-21 09:18:27,535.0,342900
2021-06-21 09:18:28,535.2,343061
2021-06-21 09:18:29,535.2,343116
2021-06-21 09:18:30,535.1,343191
2021-06-21 09:18:31,535.15,343306
2021-06-21 09:18:32,535.2,343406
2021-06-21 09:18:33,535.2,344241
2021-06-21 09:18:34,535.15,344261
2021-06-21 09:18:35,535.1,344664
2021-06-21 09:18:36,535.1,344844
2021-06-21 09:18:37,535.1,344855
2021-06-21 09:18:38,535.35,345492
2021-06-21 09:18:39,535.35,345902
2021-06-21 09:18:40,535.8,351007
2021-06-21 09:18:41,535.3,358344
2021-06-21 09:18:42,535.3,358641
2021-06-21 09:18:43,535.3,358841
2021-06-21 09:18:44,535.4,359608
2021-06-21 09:18:45,535.35,359728
2021-06-21 09:18:46,535.4,359872
2021-06-21 09:18:47,535.3,359924
2021-06-21 09:18:48,535.65,359989
2021-06-21 09:18:49,535.7,360024
2021-06-21 09:18:50,535.6,360144
2021-06-21 09:18:51,535.7,360194
2021-06-21 09:18:52,535.7,360419
2021-06-21 09:18:53,535.5,360432
2021-06-21 09:18:54,535.65,361074
2021-06-21 09:18:55,535.3,364637
2021-06-21 09:18:56,535.55,365384
2021-06-21 09:18:57,535.4,365655
2021-06-21 09:18:58,535.5,365861
2021-06-21 09:18:59,535.5,366037
2021-06-21 09:19:00,535.6,366043
2021-06-21 09:19:01,535.65,366204
2021-06-21 09:19:02,535.65,366254
2021-06-21 09:19:05,535.4,369025
2021-06-21 09:19:06,535.4,369838
2021-06-21 09:19:07,535.5,370133
2021-06-21 09:19:08,535.5,370183
2021-06-21 09:19:09,535.35,370193
2021-06-21 09:19:10,535.5,371373
2021-06-21 09:19:11,535.35,372073
2021-06-21 09:19:12,535.5,372618
2021-06-21 09:19:13,535.5,372721
2021-06-21 09:19:14,535.5,373371
2021-06-21 09:19:15,535.4,374668
2021-06-21 09:19:18,535.5,389568
2021-06-21 09:19:21,535.5,392027
2021-06-21 09:19:22,535.7,392300
2021-06-21 09:19:23,535.7,392606
2021-06-21 09:19:24,535.45,393034
2021-06-21 09:19:25,535.65,395900
2021-06-21 09:19:26,535.6,396405
2021-06-21 09:19:27,535.8,396605
2021-06-21 09:19:28,535.8,396705
2021-06-21 09:19:29,535.9,398235
2021-06-21 09:19:30,535.7,398758
2021-06-21 09:19:31,535.7,398808
2021-06-21 09:19:32,535.9,398878
2021-06-21 09:19:33,536.0,399938
2021-06-21 09:19:34,535.85,400442
2021-06-21 09:19:35,535.8,400473
2021-06-21 09:19:36,536.0,401492
2021-06-21 09:19:37,536.0,402177
2021-06-21 09:19:38,535.8,402498
2021-06-21 09:19:39,536.15,404791
2021-06-21 09:19:41,536.0,405147
2021-06-21 09:19:42,536.2,405349
2021-06-21 09:19:43,536.25,405519
2021-06-21 09:19:43,536.0,405602
2021-06-21 09:19:44,536.25,405646
2021-06-21 09:19:45,536.25,405646
2021-06-21 09:19:47,536.1,407712
2021-06-21 09:19:48,536.0,407768
2021-06-21 09:19:49,536.1,408066
2021-06-21 09:19:50,536.25,408659
2021-06-21 09:19:51,536.25,409352
2021-06-21 09:19:52,536.1,410209
2021-06-21 09:19:55,536.15,411186
2021-06-21 09:19:58,536.1,413032
2021-06-21 09:19:59,536.15,413287
2021-06-21 09:20:00,536.15,413473
2021-06-21 09:20:01,536.15,414386
2021-06-21 09:20:02,536.3,414622
2021-06-21 09:20:03,535.9,418140
2021-06-21 09:20:04,535.85,418895
2021-06-21 09:20:05,535.8,419681
2021-06-21 09:20:06,535.7,420966
2021-06-21 09:20:07,535.75,422359
2021-06-21 09:20:07,535.8,422859
2021-06-21 09:20:08,535.8,425179
2021-06-21 09:20:09,535.9,425469
2021-06-21 09:20:10,535.25,434787
2021-06-21 09:20:11,534.9,437162
2021-06-21 09:20:12,535.05,439473
2021-06-21 09:20:13,535.05,439503
2021-06-21 09:20:14,535.15,439555
2021-06-21 09:20:15,535.3,440911
2021-06-21 09:20:16,535.3,442004
2021-06-21 09:20:17,535.35,442274
2021-06-21 09:20:18,535.1,442281
2021-06-21 09:20:19,535.4,442466
2021-06-21 09:20:20,535.45,443066
2021-06-21 09:20:21,535.3,443080
2021-06-21 09:20:23,535.25,444621
2021-06-21 09:20:24,535.05,445508
2021-06-21 09:20:25,535.15,445829
2021-06-21 09:20:25,535.15,445829
2021-06-21 09:20:26,535.1,447500
2021-06-21 09:20:27,535.1,447505
2021-06-21 09:20:28,535.05,447510
2021-06-21 09:20:29,535.45,451446
2021-06-21 09:20:30,535.5,452216
2021-06-21 09:20:31,535.25,452229
2021-06-21 09:20:32,535.5,452391
2021-06-21 09:20:33,535.4,452658
2021-06-21 09:20:34,535.35,453408
2021-06-21 09:20:35,535.35,453408
2021-06-21 09:20:36,535.9,466266
2021-06-21 09:20:38,535.9,467140
2021-06-21 09:20:39,536.1,469242
2021-06-21 09:20:39,535.95,468890
2021-06-21 09:20:41,536.25,469914
2021-06-21 09:20:42,536.25,470092
2021-06-21 09:20:43,536.25,470092
2021-06-21 09:20:44,536.35,471017
2021-06-21 09:20:44,536.35,471017
2021-06-21 09:20:45,536.25,471132
2021-06-21 09:20:46,536.5,471910
2021-06-21 09:20:47,536.25,472556
2021-06-21 09:20:48,536.45,472685
2021-06-21 09:20:49,536.4,472726
2021-06-21 09:20:50,536.6,473051
2021-06-21 09:20:51,536.4,474186
2021-06-21 09:20:52,536.6,478989
2021-06-21 09:20:53,536.6,479030
2021-06-21 09:20:54,536.6,480516
2021-06-21 09:20:55,536.6,480827
2021-06-21 09:20:56,536.15,491611
2021-06-21 09:20:57,536.2,492581
2021-06-21 09:20:58,536.0,492780
2021-06-21 09:20:59,535.8,493161
2021-06-21 09:21:00,536.0,493165
2021-06-21 09:21:01,536.2,494393
2021-06-21 09:21:02,536.2,494558
2021-06-21 09:21:03,536.25,494679
2021-06-21 09:21:04,536.15,494831
2021-06-21 09:21:05,535.9,495397
2021-06-21 09:21:06,536.25,496218
2021-06-21 09:21:07,536.45,502258
2021-06-21 09:21:08,536.3,502820
2021-06-21 09:21:09,536.15,504293
2021-06-21 09:21:10,536.4,504426
2021-06-21 09:21:11,536.25,505506
2021-06-21 09:21:12,536.2,505756
2021-06-21 09:21:13,536.2,506088
2021-06-21 09:21:14,536.15,506649
2021-06-21 09:21:15,536.15,506715
2021-06-21 09:21:16,536.5,507508
2021-06-21 09:21:18,536.25,507724
2021-06-21 09:21:19,536.15,507863
2021-06-21 09:21:19,536.15,507863
2021-06-21 09:21:20,536.05,509077
2021-06-21 09:21:21,536.3,509133
2021-06-21 09:21:22,536.0,509257
2021-06-21 09:21:23,536.0,509339
2021-06-21 09:21:24,536.45,510957
2021-06-21 09:21:25,536.3,511301
2021-06-21 09:21:26,536.2,512772
2021-06-21 09:21:27,536.25,519099
2021-06-21 09:21:28,536.45,519193
2021-06-21 09:21:29,536.55,519775
2021-06-21 09:21:30,536.55,519877
2021-06-21 09:21:31,536.3,520569
2021-06-21 09:21:32,536.6,520692
2021-06-21 09:21:33,536.6,520793
2021-06-21 09:21:35,536.4,521548
2021-06-21 09:21:36,536.55,525547
2021-06-21 09:21:37,536.5,526198
2021-06-21 09:21:38,536.7,526584
2021-06-21 09:21:40,536.35,526713
2021-06-21 09:21:41,536.6,527037
2021-06-21 09:21:41,536.6,526942
2021-06-21 09:21:42,536.4,527342
2021-06-21 09:21:43,536.35,527739
2021-06-21 09:21:44,536.6,528087
2021-06-21 09:21:45,536.25,528962
2021-06-21 09:21:46,536.4,530398
2021-06-21 09:21:47,536.75,531590
2021-06-21 09:21:48,536.6,531632
2021-06-21 09:21:49,536.6,531838
2021-06-21 09:21:50,536.45,532265
2021-06-21 09:21:51,536.75,532465
2021-06-21 09:21:52,536.6,532649
2021-06-21 09:21:53,536.4,532749
2021-06-21 09:21:54,536.5,533772
2021-06-21 09:21:55,536.8,533798
2021-06-21 09:21:56,536.8,533850
2021-06-21 09:21:57,536.8,534008
2021-06-21 09:21:58,536.5,534302
2021-06-21 09:21:59,536.8,534643
2021-06-21 09:22:01,536.8,535017
2021-06-21 09:22:03,536.75,535603
2021-06-21 09:22:05,536.5,535959
2021-06-21 09:22:06,536.75,536125
2021-06-21 09:22:07,536.75,536355
2021-06-21 09:22:08,536.7,536430
2021-06-21 09:22:09,536.7,536437
2021-06-21 09:22:10,536.7,536627
2021-06-21 09:22:11,536.75,539905
2021-06-21 09:22:12,536.65,543178
2021-06-21 09:22:13,536.7,543248
2021-06-21 09:22:14,536.7,543268
2021-06-21 09:22:15,536.85,543866
2021-06-21 09:22:16,537.0,543890
2021-06-21 09:22:17,536.8,543892
2021-06-21 09:22:18,537.0,544536
2021-06-21 09:22:19,537.0,544671
2021-06-21 09:22:20,537.3,553072
2021-06-21 09:22:21,537.35,553763
2021-06-21 09:22:22,537.35,553918
2021-06-21 09:22:23,537.1,553923
2021-06-21 09:22:24,537.3,553938
2021-06-21 09:22:25,537.3,553938
2021-06-21 09:22:27,537.3,554151
2021-06-21 09:22:28,537.35,554179
2021-06-21 09:22:31,537.0,557250
2021-06-21 09:22:34,537.0,557723
2021-06-21 09:22:36,537.1,558005
2021-06-21 09:22:37,537.1,558005
2021-06-21 09:22:39,537.3,558165
2021-06-21 09:22:40,537.3,558270
2021-06-21 09:22:41,537.3,559660
2021-06-21 09:22:42,537.15,559889
2021-06-21 09:22:43,537.35,560491
2021-06-21 09:22:44,537.3,560749
2021-06-21 09:22:45,537.1,561042
2021-06-21 09:22:46,537.1,562184
2021-06-21 09:22:47,537.1,563330
2021-06-21 09:22:48,537.35,563534
2021-06-21 09:22:49,537.0,564285
2021-06-21 09:22:50,537.0,565193
2021-06-21 09:22:52,536.65,569571
2021-06-21 09:22:53,536.5,570092
2021-06-21 09:22:54,536.15,574343
2021-06-21 09:22:55,536.2,574385
2021-06-21 09:22:56,536.6,575301
2021-06-21 09:22:57,536.6,575603
2021-06-21 09:22:58,536.2,575917
2021-06-21 09:23:00,536.45,576082
2021-06-21 09:23:01,536.25,576087
2021-06-21 09:23:02,536.65,577229
2021-06-21 09:23:03,536.4,577510
2021-06-21 09:23:04,536.4,577618
2021-06-21 09:23:05,536.4,577618
2021-06-21 09:23:06,536.4,577711
2021-06-21 09:23:07,536.4,577751
2021-06-21 09:23:08,536.25,577869
2021-06-21 09:23:09,536.5,577879
2021-06-21 09:23:10,536.6,578179
2021-06-21 09:23:10,536.6,578179
2021-06-21 09:23:11,536.6,578179
2021-06-21 09:23:12,536.6,578179
2021-06-21 09:23:13,536.15,578410
2021-06-21 09:23:14,536.2,578539
2021-06-21 09:23:15,536.15,578585
2021-06-21 09:23:16,536.4,579055
2021-06-21 09:23:17,536.4,579255
2021-06-21 09:23:18,536.4,579800
2021-06-21 09:23:20,536.4,580035
2021-06-21 09:23:22,536.15,580295
2021-06-21 09:23:23,536.05,581060
2021-06-21 09:23:24,536.2,581075
2021-06-21 09:23:25,536.15,581659
2021-06-21 09:23:26,536.4,581660
2021-06-21 09:23:27,536.4,581678
2021-06-21 09:23:28,536.4,582678
2021-06-21 09:23:29,536.3,582728
2021-06-21 09:23:30,536.75,584925
2021-06-21 09:23:30,536.75,584925
2021-06-21 09:23:31,536.5,585200
2021-06-21 09:23:32,536.5,586200
2021-06-21 09:23:33,536.75,586205
2021-06-21 09:23:34,536.75,586225
2021-06-21 09:23:35,536.7,586285
2021-06-21 09:23:36,536.9,586585
2021-06-21 09:23:37,536.9,586585
2021-06-21 09:23:38,536.8,586845
2021-06-21 09:23:39,536.8,586870
2021-06-21 09:23:40,536.8,586870
2021-06-21 09:23:41,537.0,587278
2021-06-21 09:23:42,536.5,588278
2021-06-21 09:23:43,536.95,588578
2021-06-21 09:23:44,537.0,588778
2021-06-21 09:23:45,536.55,590359
2021-06-21 09:23:46,536.8,590459
2021-06-21 09:23:47,536.7,592790
2021-06-21 09:23:48,536.65,592867
2021-06-21 09:23:49,536.65,592868
2021-06-21 09:23:50,536.8,592923
2021-06-21 09:23:51,536.8,592984
2021-06-21 09:23:52,536.85,593223
2021-06-21 09:23:53,536.9,593423
2021-06-21 09:23:54,536.9,593430
2021-06-21 09:23:55,536.8,593480
2021-06-21 09:23:56,536.65,595428
2021-06-21 09:23:57,536.65,595433
2021-06-21 09:23:58,537.0,595883
2021-06-21 09:23:59,537.0,595991
2021-06-21 09:24:01,536.8,596368
2021-06-21 09:24:02,536.7,597018
2021-06-21 09:24:03,537.0,597094
2021-06-21 09:24:04,537.0,597294
2021-06-21 09:24:05,536.95,602797
2021-06-21 09:24:06,536.9,607839
2021-06-21 09:24:07,537.15,608847
2021-06-21 09:24:08,537.15,608867
2021-06-21 09:24:10,537.05,609751
2021-06-21 09:24:11,537.0,610781
2021-06-21 09:24:12,536.9,610886
2021-06-21 09:24:13,537.25,611886
2021-06-21 09:24:14,537.05,612196
2021-06-21 09:24:15,536.85,612675
2021-06-21 09:24:16,536.7,612690
2021-06-21 09:24:17,536.75,613477
2021-06-21 09:24:18,536.5,613744
2021-06-21 09:24:19,536.85,614339
2021-06-21 09:24:20,536.8,614445
2021-06-21 09:24:21,537.05,616446
2021-06-21 09:24:22,537.0,616982
2021-06-21 09:24:23,537.15,617259
2021-06-21 09:24:24,537.1,617318
2021-06-21 09:24:25,536.85,617323
2021-06-21 09:24:26,537.1,618323
2021-06-21 09:24:27,537.2,622316
2021-06-21 09:24:28,536.95,622838
2021-06-21 09:24:30,537.2,625985
2021-06-21 09:24:34,537.3,626070
2021-06-21 09:24:40,537.3,627165
2021-06-21 09:24:41,537.3,627510
2021-06-21 09:24:42,537.3,627510
2021-06-21 09:24:43,537.0,628561
2021-06-21 09:24:44,537.05,628631
2021-06-21 09:24:45,537.25,629795
2021-06-21 09:24:46,537.45,629945
2021-06-21 09:24:47,537.5,630005
2021-06-21 09:24:48,537.55,631668
2021-06-21 09:24:49,537.5,631698
2021-06-21 09:24:50,537.6,631972
2021-06-21 09:24:51,537.5,632038
2021-06-21 09:24:52,537.3,632191
2021-06-21 09:24:53,537.4,633830
2021-06-21 09:24:54,537.1,634123
2021-06-21 09:24:55,537.05,634885
2021-06-21 09:24:56,537.2,634906
2021-06-21 09:24:57,537.2,635001
2021-06-21 09:24:58,537.2,635007
2021-06-21 09:24:59,537.0,635112
2021-06-21 09:24:59,537.0,635412
2021-06-21 09:25:01,537.0,636667
2021-06-21 09:25:01,537.0,636667
2021-06-21 09:25:02,537.15,636870
2021-06-21 09:25:03,537.4,637171
2021-06-21 09:25:04,537.2,637341
2021-06-21 09:25:06,537.5,638772
2021-06-21 09:25:07,537.25,641212
2021-06-21 09:25:08,537.25,641292
2021-06-21 09:25:09,537.25,641458
2021-06-21 09:25:09,537.05,641911
2021-06-21 09:25:10,537.05,641911
2021-06-21 09:25:11,537.25,641921
2021-06-21 09:25:13,537.25,642031
2021-06-21 09:25:14,537.25,642093
2021-06-21 09:25:15,537.0,642229
2021-06-21 09:25:16,537.1,644154
2021-06-21 09:25:17,537.1,644338
2021-06-21 09:25:18,537.05,644836
2021-06-21 09:25:19,537.05,645276
2021-06-21 09:25:20,537.05,645379
2021-06-21 09:25:21,537.0,646376
2021-06-21 09:25:22,537.05,646383
2021-06-21 09:25:24,537.0,647078
2021-06-21 09:25:25,536.95,647198
2021-06-21 09:25:26,536.95,647480
2021-06-21 09:25:28,537.0,647641
2021-06-21 09:25:30,536.85,647888
2021-06-21 09:25:31,537.0,648255
2021-06-21 09:25:35,537.05,649705
2021-06-21 09:25:36,537.05,649737
2021-06-21 09:25:37,536.85,650454
2021-06-21 09:25:39,536.9,650656
2021-06-21 09:25:40,537.0,651159
2021-06-21 09:25:41,537.1,651261
2021-06-21 09:25:42,537.1,651328
2021-06-21 09:25:43,537.0,651651
2021-06-21 09:25:44,537.0,651685
2021-06-21 09:25:45,537.0,651748
2021-06-21 09:25:46,537.1,651875
2021-06-21 09:25:47,537.05,651877
2021-06-21 09:25:48,537.05,651877
2021-06-21 09:25:49,536.9,651887
2021-06-21 09:25:50,537.05,651902
2021-06-21 09:25:51,537.05,651958
2021-06-21 09:25:52,537.05,651986
2021-06-21 09:25:53,537.1,652095
2021-06-21 09:25:54,537.25,652939
2021-06-21 09:25:55,537.25,652970
2021-06-21 09:25:56,537.25,654789
2021-06-21 09:25:57,537.25,654899
2021-06-21 09:25:58,537.25,654899
2021-06-21 09:25:59,537.5,662735
2021-06-21 09:26:00,537.25,662928
2021-06-21 09:26:02,537.5,663458
2021-06-21 09:26:03,537.5,663563
2021-06-21 09:26:04,537.5,663565
2021-06-21 09:26:05,537.25,663713
2021-06-21 09:26:06,537.35,666225
2021-06-21 09:26:07,537.5,666334
2021-06-21 09:26:08,537.7,668139
2021-06-21 09:26:09,537.7,668164
2021-06-21 09:26:10,537.75,668405
2021-06-21 09:26:11,537.6,669141
2021-06-21 09:26:12,537.65,669655
2021-06-21 09:26:13,537.8,671680
2021-06-21 09:26:14,537.8,671682
2021-06-21 09:26:15,537.45,671855
2021-06-21 09:26:16,537.65,673083
2021-06-21 09:26:17,537.65,673358
2021-06-21 09:26:18,537.45,673554
2021-06-21 09:26:19,537.2,673582
2021-06-21 09:26:20,537.4,673598
2021-06-21 09:26:21,537.55,688653
2021-06-21 09:26:22,537.55,688653
2021-06-21 09:26:23,537.45,688764
2021-06-21 09:26:24,537.6,688777
2021-06-21 09:26:25,537.8,688905
2021-06-21 09:26:26,537.8,689080
2021-06-21 09:26:27,537.8,689637
2021-06-21 09:26:28,537.8,690334
2021-06-21 09:26:29,537.95,692354
2021-06-21 09:26:30,537.95,705936
2021-06-21 09:26:31,537.65,708275
2021-06-21 09:26:32,537.6,709220
2021-06-21 09:26:33,537.8,709544
2021-06-21 09:26:34,537.95,709960
2021-06-21 09:26:35,537.65,710043
2021-06-21 09:26:36,537.95,710605
2021-06-21 09:26:37,537.95,711317
2021-06-21 09:26:38,537.65,711470
2021-06-21 09:26:39,537.95,711826
2021-06-21 09:26:39,537.8,711866
2021-06-21 09:26:41,537.9,712016
2021-06-21 09:26:42,537.9,712057
2021-06-21 09:26:43,537.95,712306
2021-06-21 09:26:44,537.95,712455
2021-06-21 09:26:45,537.8,727361
2021-06-21 09:26:46,537.65,728375
2021-06-21 09:26:47,537.5,728518
2021-06-21 09:26:48,537.5,728721
2021-06-21 09:26:49,537.35,728909
2021-06-21 09:26:50,537.25,730053
2021-06-21 09:26:51,537.15,730398
2021-06-21 09:26:52,537.1,731900
2021-06-21 09:26:53,537.05,732500
2021-06-21 09:26:54,537.0,732757
2021-06-21 09:26:55,537.05,733258
2021-06-21 09:26:56,537.1,733297
2021-06-21 09:26:57,537.25,733504
2021-06-21 09:26:58,537.15,738825
2021-06-21 09:26:59,536.95,739787
2021-06-21 09:27:00,536.85,740573
2021-06-21 09:27:01,536.85,740609
2021-06-21 09:27:02,536.8,740770
2021-06-21 09:27:03,537.05,740937
2021-06-21 09:27:04,536.85,741410
2021-06-21 09:27:05,537.1,741641
2021-06-21 09:27:06,536.85,741746
2021-06-21 09:27:07,536.8,741808
2021-06-21 09:27:08,536.8,741821
2021-06-21 09:27:09,537.15,741933
2021-06-21 09:27:10,536.8,742176
2021-06-21 09:27:11,536.65,748342
2021-06-21 09:27:12,536.55,750102
2021-06-21 09:27:13,536.75,753020
2021-06-21 09:27:14,536.45,753143
2021-06-21 09:27:15,536.35,753697
2021-06-21 09:27:16,536.2,754328
2021-06-21 09:27:17,535.9,757630
2021-06-21 09:27:19,536.0,759890
2021-06-21 09:27:20,535.9,760055
2021-06-21 09:27:21,536.35,760334
2021-06-21 09:27:22,536.35,760939
2021-06-21 09:27:23,535.9,760961
2021-06-21 09:27:24,536.0,761419
2021-06-21 09:27:32,535.9,764007
2021-06-21 09:27:33,535.9,764043
2021-06-21 09:27:34,535.9,764084
2021-06-21 09:27:35,535.9,765295
2021-06-21 09:27:36,535.8,765749
2021-06-21 09:27:37,535.9,768746
2021-06-21 09:27:38,535.9,768799
2021-06-21 09:27:39,535.8,768928
2021-06-21 09:27:40,535.7,769010
2021-06-21 09:27:41,535.8,769528
2021-06-21 09:27:42,535.5,773192
2021-06-21 09:27:43,535.45,776415
2021-06-21 09:27:44,535.9,777863
2021-06-21 09:27:45,535.75,778381
2021-06-21 09:27:46,535.45,778529
2021-06-21 09:27:47,535.8,779034
2021-06-21 09:27:48,535.4,779393
2021-06-21 09:27:49,535.5,780845
2021-06-21 09:27:50,535.5,781356
2021-06-21 09:27:51,535.55,781897
2021-06-21 09:27:52,535.9,782205
2021-06-21 09:27:53,535.85,782417
2021-06-21 09:27:54,535.75,782469
2021-06-21 09:27:55,535.5,782489
2021-06-21 09:27:56,535.5,782533
2021-06-21 09:27:57,535.5,782546
2021-06-21 09:27:58,535.5,782548
2021-06-21 09:27:59,535.8,782556
2021-06-21 09:28:00,535.8,782607
2021-06-21 09:28:01,535.85,783627
2021-06-21 09:28:02,535.8,783837
2021-06-21 09:28:03,535.5,784729
2021-06-21 09:28:04,535.5,784963
2021-06-21 09:28:05,535.5,785230
2021-06-21 09:28:06,535.8,785325
2021-06-21 09:28:07,535.5,785714
2021-06-21 09:28:08,535.5,785964
2021-06-21 09:28:09,535.75,786142
2021-06-21 09:28:10,535.65,789564
2021-06-21 09:28:11,535.4,790056
2021-06-21 09:28:12,535.15,791424
2021-06-21 09:28:13,535.25,793032
2021-06-21 09:28:14,535.3,793353
2021-06-21 09:28:15,535.4,793420
2021-06-21 09:28:16,535.3,793666
2021-06-21 09:28:17,535.3,793715
2021-06-21 09:28:18,535.25,793755
2021-06-21 09:28:19,535.3,793983
2021-06-21 09:28:20,535.2,794029
2021-06-21 09:28:21,535.6,794250
2021-06-21 09:28:22,535.6,794295
2021-06-21 09:28:23,535.65,794824
2021-06-21 09:28:25,535.5,795309
2021-06-21 09:28:26,535.5,795341
2021-06-21 09:28:28,535.7,795453
2021-06-21 09:28:29,535.55,795571
2021-06-21 09:28:30,535.8,795602
2021-06-21 09:28:31,535.8,795659
2021-06-21 09:28:32,535.8,795681
2021-06-21 09:28:33,535.8,795724
2021-06-21 09:28:34,535.8,795735
2021-06-21 09:28:35,535.65,795837
2021-06-21 09:28:36,535.75,796105
2021-06-21 09:28:37,535.65,796208
2021-06-21 09:28:38,535.5,796291
2021-06-21 09:28:39,535.5,796399
2021-06-21 09:28:40,535.5,796421
2021-06-21 09:28:41,535.75,796524
2021-06-21 09:28:42,535.5,796654
2021-06-21 09:28:43,535.45,799297
2021-06-21 09:28:44,535.45,799676
2021-06-21 09:28:45,535.55,801064
2021-06-21 09:28:46,535.3,801311
2021-06-21 09:28:47,535.7,801929
2021-06-21 09:28:48,535.5,802165
2021-06-21 09:28:49,535.35,802224
2021-06-21 09:28:50,535.8,802486
2021-06-21 09:28:51,535.75,802598
2021-06-21 09:28:52,535.5,802621
2021-06-21 09:28:53,535.5,802939
2021-06-21 09:28:54,535.65,803035
2021-06-21 09:28:55,535.5,803134
2021-06-21 09:28:56,535.5,803202
2021-06-21 09:28:57,535.75,803218
2021-06-21 09:28:58,535.75,803225
2021-06-21 09:28:59,535.75,803289
2021-06-21 09:29:00,535.55,803348
2021-06-21 09:29:01,535.55,803360
2021-06-21 09:29:02,535.5,803462
2021-06-21 09:29:03,535.75,803733
2021-06-21 09:29:04,535.75,804034
2021-06-21 09:29:05,535.6,804056
2021-06-21 09:29:06,535.25,807187
2021-06-21 09:29:07,535.2,807909
2021-06-21 09:29:08,535.45,809303
2021-06-21 09:29:09,535.5,809622
2021-06-21 09:29:10,535.2,810111
2021-06-21 09:29:11,535.55,810358
2021-06-21 09:29:12,535.5,810449
2021-06-21 09:29:13,535.5,810521
2021-06-21 09:29:14,535.2,810535
2021-06-21 09:29:15,535.6,810547
2021-06-21 09:29:16,535.45,810717
2021-06-21 09:29:17,535.45,811328
2021-06-21 09:29:18,535.45,811500
2021-06-21 09:29:19,535.2,811534
2021-06-21 09:29:20,535.5,812113
2021-06-21 09:29:21,535.5,812713
2021-06-21 09:29:22,535.2,812975
2021-06-21 09:29:23,535.3,813792
2021-06-21 09:29:24,535.1,814034
2021-06-21 09:29:25,535.35,814092
2021-06-21 09:29:26,535.35,814121
2021-06-21 09:29:27,535.45,814238
2021-06-21 09:29:28,535.45,814307
2021-06-21 09:29:29,535.45,814371
2021-06-21 09:29:30,535.45,814631
2021-06-21 09:29:31,535.5,814925
2021-06-21 09:29:32,535.3,815085
2021-06-21 09:29:33,535.45,815222
2021-06-21 09:29:34,535.5,815541
2021-06-21 09:29:35,535.5,815920
2021-06-21 09:29:37,535.25,816036
2021-06-21 09:29:38,535.45,816059
2021-06-21 09:29:39,535.25,816197
2021-06-21 09:29:40,535.2,816238
2021-06-21 09:29:41,535.55,817761
2021-06-21 09:29:43,535.15,818234
2021-06-21 09:29:44,535.2,818268
2021-06-21 09:29:44,535.25,818475
2021-06-21 09:29:45,535.5,818621
2021-06-21 09:29:46,535.55,818845
2021-06-21 09:29:47,535.45,818998
2021-06-21 09:29:48,535.4,820286
2021-06-21 09:29:50,535.15,828611
2021-06-21 09:29:51,534.9,831204
2021-06-21 09:29:51,534.7,831510
2021-06-21 09:29:52,534.7,831650
2021-06-21 09:29:53,534.9,832546
2021-06-21 09:29:54,534.9,833957
2021-06-21 09:29:55,534.9,834280
2021-06-21 09:29:57,534.9,834475
2021-06-21 09:29:57,534.95,834803
2021-06-21 09:29:58,534.7,835237
2021-06-21 09:29:59,535.05,837303
2021-06-21 09:30:00,534.8,837537
2021-06-21 09:30:01,534.9,839364
2021-06-21 09:30:02,534.95,839740
2021-06-21 09:30:03,534.7,839825
2021-06-21 09:30:04,535.1,840837
2021-06-21 09:30:05,534.85,845402
2021-06-21 09:30:06,534.55,846815
2021-06-21 09:30:07,534.4,847891
2021-06-21 09:30:08,534.35,848112
2021-06-21 09:30:09,534.65,848165
2021-06-21 09:30:10,534.75,848357
2021-06-21 09:30:12,534.75,848876
2021-06-21 09:30:13,534.55,849003
2021-06-21 09:30:14,534.6,849099
2021-06-21 09:30:16,534.6,849677
2021-06-21 09:30:17,534.75,849954
2021-06-21 09:30:18,534.75,850143
2021-06-21 09:30:19,534.9,850205
2021-06-21 09:30:20,534.6,850419
2021-06-21 09:30:21,534.6,850534
2021-06-21 09:30:22,534.5,850927
2021-06-21 09:30:23,534.5,851283
2021-06-21 09:30:24,534.5,851398
2021-06-21 09:30:25,534.7,851441
2021-06-21 09:30:26,534.75,851549
2021-06-21 09:30:27,534.55,851616
2021-06-21 09:30:32,534.5,854161
2021-06-21 09:30:33,534.6,854239
2021-06-21 09:30:34,534.65,854395
2021-06-21 09:30:35,534.4,854426
2021-06-21 09:30:36,534.5,854623
2021-06-21 09:30:37,534.5,854686
2021-06-21 09:30:38,534.5,855463
2021-06-21 09:30:39,534.6,855719
2021-06-21 09:30:40,534.85,856770
2021-06-21 09:30:41,534.55,857040
2021-06-21 09:30:42,534.6,857266
2021-06-21 09:30:43,534.6,857311
2021-06-21 09:30:44,534.55,857320
2021-06-21 09:30:45,534.5,857370
2021-06-21 09:30:46,534.5,857651
2021-06-21 09:30:47,534.75,857841
2021-06-21 09:30:48,534.5,858181
2021-06-21 09:30:49,534.5,858255
2021-06-21 09:30:50,534.55,858335
2021-06-21 09:30:51,534.55,858374
2021-06-21 09:30:52,534.5,858503
2021-06-21 09:30:53,534.5,858747
2021-06-21 09:30:54,534.7,858898
2021-06-21 09:30:55,534.7,858981
2021-06-21 09:30:56,534.5,859247
2021-06-21 09:30:57,534.5,859596
2021-06-21 09:30:58,534.65,859716
2021-06-21 09:30:59,534.5,859862
2021-06-21 09:31:00,534.3,861921
2021-06-21 09:31:01,534.35,862360
2021-06-21 09:31:02,534.45,862498
2021-06-21 09:31:03,534.35,862664
2021-06-21 09:31:05,534.35,862718
2021-06-21 09:31:05,534.35,863082
2021-06-21 09:31:06,534.2,863239
2021-06-21 09:31:07,534.45,863380
2021-06-21 09:31:09,534.1,863483
2021-06-21 09:31:10,534.45,863674
2021-06-21 09:31:11,534.4,863971
2021-06-21 09:31:12,534.35,864030
2021-06-21 09:31:13,534.3,864082
2021-06-21 09:31:14,534.4,864201
2021-06-21 09:31:15,534.15,864233
2021-06-21 09:31:16,534.15,864282
2021-06-21 09:31:17,534.15,864307
2021-06-21 09:31:18,534.35,871610
2021-06-21 09:31:19,534.3,872338
2021-06-21 09:31:20,534.35,873268
2021-06-21 09:31:21,534.25,873809
2021-06-21 09:31:22,534.3,873910
2021-06-21 09:31:23,534.5,874019
2021-06-21 09:31:24,534.3,874141
2021-06-21 09:31:25,534.75,878867
2021-06-21 09:31:26,534.4,879813
2021-06-21 09:31:27,534.5,880077
2021-06-21 09:31:28,534.45,880243
2021-06-21 09:31:29,534.6,880393
2021-06-21 09:31:30,534.55,880720
2021-06-21 09:31:31,534.55,880953
2021-06-21 09:31:31,534.35,881467
2021-06-21 09:31:32,534.3,881958
2021-06-21 09:31:33,534.4,882921
2021-06-21 09:31:34,534.25,883113
2021-06-21 09:31:36,534.4,883213
2021-06-21 09:31:37,534.5,883430
2021-06-21 09:31:38,534.5,883545
2021-06-21 09:31:39,534.5,883679
2021-06-21 09:31:40,534.55,883796
2021-06-21 09:31:41,534.55,883824
2021-06-21 09:31:42,534.45,883830
2021-06-21 09:31:43,534.9,885996
2021-06-21 09:31:44,534.65,886438
2021-06-21 09:31:46,534.75,886547
2021-06-21 09:31:47,534.85,886600
2021-06-21 09:31:48,534.75,886610
2021-06-21 09:31:50,534.75,886613
2021-06-21 09:31:51,534.85,886973
2021-06-21 09:31:52,534.75,887048
2021-06-21 09:31:53,534.9,887090
2021-06-21 09:31:54,534.75,887108
2021-06-21 09:31:55,534.75,887211
2021-06-21 09:31:56,534.85,887269
2021-06-21 09:31:57,534.85,887321
2021-06-21 09:31:58,535.0,888084
2021-06-21 09:31:59,534.85,888237
2021-06-21 09:32:00,534.75,888758
2021-06-21 09:32:01,534.7,889362
2021-06-21 09:32:02,535.0,889539
2021-06-21 09:32:03,534.85,889574
2021-06-21 09:32:04,535.05,890072
2021-06-21 09:32:05,535.1,890177
2021-06-21 09:32:06,535.25,890418
2021-06-21 09:32:07,535.3,891491
2021-06-21 09:32:08,535.2,891705
2021-06-21 09:32:09,535.35,891758
2021-06-21 09:32:10,535.25,891969
2021-06-21 09:32:11,535.4,892024
2021-06-21 09:32:12,535.4,892080
2021-06-21 09:32:13,535.05,895091
2021-06-21 09:32:14,535.35,895865
2021-06-21 09:32:15,535.5,896968
2021-06-21 09:32:16,535.45,897261
2021-06-21 09:32:18,535.4,897619
2021-06-21 09:32:18,535.3,897728
2021-06-21 09:32:19,535.75,899405
2021-06-21 09:32:20,535.65,900876
2021-06-21 09:32:21,535.45,901409
2021-06-21 09:32:22,535.65,901523
2021-06-21 09:32:23,535.4,901587
2021-06-21 09:32:24,535.7,901615
2021-06-21 09:32:25,535.55,901727
2021-06-21 09:32:27,535.75,902107
2021-06-21 09:32:29,535.95,904637
2021-06-21 09:32:30,535.7,904734
2021-06-21 09:32:31,535.7,904753
2021-06-21 09:32:33,536.0,905691
2021-06-21 09:32:34,535.95,906152
2021-06-21 09:32:36,535.9,906386
2021-06-21 09:32:36,536.15,906757
2021-06-21 09:32:38,536.15,908418
2021-06-21 09:32:39,536.4,908903
2021-06-21 09:32:40,536.1,908913
2021-06-21 09:32:41,536.4,909267
2021-06-21 09:32:42,536.1,909496
2021-06-21 09:32:43,536.1,909646
2021-06-21 09:32:44,536.1,909868
2021-06-21 09:32:45,536.0,909913
2021-06-21 09:32:46,536.1,910183
2021-06-21 09:32:47,535.85,910985
2021-06-21 09:32:48,535.7,911079
2021-06-21 09:32:49,536.05,911401
2021-06-21 09:32:50,535.8,911465
2021-06-21 09:32:53,536.05,912435
2021-06-21 09:32:54,536.1,913270
2021-06-21 09:32:56,536.2,914444
2021-06-21 09:32:57,536.1,914515
2021-06-21 09:32:58,536.0,914660
2021-06-21 09:32:59,536.2,914873
2021-06-21 09:32:59,536.1,914899
2021-06-21 09:33:00,536.05,914974
2021-06-21 09:33:01,536.2,915563
2021-06-21 09:33:02,536.5,915706
2021-06-21 09:33:03,536.5,915908
2021-06-21 09:33:04,536.35,916073
2021-06-21 09:33:05,536.15,916111
2021-06-21 09:33:07,536.5,916360
2021-06-21 09:33:08,536.4,916396
2021-06-21 09:33:09,536.35,916403
2021-06-21 09:33:11,536.35,916405
2021-06-21 09:33:13,536.4,916601
2021-06-21 09:33:13,536.4,916645
2021-06-21 09:33:14,536.5,916994
2021-06-21 09:33:16,536.65,918246
2021-06-21 09:33:17,536.5,918758
2021-06-21 09:33:19,536.75,918936
2021-06-21 09:33:20,536.6,919040
2021-06-21 09:33:22,536.8,919549
2021-06-21 09:33:23,536.55,919917
2021-06-21 09:33:24,536.85,920350
2021-06-21 09:33:25,536.85,920462
2021-06-21 09:33:26,536.6,920485
2021-06-21 09:33:27,536.65,920489
2021-06-21 09:33:28,536.6,920490
2021-06-21 09:33:29,536.6,920525
2021-06-21 09:33:31,536.5,921555
2021-06-21 09:33:33,536.5,921582
2021-06-21 09:33:34,536.6,921592
2021-06-21 09:33:35,536.6,921595
2021-06-21 09:33:36,536.6,921595
2021-06-21 09:33:37,536.6,922971
2021-06-21 09:33:38,536.5,923246
2021-06-21 09:33:39,536.6,923303
2021-06-21 09:33:40,536.5,923386
2021-06-21 09:33:41,536.5,923402
2021-06-21 09:33:43,536.7,923790
2021-06-21 09:33:44,536.65,923868
2021-06-21 09:33:45,536.6,923940
2021-06-21 09:33:47,536.5,924462
2021-06-21 09:33:48,536.7,924587
2021-06-21 09:33:49,536.6,924671
2021-06-21 09:33:50,536.6,924687
2021-06-21 09:33:51,536.6,924791
2021-06-21 09:33:52,536.6,924811
2021-06-21 09:33:53,536.6,924836
2021-06-21 09:33:54,536.75,924849
2021-06-21 09:33:54,536.75,925002
2021-06-21 09:33:55,536.75,925073
2021-06-21 09:33:56,536.75,925107
2021-06-21 09:33:57,536.6,925156
2021-06-21 09:33:58,536.6,925215
2021-06-21 09:33:59,536.6,925904
2021-06-21 09:34:00,536.8,926542
2021-06-21 09:34:01,536.9,926689
2021-06-21 09:34:03,536.9,927009
2021-06-21 09:34:05,536.7,927269
2021-06-21 09:34:06,536.55,927287
2021-06-21 09:34:07,536.6,927291
2021-06-21 09:34:08,536.7,927319
2021-06-21 09:34:09,536.6,927325
2021-06-21 09:34:10,536.75,927646
2021-06-21 09:34:11,536.7,927748
2021-06-21 09:34:12,536.6,927879
2021-06-21 09:34:13,536.6,928006
2021-06-21 09:34:14,536.6,928031
2021-06-21 09:34:15,536.55,931398
2021-06-21 09:34:16,536.5,934766
2021-06-21 09:34:17,536.4,935206
2021-06-21 09:34:18,536.5,935530
2021-06-21 09:34:19,536.2,935614
2021-06-21 09:34:20,536.2,935733
2021-06-21 09:34:21,536.1,936113
2021-06-21 09:34:22,536.15,936427
2021-06-21 09:34:24,536.2,936602
2021-06-21 09:34:25,536.0,936625
2021-06-21 09:34:26,536.1,936629
2021-06-21 09:34:27,536.35,936678
2021-06-21 09:34:28,536.05,936788
2021-06-21 09:34:29,536.1,937080
2021-06-21 09:34:30,536.1,937145
2021-06-21 09:34:31,536.5,938158
2021-06-21 09:34:33,536.35,938591
2021-06-21 09:34:34,536.35,938605
2021-06-21 09:34:35,536.3,938846
2021-06-21 09:34:37,536.45,938899
2021-06-21 09:34:38,536.45,939060
2021-06-21 09:34:38,536.5,939462
2021-06-21 09:34:39,536.6,939578
2021-06-21 09:34:40,536.3,939652
2021-06-21 09:34:41,536.5,939867
2021-06-21 09:34:42,536.25,940910
2021-06-21 09:34:43,536.5,942008
2021-06-21 09:34:44,536.15,943503
2021-06-21 09:34:45,536.15,943802
2021-06-21 09:34:46,536.35,943864
2021-06-21 09:34:47,536.05,943876
2021-06-21 09:34:48,536.0,947477
2021-06-21 09:34:49,536.0,947832
2021-06-21 09:34:50,535.9,947932
2021-06-21 09:34:51,535.8,948056
2021-06-21 09:34:52,535.65,948428
2021-06-21 09:34:53,535.7,948503
2021-06-21 09:34:54,535.7,948645
2021-06-21 09:34:55,535.7,948714
2021-06-21 09:34:56,535.7,948728
2021-06-21 09:34:58,536.0,948982
2021-06-21 09:34:59,535.7,949083
2021-06-21 09:34:59,535.6,949093
2021-06-21 09:35:00,535.7,949171
2021-06-21 09:35:01,536.0,949408
2021-06-21 09:35:02,535.9,949481
2021-06-21 09:35:03,535.8,949519
2021-06-21 09:35:05,536.05,951378
2021-06-21 09:35:06,535.8,951579
2021-06-21 09:35:07,535.8,951643
2021-06-21 09:35:08,535.65,951679
2021-06-21 09:35:09,535.75,951708
2021-06-21 09:35:10,535.95,951825
2021-06-21 09:35:11,535.95,951878
2021-06-21 09:35:12,535.95,951890
2021-06-21 09:35:13,535.95,951912
2021-06-21 09:35:14,536.0,951966
2021-06-21 09:35:15,535.75,952001
2021-06-21 09:35:16,536.0,952037
2021-06-21 09:35:17,536.2,952420
2021-06-21 09:35:18,536.0,952601
2021-06-21 09:35:19,536.25,952676
2021-06-21 09:35:20,536.3,952953
2021-06-21 09:35:21,536.3,953012
2021-06-21 09:35:22,536.3,953059
2021-06-21 09:35:23,536.15,953321
2021-06-21 09:35:24,535.95,953373
2021-06-21 09:35:25,535.95,953384
2021-06-21 09:35:26,536.0,953434
2021-06-21 09:35:27,536.2,953459
2021-06-21 09:35:28,535.95,953464
2021-06-21 09:35:30,536.25,953485
2021-06-21 09:35:30,536.3,953505
2021-06-21 09:35:31,536.3,953524
2021-06-21 09:35:32,536.15,953538
2021-06-21 09:35:33,536.15,954128
2021-06-21 09:35:34,536.3,954294
2021-06-21 09:35:35,536.3,954331
2021-06-21 09:35:36,536.3,954699
2021-06-21 09:35:38,536.4,954861
2021-06-21 09:35:40,536.5,957743
2021-06-21 09:35:41,536.45,957943
2021-06-21 09:35:42,536.45,958039
2021-06-21 09:35:43,536.65,958430
2021-06-21 09:35:44,536.7,958524
2021-06-21 09:35:45,536.7,958571
2021-06-21 09:35:46,536.55,958579
2021-06-21 09:35:47,536.65,958633
2021-06-21 09:35:48,536.4,958644
2021-06-21 09:35:49,536.3,958675
2021-06-21 09:35:50,536.6,958693
2021-06-21 09:35:51,536.75,960603
2021-06-21 09:35:52,537.0,962908
2021-06-21 09:35:53,536.95,963549
2021-06-21 09:35:54,537.0,965566
2021-06-21 09:35:55,536.75,965686
2021-06-21 09:35:56,536.7,965897
2021-06-21 09:35:59,536.6,966873
2021-06-21 09:36:00,536.65,967063
2021-06-21 09:36:03,536.35,968079
2021-06-21 09:36:04,537.0,973125
2021-06-21 09:36:05,537.0,974135
2021-06-21 09:36:06,537.0,974337
2021-06-21 09:36:07,537.0,975299
2021-06-21 09:36:08,537.0,975591
2021-06-21 09:36:09,536.8,975600
2021-06-21 09:36:10,536.7,975651
2021-06-21 09:36:10,536.9,975720
2021-06-21 09:36:11,536.65,975734
2021-06-21 09:36:12,536.65,975737
2021-06-21 09:36:13,536.65,975739
2021-06-21 09:36:14,536.9,975767
2021-06-21 09:36:16,536.95,976476
2021-06-21 09:36:17,537.0,976618
2021-06-21 09:36:17,536.9,976847
2021-06-21 09:36:18,536.9,977008
2021-06-21 09:36:19,537.0,977074
2021-06-21 09:36:20,537.0,977687
2021-06-21 09:36:21,536.9,977880
2021-06-21 09:36:23,537.0,977933
2021-06-21 09:36:24,536.95,978444
2021-06-21 09:36:25,536.75,978488
2021-06-21 09:36:26,536.9,978569
2021-06-21 09:36:27,536.4,979367
2021-06-21 09:36:29,536.85,979614
2021-06-21 09:36:30,536.65,980108
2021-06-21 09:36:31,536.6,980829
2021-06-21 09:36:32,536.4,981549
2021-06-21 09:36:33,536.5,983627
2021-06-21 09:36:34,536.35,983800
2021-06-21 09:36:35,536.2,983938
2021-06-21 09:36:36,536.2,984273
2021-06-21 09:36:37,536.2,984340
2021-06-21 09:36:38,536.5,984503
2021-06-21 09:36:39,536.25,984586
2021-06-21 09:36:40,536.5,984702
2021-06-21 09:36:41,536.2,986283
2021-06-21 09:36:42,536.15,986593
2021-06-21 09:36:43,536.2,986743
2021-06-21 09:36:44,536.25,987053
2021-06-21 09:36:45,536.1,987115
2021-06-21 09:36:46,536.25,987656
2021-06-21 09:36:47,535.85,990408
2021-06-21 09:36:48,535.65,991273
2021-06-21 09:36:49,535.65,991519
2021-06-21 09:36:50,535.85,991588
2021-06-21 09:36:51,535.5,993316
2021-06-21 09:36:52,535.45,993698
2021-06-21 09:36:53,535.45,993775
2021-06-21 09:36:53,535.55,993960
2021-06-21 09:36:54,535.55,994688
2021-06-21 09:36:55,536.0,994861
2021-06-21 09:36:56,536.1,995212
2021-06-21 09:36:58,536.15,995288
2021-06-21 09:36:59,536.2,996318
2021-06-21 09:37:00,536.5,996587
2021-06-21 09:37:01,536.5,996658
2021-06-21 09:37:02,536.2,996672
2021-06-21 09:37:03,536.45,996794
2021-06-21 09:37:04,536.35,996893
2021-06-21 09:37:05,536.0,999114
2021-06-21 09:37:06,536.0,999584
2021-06-21 09:37:07,536.0,999679
2021-06-21 09:37:08,535.9,999730
2021-06-21 09:37:09,535.95,999740
2021-06-21 09:37:10,535.9,999788
2021-06-21 09:37:11,535.95,999841
2021-06-21 09:37:12,535.95,999851
2021-06-21 09:37:13,535.95,999953
2021-06-21 09:37:14,535.85,999974
2021-06-21 09:37:15,535.9,999998
2021-06-21 09:37:16,535.85,1000003
2021-06-21 09:37:17,536.0,1000084
2021-06-21 09:37:18,536.0,1000100
2021-06-21 09:37:19,535.8,1000803
2021-06-21 09:37:20,536.05,1001022
2021-06-21 09:37:22,535.8,1001983
2021-06-21 09:37:23,535.95,1002358
2021-06-21 09:37:24,535.7,1002433
2021-06-21 09:37:25,535.95,1002449
2021-06-21 09:37:26,535.7,1002565
2021-06-21 09:37:27,535.7,1002953
2021-06-21 09:37:28,535.6,1003031
2021-06-21 09:37:31,535.55,1003143
2021-06-21 09:37:31,535.7,1003191
2021-06-21 09:37:32,535.75,1003200
2021-06-21 09:37:34,536.0,1003325
2021-06-21 09:37:35,535.85,1003340
2021-06-21 09:37:36,535.85,1003348
2021-06-21 09:37:37,535.85,1003360
2021-06-21 09:37:38,535.85,1003362
2021-06-21 09:37:40,535.85,1003428
2021-06-21 09:37:41,536.0,1003554
2021-06-21 09:37:42,535.8,1003579
2021-06-21 09:37:43,535.8,1003604
2021-06-21 09:37:44,536.0,1003660
2021-06-21 09:37:45,536.25,1006995
2021-06-21 09:37:46,536.3,1007725
2021-06-21 09:37:47,536.35,1007979
2021-06-21 09:37:48,536.3,1008030
2021-06-21 09:37:49,536.4,1008041
2021-06-21 09:37:50,536.5,1008193
2021-06-21 09:37:51,536.25,1008374
2021-06-21 09:37:52,536.25,1008410
2021-06-21 09:37:53,536.5,1009329
2021-06-21 09:37:54,536.5,1009359
2021-06-21 09:37:56,536.5,1009670
2021-06-21 09:37:57,536.6,1010074
2021-06-21 09:37:58,536.6,1010166
2021-06-21 09:37:59,536.6,1011044
2021-06-21 09:38:02,536.55,1011589
2021-06-21 09:38:03,536.5,1011717
2021-06-21 09:38:04,536.75,1011943
2021-06-21 09:38:05,536.45,1011988
2021-06-21 09:38:06,536.75,1012647
2021-06-21 09:38:07,536.75,1012812
2021-06-21 09:38:08,536.7,1012953
2021-06-21 09:38:09,536.5,1013181
2021-06-21 09:38:10,536.5,1013326
2021-06-21 09:38:11,536.7,1013434
2021-06-21 09:38:12,536.45,1013456
2021-06-21 09:38:13,536.45,1013460
2021-06-21 09:38:14,536.45,1013471
2021-06-21 09:38:15,536.7,1013988
2021-06-21 09:38:16,536.7,1014599
2021-06-21 09:38:17,536.7,1015375
2021-06-21 09:38:18,536.7,1015596
2021-06-21 09:38:19,536.4,1015640
2021-06-21 09:38:20,536.5,1015650
2021-06-21 09:38:21,536.5,1017650
2021-06-21 09:38:22,536.45,1018449
2021-06-21 09:38:23,536.45,1018609
2021-06-21 09:38:24,536.65,1019606
2021-06-21 09:38:25,536.8,1020335
2021-06-21 09:38:26,536.65,1023916
2021-06-21 09:38:27,536.4,1024217
2021-06-21 09:38:28,536.4,1024694
2021-06-21 09:38:30,536.7,1025438
2021-06-21 09:38:31,536.65,1025720
2021-06-21 09:38:32,536.4,1025776
2021-06-21 09:38:33,536.6,1025807
2021-06-21 09:38:34,536.85,1025820
2021-06-21 09:38:35,536.6,1025847
2021-06-21 09:38:36,536.85,1025888
2021-06-21 09:38:37,536.5,1025896
2021-06-21 09:38:38,536.5,1026147
2021-06-21 09:38:39,536.4,1026996
2021-06-21 09:38:40,536.5,1027172
2021-06-21 09:38:41,536.4,1027479
2021-06-21 09:38:42,536.2,1027540
2021-06-21 09:38:43,536.15,1027553
2021-06-21 09:38:44,536.45,1027818
2021-06-21 09:38:45,536.45,1027911
2021-06-21 09:38:46,536.35,1027929
2021-06-21 09:38:47,536.45,1027993
2021-06-21 09:38:48,536.4,1028256
2021-06-21 09:38:49,536.45,1028369
2021-06-21 09:38:50,536.6,1028657
2021-06-21 09:38:51,536.6,1028820
2021-06-21 09:38:52,536.4,1029302
2021-06-21 09:38:53,536.6,1029499
2021-06-21 09:38:54,536.65,1029638
2021-06-21 09:38:55,536.4,1029993
2021-06-21 09:38:56,536.7,1030156
2021-06-21 09:38:57,536.4,1030689
2021-06-21 09:38:58,536.6,1030801
2021-06-21 09:38:59,536.6,1030873
2021-06-21 09:39:00,536.35,1030888
2021-06-21 09:39:01,536.8,1031088
2021-06-21 09:39:04,536.8,1031239
2021-06-21 09:39:05,536.7,1031246
2021-06-21 09:39:06,536.85,1031357
2021-06-21 09:39:07,536.65,1031580
2021-06-21 09:39:08,536.85,1031657
2021-06-21 09:39:09,536.95,1034072
2021-06-21 09:39:10,536.65,1034858
2021-06-21 09:39:11,536.9,1035024
2021-06-21 09:39:12,536.95,1035118
2021-06-21 09:39:13,536.95,1035346
2021-06-21 09:39:14,536.65,1035391
2021-06-21 09:39:15,536.6,1035400
2021-06-21 09:39:18,536.95,1050618
2021-06-21 09:39:19,536.95,1051482
2021-06-21 09:39:21,536.7,1052794
2021-06-21 09:39:22,537.05,1053506
2021-06-21 09:39:23,537.0,1055678
2021-06-21 09:39:24,537.05,1056121
2021-06-21 09:39:25,536.85,1056123
2021-06-21 09:39:26,536.85,1056833
2021-06-21 09:39:27,536.65,1057025
2021-06-21 09:39:28,537.0,1057222
2021-06-21 09:39:29,537.1,1057312
2021-06-21 09:39:31,537.2,1059616
2021-06-21 09:39:30,536.9,1057586
2021-06-21 09:39:32,537.15,1060024
2021-06-21 09:39:33,536.9,1060286
2021-06-21 09:39:34,536.85,1060439
2021-06-21 09:39:36,537.0,1060583
2021-06-21 09:39:37,537.25,1061149
2021-06-21 09:39:38,536.95,1061262
2021-06-21 09:39:39,537.15,1062485
2021-06-21 09:39:40,537.1,1062744
2021-06-21 09:39:41,537.2,1063354
2021-06-21 09:39:42,536.95,1063536
2021-06-21 09:39:43,537.1,1063582
2021-06-21 09:39:44,537.0,1063592
2021-06-21 09:39:45,537.0,1063692
2021-06-21 09:39:47,536.8,1064584
2021-06-21 09:39:48,536.85,1065191
2021-06-21 09:39:49,536.85,1065312
2021-06-21 09:39:50,537.0,1065472
2021-06-21 09:39:51,537.1,1065704
2021-06-21 09:39:52,536.95,1065950
2021-06-21 09:39:53,536.9,1066415
2021-06-21 09:39:54,536.9,1067110
2021-06-21 09:39:55,536.85,1067317
2021-06-21 09:39:56,536.9,1067589
2021-06-21 09:39:57,536.9,1067663
2021-06-21 09:39:58,536.9,1067903
2021-06-21 09:39:59,537.1,1068501
2021-06-21 09:40:00,536.85,1069545
2021-06-21 09:40:01,536.8,1069873
2021-06-21 09:40:02,537.1,1070439
2021-06-21 09:40:03,536.85,1070552
2021-06-21 09:40:04,537.0,1070561
2021-06-21 09:40:05,536.85,1071576
2021-06-21 09:40:06,537.0,1072742
2021-06-21 09:40:07,536.85,1072763
2021-06-21 09:40:08,536.75,1072980
2021-06-21 09:40:09,536.9,1073023
2021-06-21 09:40:10,536.9,1073083
2021-06-21 09:40:11,536.7,1073700
2021-06-21 09:40:13,536.7,1073848
2021-06-21 09:40:14,536.9,1074394
2021-06-21 09:40:16,536.85,1074554
2021-06-21 09:40:17,536.9,1074615
2021-06-21 09:40:18,536.9,1074677
2021-06-21 09:40:19,536.9,1074732
2021-06-21 09:40:20,536.9,1074827
2021-06-21 09:40:21,536.85,1074974
2021-06-21 09:40:24,536.85,1075041
2021-06-21 09:40:24,536.9,1075246
2021-06-21 09:40:26,536.8,1075820
2021-06-21 09:40:26,536.7,1075930
2021-06-21 09:40:27,536.6,1075957
2021-06-21 09:40:29,536.9,1076111
2021-06-21 09:40:29,536.85,1076003
2021-06-21 09:40:30,536.8,1076132
2021-06-21 09:40:31,536.85,1076157
2021-06-21 09:40:32,536.9,1076262
2021-06-21 09:40:33,536.95,1076419
2021-06-21 09:40:34,536.8,1076450
2021-06-21 09:40:35,536.9,1076457
2021-06-21 09:40:36,536.9,1076467
2021-06-21 09:40:37,537.0,1078440
2021-06-21 09:40:38,536.9,1078472
2021-06-21 09:40:39,536.85,1078475
2021-06-21 09:40:40,536.75,1078815
2021-06-21 09:40:42,536.65,1078980
2021-06-21 09:40:43,536.65,1078999
2021-06-21 09:40:44,536.85,1079028
2021-06-21 09:40:45,536.65,1079034
2021-06-21 09:40:46,536.85,1079051
2021-06-21 09:40:48,536.7,1079158
2021-06-21 09:40:49,536.65,1079167
2021-06-21 09:40:50,536.7,1079231
2021-06-21 09:40:52,536.6,1079243
2021-06-21 09:40:52,536.65,1079246
2021-06-21 09:40:53,536.65,1079257
2021-06-21 09:40:54,536.8,1079315
2021-06-21 09:40:55,536.8,1079332
2021-06-21 09:40:56,536.8,1079388
2021-06-21 09:40:57,536.7,1079662
2021-06-21 09:40:58,536.7,1079682
2021-06-21 09:40:59,536.8,1079742
2021-06-21 09:41:00,536.85,1080507
2021-06-21 09:41:01,536.6,1080660
2021-06-21 09:41:02,536.7,1080866
2021-06-21 09:41:03,536.7,1080939
2021-06-21 09:41:04,536.8,1080983
2021-06-21 09:41:05,536.85,1081008
2021-06-21 09:41:06,536.8,1081131
2021-06-21 09:41:07,536.8,1081177
2021-06-21 09:41:08,536.9,1081346
2021-06-21 09:41:09,536.9,1081407
2021-06-21 09:41:10,536.85,1081537
2021-06-21 09:41:11,536.65,1081890
2021-06-21 09:41:12,536.6,1082130
2021-06-21 09:41:13,536.6,1082330
2021-06-21 09:41:15,536.65,1082461
2021-06-21 09:41:16,536.65,1082473
2021-06-21 09:41:17,536.65,1082476
2021-06-21 09:41:18,536.6,1082562
2021-06-21 09:41:19,536.85,1082613
2021-06-21 09:41:21,536.65,1082658
2021-06-21 09:41:21,536.85,1082681
2021-06-21 09:41:23,536.6,1082885
2021-06-21 09:41:23,536.6,1082947
2021-06-21 09:41:24,536.9,1083179
2021-06-21 09:41:25,536.65,1083180
2021-06-21 09:41:26,536.85,1083234
2021-06-21 09:41:27,536.65,1083245
2021-06-21 09:41:28,536.65,1083257
2021-06-21 09:41:31,536.8,1084901
2021-06-21 09:41:32,537.0,1084969
2021-06-21 09:41:33,537.25,1089711
2021-06-21 09:41:34,536.95,1090659
2021-06-21 09:41:35,536.9,1090849
2021-06-21 09:41:36,537.3,1091509
2021-06-21 09:41:37,537.05,1091641
2021-06-21 09:41:38,537.3,1091685
2021-06-21 09:41:39,537.3,1091803
2021-06-21 09:41:40,537.05,1092126
2021-06-21 09:41:41,537.05,1092190
2021-06-21 09:41:42,537.4,1092869
2021-06-21 09:41:43,537.4,1093015
2021-06-21 09:41:44,537.4,1093251
2021-06-21 09:41:45,537.3,1093433
2021-06-21 09:41:46,537.4,1093545
2021-06-21 09:41:47,537.5,1093719
2021-06-21 09:41:48,537.3,1093754
2021-06-21 09:41:49,537.5,1095282
2021-06-21 09:41:50,537.45,1096005
2021-06-21 09:41:51,537.3,1096171
2021-06-21 09:41:52,537.3,1096209
2021-06-21 09:41:53,537.45,1096237
2021-06-21 09:41:54,537.45,1096277
2021-06-21 09:41:55,537.5,1098290
2021-06-21 09:41:56,537.5,1099308
2021-06-21 09:41:57,537.45,1099338
2021-06-21 09:41:58,537.5,1099548
2021-06-21 09:41:59,537.8,1101008
2021-06-21 09:42:00,537.45,1101300
2021-06-21 09:42:01,537.7,1101408
2021-06-21 09:42:02,537.7,1101446
2021-06-21 09:42:03,537.4,1102103
2021-06-21 09:42:04,537.4,1102117
2021-06-21 09:42:05,537.4,1102372
2021-06-21 09:42:06,537.4,1102433
2021-06-21 09:42:07,537.6,1103205
2021-06-21 09:42:08,537.6,1103302
2021-06-21 09:42:09,537.5,1103306
2021-06-21 09:42:10,537.75,1103504
2021-06-21 09:42:11,537.5,1103544
2021-06-21 09:42:12,537.65,1103612
2021-06-21 09:42:13,537.65,1103639
2021-06-21 09:42:14,537.5,1104694
2021-06-21 09:42:15,537.75,1105097
2021-06-21 09:42:16,537.45,1105183
2021-06-21 09:42:17,537.75,1105212
2021-06-21 09:42:18,537.75,1105518
2021-06-21 09:42:19,537.75,1105601
2021-06-21 09:42:20,537.85,1106841
2021-06-21 09:42:21,537.85,1107109
2021-06-21 09:42:22,537.75,1109498
2021-06-21 09:42:23,537.7,1110094
2021-06-21 09:42:24,537.75,1110223
2021-06-21 09:42:25,537.5,1110329
2021-06-21 09:42:27,537.7,1110392
2021-06-21 09:42:27,537.7,1110407
2021-06-21 09:42:28,537.85,1111301
2021-06-21 09:42:29,537.8,1111504
2021-06-21 09:42:30,537.9,1112017
2021-06-21 09:42:31,537.85,1112245
2021-06-21 09:42:32,537.55,1112481
2021-06-21 09:42:34,537.75,1112705
2021-06-21 09:42:35,537.7,1112805
2021-06-21 09:42:36,537.7,1112845
2021-06-21 09:42:37,537.7,1114527
2021-06-21 09:42:38,537.7,1114621
2021-06-21 09:42:39,537.7,1114649
2021-06-21 09:42:40,537.5,1114726
2021-06-21 09:42:41,537.55,1114743
2021-06-21 09:42:42,537.65,1115164
2021-06-21 09:42:43,537.65,1115457
2021-06-21 09:42:44,537.6,1116279
2021-06-21 09:42:45,537.6,1116466
2021-06-21 09:42:46,537.65,1116504
2021-06-21 09:42:48,537.5,1118718
2021-06-21 09:42:49,537.4,1119096
2021-06-21 09:42:49,537.5,1119271
2021-06-21 09:42:50,537.5,1119424
2021-06-21 09:42:51,537.5,1119775
2021-06-21 09:42:52,537.5,1120487
2021-06-21 09:42:53,537.5,1120630
2021-06-21 09:42:54,537.7,1120928
2021-06-21 09:42:55,537.65,1121003
2021-06-21 09:42:57,537.4,1121221
2021-06-21 09:42:58,537.7,1121461
2021-06-21 09:42:59,537.4,1121592
2021-06-21 09:43:00,537.7,1121698
2021-06-21 09:43:02,537.65,1121819
2021-06-21 09:43:03,537.65,1121845
2021-06-21 09:43:04,537.4,1122003
2021-06-21 09:43:05,537.7,1123371
2021-06-21 09:43:06,537.4,1123686
2021-06-21 09:43:07,537.4,1123925
2021-06-21 09:43:08,537.35,1124057
2021-06-21 09:43:09,537.6,1124086
2021-06-21 09:43:10,537.4,1124165
2021-06-21 09:43:11,537.65,1124362
2021-06-21 09:43:12,537.65,1124421
2021-06-21 09:43:13,537.5,1124437
2021-06-21 09:43:13,537.4,1124441
2021-06-21 09:43:15,537.5,1124463
2021-06-21 09:43:16,537.4,1124871
2021-06-21 09:43:20,537.5,1125128
2021-06-21 09:43:21,537.4,1125139
2021-06-21 09:43:25,537.4,1127083
2021-06-21 09:43:26,537.5,1127477
2021-06-21 09:43:27,537.45,1127571
2021-06-21 09:43:29,537.6,1127598
2021-06-21 09:43:30,537.5,1127617
2021-06-21 09:43:30,537.4,1127619
2021-06-21 09:43:32,537.4,1127754
2021-06-21 09:43:32,537.45,1127881
2021-06-21 09:43:33,537.5,1128430
2021-06-21 09:43:34,537.45,1128596
2021-06-21 09:43:35,537.4,1128676
2021-06-21 09:43:36,537.35,1128946
2021-06-21 09:43:37,537.6,1129517
2021-06-21 09:43:38,537.6,1129802
2021-06-21 09:43:39,537.6,1129866
2021-06-21 09:43:40,537.45,1130242
2021-06-21 09:43:41,537.65,1130518
2021-06-21 09:43:42,537.7,1130584
2021-06-21 09:43:43,537.8,1131108
2021-06-21 09:43:44,537.6,1131232
2021-06-21 09:43:45,537.55,1131260
2021-06-21 09:43:46,537.55,1131265
2021-06-21 09:43:48,537.55,1131308
2021-06-21 09:43:49,537.45,1131667
2021-06-21 09:43:49,537.5,1131672
2021-06-21 09:43:51,537.45,1131759
2021-06-21 09:43:51,537.45,1131745
2021-06-21 09:43:52,537.45,1131762
2021-06-21 09:43:53,537.45,1131763
2021-06-21 09:43:54,537.45,1132030
2021-06-21 09:43:55,537.45,1132121
2021-06-21 09:43:58,537.8,1132662
2021-06-21 09:43:59,537.6,1132725
2021-06-21 09:44:00,537.5,1132772
2021-06-21 09:44:01,537.5,1132892
2021-06-21 09:44:02,537.55,1133016
2021-06-21 09:44:02,537.5,1133040
2021-06-21 09:44:03,537.7,1133046
2021-06-21 09:44:04,537.7,1133054
2021-06-21 09:44:05,537.5,1133056
2021-06-21 09:44:06,537.5,1133056
2021-06-21 09:44:07,537.5,1133056
2021-06-21 09:44:08,537.7,1133066
2021-06-21 09:44:09,537.6,1133080
2021-06-21 09:44:10,537.45,1133333
2021-06-21 09:44:11,537.5,1133418
2021-06-21 09:44:12,537.65,1133935
2021-06-21 09:44:13,537.45,1134065
2021-06-21 09:44:14,537.55,1134116
2021-06-21 09:44:15,537.4,1134126
2021-06-21 09:44:16,537.4,1134128
2021-06-21 09:44:17,537.35,1134129
2021-06-21 09:44:18,537.35,1134129
2021-06-21 09:44:19,537.35,1134129
2021-06-21 09:44:20,537.5,1134367
2021-06-21 09:44:21,537.5,1134431
2021-06-21 09:44:23,537.15,1134754
2021-06-21 09:44:24,537.0,1138938
2021-06-21 09:44:25,537.25,1139785
2021-06-21 09:44:26,537.0,1139954
2021-06-21 09:44:28,537.25,1140773
2021-06-21 09:44:28,537.0,1140937
2021-06-21 09:44:29,537.35,1140977
2021-06-21 09:44:30,537.1,1140985
2021-06-21 09:44:31,537.35,1141006
2021-06-21 09:44:32,537.25,1141529
2021-06-21 09:44:33,537.4,1141640
2021-06-21 09:44:34,537.35,1141663
2021-06-21 09:44:35,537.1,1141668
2021-06-21 09:44:36,537.1,1141694
2021-06-21 09:44:37,537.1,1141699
2021-06-21 09:44:38,537.1,1141700
2021-06-21 09:44:39,537.1,1141700
2021-06-21 09:44:41,537.3,1141767
2021-06-21 09:44:42,537.05,1141900
2021-06-21 09:44:43,537.05,1141941
2021-06-21 09:44:44,537.3,1142081
2021-06-21 09:44:45,537.15,1142111
2021-06-21 09:44:46,537.1,1142286
2021-06-21 09:44:47,537.1,1142348
2021-06-21 09:44:48,537.05,1142361
2021-06-21 09:44:49,537.1,1142514
2021-06-21 09:44:49,537.05,1142532
2021-06-21 09:44:50,537.1,1142564
2021-06-21 09:44:51,537.1,1142815
2021-06-21 09:44:52,537.1,1142915
2021-06-21 09:44:53,537.0,1142952
2021-06-21 09:44:54,537.0,1144260
2021-06-21 09:44:55,537.0,1144521
2021-06-21 09:44:56,537.1,1144592
2021-06-21 09:44:58,537.0,1144857
2021-06-21 09:44:58,537.1,1144975
2021-06-21 09:45:00,537.0,1145000
2021-06-21 09:45:01,537.05,1146337
2021-06-21 09:45:02,537.05,1146617
2021-06-21 09:45:03,537.05,1146673
2021-06-21 09:45:04,537.1,1146693
2021-06-21 09:45:05,537.0,1147298
2021-06-21 09:45:05,537.1,1147435
2021-06-21 09:45:07,537.1,1149028
2021-06-21 09:45:08,537.05,1149128
2021-06-21 09:45:09,537.0,1149467
2021-06-21 09:45:10,537.0,1149535
2021-06-21 09:45:11,537.0,1149548
2021-06-21 09:45:12,537.1,1149651
2021-06-21 09:45:13,537.1,1149791
2021-06-21 09:45:14,537.0,1149819
2021-06-21 09:45:14,537.1,1149940
2021-06-21 09:45:15,537.0,1152489
2021-06-21 09:45:16,536.95,1154710
2021-06-21 09:45:17,536.75,1154909
2021-06-21 09:45:18,536.7,1154929
2021-06-21 09:45:20,536.65,1155211
2021-06-21 09:45:21,536.6,1155262
2021-06-21 09:45:22,536.85,1155341
2021-06-21 09:45:22,536.85,1155906
2021-06-21 09:45:23,536.6,1156019
2021-06-21 09:45:24,536.55,1156043
2021-06-21 09:45:25,537.0,1156338
2021-06-21 09:45:26,536.95,1156414
2021-06-21 09:45:27,536.95,1156439
2021-06-21 09:45:28,536.8,1156447
2021-06-21 09:45:29,536.75,1156449
2021-06-21 09:45:30,536.75,1156465
2021-06-21 09:45:31,536.75,1156489
2021-06-21 09:45:32,536.6,1156505
2021-06-21 09:45:33,536.75,1156512
2021-06-21 09:45:34,536.8,1156524
2021-06-21 09:45:36,536.65,1156526
2021-06-21 09:45:37,536.55,1156907
2021-06-21 09:45:38,536.55,1156984
2021-06-21 09:45:39,536.6,1156999
2021-06-21 09:45:40,537.0,1160707
2021-06-21 09:45:41,536.8,1160880
2021-06-21 09:45:42,536.75,1161255
2021-06-21 09:45:43,536.7,1161626
2021-06-21 09:45:43,536.95,1162123
2021-06-21 09:45:45,536.65,1162223
2021-06-21 09:45:45,536.65,1162243
2021-06-21 09:45:46,536.75,1162269
2021-06-21 09:45:47,536.75,1162294
2021-06-21 09:45:48,536.75,1162479
2021-06-21 09:45:51,536.9,1163075
2021-06-21 09:45:51,536.75,1163143
2021-06-21 09:45:52,536.75,1163157
2021-06-21 09:45:53,536.7,1163160
2021-06-21 09:45:54,536.7,1163166
2021-06-21 09:45:56,536.7,1163214
2021-06-21 09:45:57,537.0,1163341
2021-06-21 09:45:58,536.8,1163400
2021-06-21 09:45:59,536.8,1163412
2021-06-21 09:46:00,537.0,1163465
2021-06-21 09:46:01,537.0,1163478
2021-06-21 09:46:03,536.8,1163481
2021-06-21 09:46:04,536.95,1163497
2021-06-21 09:46:05,536.9,1164271
2021-06-21 09:46:06,536.9,1164525
2021-06-21 09:46:07,537.0,1164811
2021-06-21 09:46:10,536.8,1167663
2021-06-21 09:46:11,536.9,1168041
2021-06-21 09:46:12,536.75,1168083
2021-06-21 09:46:12,536.7,1168125
2021-06-21 09:46:13,536.9,1168164
2021-06-21 09:46:14,536.9,1168222
2021-06-21 09:46:15,536.85,1168240
2021-06-21 09:46:17,536.7,1168243
2021-06-21 09:46:17,536.7,1168244
2021-06-21 09:46:18,536.85,1168309
2021-06-21 09:46:19,536.6,1168466
2021-06-21 09:46:20,536.6,1168581
2021-06-21 09:46:21,536.75,1168650
2021-06-21 09:46:22,536.6,1168664
2021-06-21 09:46:23,536.75,1168677
2021-06-21 09:46:24,536.6,1169729
2021-06-21 09:46:26,536.6,1169870
2021-06-21 09:46:27,536.55,1169987
2021-06-21 09:46:28,536.6,1170166
2021-06-21 09:46:28,536.9,1171445
2021-06-21 09:46:29,536.9,1173952
2021-06-21 09:46:30,536.65,1175706
2021-06-21 09:46:31,536.7,1176619
2021-06-21 09:46:32,536.7,1176802
2021-06-21 09:46:34,536.65,1176839
2021-06-21 09:46:35,536.65,1176849
2021-06-21 09:46:35,536.8,1176852
2021-06-21 09:46:36,536.85,1177124
2021-06-21 09:46:37,537.0,1177329
2021-06-21 09:46:39,536.7,1177370
2021-06-21 09:46:39,536.7,1177384
2021-06-21 09:46:40,536.7,1177477
2021-06-21 09:46:42,536.95,1177528
2021-06-21 09:46:42,536.95,1177600
2021-06-21 09:46:43,536.65,1177634
2021-06-21 09:46:44,536.9,1177879
2021-06-21 09:46:46,536.95,1177929
2021-06-21 09:46:46,536.9,1177949
2021-06-21 09:46:48,536.9,1177958
2021-06-21 09:46:49,536.65,1177968
2021-06-21 09:46:49,536.9,1178040
2021-06-21 09:46:50,536.65,1178248
2021-06-21 09:46:51,536.65,1178340
2021-06-21 09:46:53,536.9,1178601
2021-06-21 09:46:53,536.65,1178663
2021-06-21 09:46:54,536.65,1178898
2021-06-21 09:46:56,536.65,1179453
2021-06-21 09:46:57,536.6,1179564
2021-06-21 09:46:57,536.65,1179686
2021-06-21 09:46:59,536.6,1179710
2021-06-21 09:47:00,536.85,1180014
2021-06-21 09:47:01,536.7,1180075
2021-06-21 09:47:02,536.85,1180207
2021-06-21 09:47:03,536.65,1180259
2021-06-21 09:47:04,536.75,1180269
2021-06-21 09:47:05,536.75,1180425
2021-06-21 09:47:06,536.7,1180456
2021-06-21 09:47:06,536.7,1180467
2021-06-21 09:47:07,536.7,1180470
2021-06-21 09:47:09,536.75,1180513
2021-06-21 09:47:11,536.85,1180816
2021-06-21 09:47:12,536.8,1180874
2021-06-21 09:47:12,536.8,1180886
2021-06-21 09:47:13,536.7,1181888
2021-06-21 09:47:14,536.7,1182114
2021-06-21 09:47:16,536.8,1182115
2021-06-21 09:47:17,536.95,1182293
2021-06-21 09:47:17,536.95,1182354
2021-06-21 09:47:18,536.95,1182390
2021-06-21 09:47:21,536.75,1182534
2021-06-21 09:47:21,536.75,1182549
2021-06-21 09:47:23,537.0,1184451
2021-06-21 09:47:24,536.75,1184721
2021-06-21 09:47:24,536.75,1184941
2021-06-21 09:47:25,536.7,1184985
2021-06-21 09:47:26,536.65,1185115
2021-06-21 09:47:27,536.95,1185241
2021-06-21 09:47:28,536.65,1185266
2021-06-21 09:47:29,536.65,1185271
2021-06-21 09:47:31,537.05,1185524
2021-06-21 09:47:31,536.9,1185528
2021-06-21 09:47:32,537.0,1185629
2021-06-21 09:47:33,536.7,1185756
2021-06-21 09:47:34,536.65,1185781
2021-06-21 09:47:35,536.7,1186201
2021-06-21 09:47:36,536.7,1186295
2021-06-21 09:47:37,536.7,1187322
2021-06-21 09:47:39,536.9,1187864
2021-06-21 09:47:40,536.9,1187981
2021-06-21 09:47:41,536.65,1188051
2021-06-21 09:47:42,536.65,1188065
2021-06-21 09:47:43,536.65,1188189
2021-06-21 09:47:44,536.7,1188214
2021-06-21 09:47:44,536.7,1188219
2021-06-21 09:47:46,536.8,1188275
2021-06-21 09:47:46,536.95,1188286
2021-06-21 09:47:47,537.5,1192136
2021-06-21 09:47:48,537.2,1192278
2021-06-21 09:47:49,537.05,1192318
2021-06-21 09:47:50,537.0,1192944
2021-06-21 09:47:51,537.0,1193115
2021-06-21 09:47:52,537.0,1193169
2021-06-21 09:47:53,537.35,1193272
2021-06-21 09:47:54,537.1,1193293
2021-06-21 09:47:56,537.35,1193307
2021-06-21 09:47:57,537.35,1193610
2021-06-21 09:47:58,537.1,1193621
2021-06-21 09:47:58,537.0,1193672
2021-06-21 09:48:00,537.1,1193808
2021-06-21 09:48:01,537.05,1193866
2021-06-21 09:48:02,537.0,1193877
2021-06-21 09:48:03,536.65,1219937
2021-06-21 09:48:04,536.6,1220872
2021-06-21 09:48:05,536.5,1221315
2021-06-21 09:48:06,536.75,1222342
2021-06-21 09:48:08,536.75,1222596
2021-06-21 09:48:10,536.6,1222608
2021-06-21 09:48:11,536.6,1222608
2021-06-21 09:48:12,536.6,1222608
2021-06-21 09:48:13,536.6,1222608
2021-06-21 09:48:14,536.85,1222638
2021-06-21 09:48:16,536.65,1222646
2021-06-21 09:48:16,536.7,1222692
2021-06-21 09:48:17,536.7,1223086
2021-06-21 09:48:18,536.8,1223208
2021-06-21 09:48:20,536.75,1223234
2021-06-21 09:48:20,536.7,1223241
2021-06-21 09:48:21,536.7,1223242
2021-06-21 09:48:23,536.7,1223243
2021-06-21 09:48:24,536.8,1223293
2021-06-21 09:48:25,536.85,1223305
2021-06-21 09:48:26,536.9,1223340
2021-06-21 09:48:27,536.7,1223550
2021-06-21 09:48:28,536.7,1223592
2021-06-21 09:48:29,536.7,1223606
2021-06-21 09:48:30,536.7,1223608
2021-06-21 09:48:31,536.7,1223609
2021-06-21 09:48:32,536.7,1223609
2021-06-21 09:48:33,536.7,1223609
2021-06-21 09:48:36,537.0,1223626
2021-06-21 09:48:37,537.0,1223669
2021-06-21 09:48:38,537.0,1223691
2021-06-21 09:48:39,536.75,1223695
2021-06-21 09:48:41,536.7,1223720
2021-06-21 09:48:42,536.7,1223721
2021-06-21 09:48:42,536.7,1223756
2021-06-21 09:48:44,536.85,1223824
2021-06-21 09:48:44,536.85,1223872
2021-06-21 09:48:45,536.85,1223942
2021-06-21 09:48:46,536.7,1223956
2021-06-21 09:48:48,536.7,1223958
2021-06-21 09:48:49,536.7,1223964
2021-06-21 09:48:50,536.7,1224011
2021-06-21 09:48:51,536.7,1224020
2021-06-21 09:48:52,536.7,1224022
2021-06-21 09:48:53,536.7,1224538
2021-06-21 09:48:54,536.7,1224590
2021-06-21 09:48:55,536.65,1224722
2021-06-21 09:48:56,536.85,1224809
2021-06-21 09:48:57,536.85,1224830
2021-06-21 09:48:58,536.85,1224842
2021-06-21 09:48:59,536.7,1224870
2021-06-21 09:49:00,536.7,1224902
2021-06-21 09:49:01,536.7,1224929
2021-06-21 09:49:02,536.55,1224934
2021-06-21 09:49:03,536.7,1224960
2021-06-21 09:49:04,536.65,1224989
2021-06-21 09:49:05,536.6,1225218
2021-06-21 09:49:06,536.5,1225356
2021-06-21 09:49:07,536.7,1225394
2021-06-21 09:49:08,536.7,1225428
2021-06-21 09:49:09,536.5,1225435
2021-06-21 09:49:10,536.5,1225451
2021-06-21 09:49:11,536.5,1225464
2021-06-21 09:49:12,536.55,1225639
2021-06-21 09:49:13,536.55,1225674
2021-06-21 09:49:14,536.85,1225690
2021-06-21 09:49:15,536.7,1225693
2021-06-21 09:49:16,536.7,1225704
2021-06-21 09:49:17,536.85,1225707
2021-06-21 09:49:18,536.65,1225741
2021-06-21 09:49:19,536.65,1225747
2021-06-21 09:49:20,536.65,1225749
2021-06-21 09:49:21,536.6,1225774
2021-06-21 09:49:22,536.6,1225779
2021-06-21 09:49:23,536.6,1225780
2021-06-21 09:49:24,536.6,1225780
2021-06-21 09:49:25,536.6,1225780
2021-06-21 09:49:26,536.85,1225852
2021-06-21 09:49:27,536.85,1225879
2021-06-21 09:49:28,536.55,1225886
2021-06-21 09:49:29,536.55,1225887
2021-06-21 09:49:30,536.6,1225889
2021-06-21 09:49:31,536.6,1225889
2021-06-21 09:49:32,536.6,1225889
2021-06-21 09:49:33,536.8,1225915
2021-06-21 09:49:34,536.55,1226020
2021-06-21 09:49:35,536.55,1226043
2021-06-21 09:49:36,536.8,1226161
2021-06-21 09:49:37,536.75,1226184
2021-06-21 09:49:38,536.75,1226189
2021-06-21 09:49:39,536.75,1226198
2021-06-21 09:49:40,536.85,1226867
2021-06-21 09:49:42,536.75,1227049
2021-06-21 09:49:43,536.75,1227063
2021-06-21 09:49:44,536.9,1227271
2021-06-21 09:49:45,536.9,1227329
2021-06-21 09:49:46,536.9,1227342
2021-06-21 09:49:47,536.75,1227345
2021-06-21 09:49:48,536.75,1227345
2021-06-21 09:49:49,536.85,1227347
2021-06-21 09:49:50,536.8,1227599
2021-06-21 09:49:51,536.75,1227649
2021-06-21 09:49:52,536.8,1227679
2021-06-21 09:49:53,536.75,1227688
2021-06-21 09:49:54,536.75,1227732
2021-06-21 09:49:55,536.75,1227751
2021-06-21 09:49:56,536.75,1227754
2021-06-21 09:49:57,536.85,1227811
2021-06-21 09:49:58,536.6,1227822
2021-06-21 09:49:59,536.55,1227940
2021-06-21 09:50:00,536.7,1228010
2021-06-21 09:50:02,536.6,1229739
2021-06-21 09:50:03,536.45,1229755
2021-06-21 09:50:04,536.4,1230085
2021-06-21 09:50:05,536.35,1230103
2021-06-21 09:50:06,536.1,1230713
2021-06-21 09:50:07,536.15,1230872
2021-06-21 09:50:08,536.35,1230914
2021-06-21 09:50:09,536.35,1230926
2021-06-21 09:50:10,536.1,1230969
2021-06-21 09:50:11,536.1,1231180
2021-06-21 09:50:12,536.35,1231372
2021-06-21 09:50:13,536.05,1231411
2021-06-21 09:50:14,536.3,1231576
2021-06-21 09:50:15,536.1,1231809
2021-06-21 09:50:16,536.05,1231856
2021-06-21 09:50:17,536.3,1233789
2021-06-21 09:50:18,536.55,1236110
2021-06-21 09:50:19,536.3,1236338
2021-06-21 09:50:20,536.1,1236855
2021-06-21 09:50:21,536.4,1237252
2021-06-21 09:50:22,536.55,1237354
2021-06-21 09:50:23,536.3,1237374
2021-06-21 09:50:24,536.3,1237462
2021-06-21 09:50:25,536.3,1237495
2021-06-21 09:50:26,536.3,1237511
2021-06-21 09:50:27,536.3,1237514
2021-06-21 09:50:29,536.2,1237545
2021-06-21 09:50:31,536.15,1237748
2021-06-21 09:50:33,536.3,1237835
2021-06-21 09:50:35,536.1,1237893
2021-06-21 09:50:36,536.3,1237928
2021-06-21 09:50:37,536.3,1238035
2021-06-21 09:50:38,536.05,1238056
2021-06-21 09:50:39,536.1,1238061
2021-06-21 09:50:40,536.4,1240347
2021-06-21 09:50:41,536.35,1240466
2021-06-21 09:50:42,536.3,1240828
2021-06-21 09:50:43,536.3,1240928
2021-06-21 09:50:44,536.25,1241028
2021-06-21 09:50:45,536.3,1241058
2021-06-21 09:50:46,536.05,1241064
2021-06-21 09:50:47,536.05,1241065
2021-06-21 09:50:48,536.15,1241095
2021-06-21 09:50:49,536.4,1241602
2021-06-21 09:50:52,536.3,1241964
2021-06-21 09:50:53,536.15,1242016
2021-06-21 09:50:54,536.1,1242026
2021-06-21 09:50:56,536.35,1242231
2021-06-21 09:50:57,536.15,1242242
2021-06-21 09:50:58,536.25,1242255
2021-06-21 09:50:59,536.25,1242277
2021-06-21 09:51:00,536.4,1242302
2021-06-21 09:51:01,536.4,1242314
2021-06-21 09:51:02,536.4,1242375
2021-06-21 09:51:03,536.4,1242678
2021-06-21 09:51:04,536.1,1242740
2021-06-21 09:51:05,536.1,1242764
2021-06-21 09:51:06,536.4,1242782
2021-06-21 09:51:07,536.25,1242825
2021-06-21 09:51:08,536.4,1242857
2021-06-21 09:51:09,536.4,1242888
2021-06-21 09:51:10,536.4,1243052
2021-06-21 09:51:11,536.1,1243109
2021-06-21 09:51:12,536.05,1243391
2021-06-21 09:51:13,536.3,1245327
2021-06-21 09:51:14,536.3,1245815
2021-06-21 09:51:15,536.05,1245912
2021-06-21 09:51:16,536.05,1246033
2021-06-21 09:51:17,536.1,1246057
2021-06-21 09:51:18,536.1,1246062
2021-06-21 09:51:19,536.35,1247915
2021-06-21 09:51:20,536.2,1248161
2021-06-21 09:51:21,536.1,1248234
2021-06-21 09:51:22,536.3,1248549
2021-06-21 09:51:23,536.05,1248617
2021-06-21 09:51:24,536.05,1248924
2021-06-21 09:51:25,536.05,1251250
2021-06-21 09:51:26,535.9,1254413
2021-06-21 09:51:27,535.85,1254419
2021-06-21 09:51:29,536.05,1256861
2021-06-21 09:51:30,535.6,1257999
2021-06-21 09:51:31,535.6,1258450
2021-06-21 09:51:32,535.95,1258557
2021-06-21 09:51:33,535.95,1260432
2021-06-21 09:51:34,535.9,1262658
2021-06-21 09:51:35,535.5,1265275
2021-06-21 09:51:36,535.5,1266055
2021-06-21 09:51:37,535.45,1266313
2021-06-21 09:51:38,535.45,1266385
2021-06-21 09:51:39,535.55,1269031
2021-06-21 09:51:41,535.85,1270622
2021-06-21 09:51:41,535.95,1271936
2021-06-21 09:51:42,535.95,1272251
2021-06-21 09:51:43,535.95,1273268
2021-06-21 09:51:44,535.95,1273472
2021-06-21 09:51:45,535.95,1273561
2021-06-21 09:51:46,535.95,1273578
2021-06-21 09:51:48,535.95,1273734
2021-06-21 09:51:49,535.95,1273764
2021-06-21 09:51:50,535.95,1274049
2021-06-21 09:51:51,535.95,1274106
2021-06-21 09:51:52,536.0,1274124
2021-06-21 09:51:53,535.95,1274182
2021-06-21 09:51:54,536.0,1275790
2021-06-21 09:51:55,536.2,1276144
2021-06-21 09:51:56,535.95,1276420
2021-06-21 09:51:58,536.0,1276493
2021-06-21 09:51:58,535.8,1276508
2021-06-21 09:52:01,535.9,1276818
2021-06-21 09:52:02,535.7,1276970
2021-06-21 09:52:03,535.55,1277000
2021-06-21 09:52:06,535.65,1279623
2021-06-21 09:52:07,535.85,1280732
2021-06-21 09:52:08,535.65,1280750
2021-06-21 09:52:09,535.6,1281750
2021-06-21 09:52:11,535.5,1281950
2021-06-21 09:52:12,535.85,1282062
2021-06-21 09:52:12,535.85,1282085
2021-06-21 09:52:13,535.85,1282104
2021-06-21 09:52:14,535.9,1282113
2021-06-21 09:52:15,535.9,1282130
2021-06-21 09:52:16,535.9,1282133
2021-06-21 09:52:17,535.9,1282563
2021-06-21 09:52:18,535.8,1283184
2021-06-21 09:52:20,535.8,1283310
2021-06-21 09:52:21,535.75,1283581
2021-06-21 09:52:22,535.75,1283666
2021-06-21 09:52:22,535.55,1283683
2021-06-21 09:52:23,535.8,1283707
2021-06-21 09:52:24,535.7,1283722
2021-06-21 09:52:25,535.55,1283726
2021-06-21 09:52:26,535.55,1283732
2021-06-21 09:52:27,535.7,1283789
2021-06-21 09:52:28,535.7,1283824
2021-06-21 09:52:29,535.55,1283936
2021-06-21 09:52:30,535.5,1283960
2021-06-21 09:52:32,535.55,1285320
2021-06-21 09:52:33,535.5,1285537
2021-06-21 09:52:34,535.7,1285591
2021-06-21 09:52:35,535.7,1285606
2021-06-21 09:52:36,535.55,1285619
2021-06-21 09:52:37,535.75,1286529
2021-06-21 09:52:38,536.0,1286801
2021-06-21 09:52:40,535.75,1286855
2021-06-21 09:52:40,535.9,1286871
2021-06-21 09:52:41,535.75,1286879
2021-06-21 09:52:42,536.0,1286911
2021-06-21 09:52:43,536.0,1287417
2021-06-21 09:52:44,535.75,1287653
2021-06-21 09:52:45,536.0,1287705
2021-06-21 09:52:46,536.0,1287727
2021-06-21 09:52:47,536.0,1287792
2021-06-21 09:52:48,536.0,1287832
2021-06-21 09:52:49,535.9,1287840
2021-06-21 09:52:50,536.0,1288360
2021-06-21 09:52:51,535.9,1288516
2021-06-21 09:52:53,535.65,1288900
2021-06-21 09:52:53,535.65,1288977
2021-06-21 09:52:54,536.0,1289043
2021-06-21 09:52:55,535.95,1289403
2021-06-21 09:52:56,535.9,1289429
2021-06-21 09:52:57,535.85,1289555
2021-06-21 09:52:58,535.8,1289604
2021-06-21 09:52:59,535.9,1289636
2021-06-21 09:53:01,535.9,1289803
2021-06-21 09:53:03,535.9,1290043
2021-06-21 09:53:04,535.85,1290079
2021-06-21 09:53:05,535.75,1290086
2021-06-21 09:53:06,536.0,1290104
2021-06-21 09:53:07,535.75,1290108
2021-06-21 09:53:08,535.75,1290109
2021-06-21 09:53:09,535.75,1290109
2021-06-21 09:53:10,535.95,1290261
2021-06-21 09:53:11,536.1,1290829
2021-06-21 09:53:13,536.1,1291051
2021-06-21 09:53:14,536.2,1291101
2021-06-21 09:53:16,536.05,1291209
2021-06-21 09:53:18,536.05,1291214
2021-06-21 09:53:19,536.2,1291218
2021-06-21 09:53:19,536.2,1291224
2021-06-21 09:53:20,536.05,1291225
2021-06-21 09:53:21,536.05,1291225
2021-06-21 09:53:22,536.25,1291234
2021-06-21 09:53:24,536.25,1291246
2021-06-21 09:53:24,536.3,1291266
2021-06-21 09:53:25,536.25,1291914
2021-06-21 09:53:26,536.05,1291916
2021-06-21 09:53:28,536.0,1292044
2021-06-21 09:53:29,536.25,1292086
2021-06-21 09:53:30,536.25,1292144
2021-06-21 09:53:31,536.4,1292487
2021-06-21 09:53:31,536.25,1292592
2021-06-21 09:53:33,536.1,1292613
2021-06-21 09:53:34,536.25,1292673
2021-06-21 09:53:35,536.1,1292685
2021-06-21 09:53:36,536.2,1292706
2021-06-21 09:53:37,536.0,1292710
2021-06-21 09:53:37,536.0,1292711
2021-06-21 09:53:38,536.0,1292711
2021-06-21 09:53:39,536.2,1292811
2021-06-21 09:53:40,536.1,1292824
2021-06-21 09:53:42,536.0,1292870
2021-06-21 09:53:43,536.25,1293879
2021-06-21 09:53:43,536.2,1294096
2021-06-21 09:53:44,536.0,1294169
2021-06-21 09:53:45,536.25,1294316
2021-06-21 09:53:46,536.0,1294345
2021-06-21 09:53:47,536.0,1294351
2021-06-21 09:53:48,536.2,1294357
2021-06-21 09:53:49,536.0,1294359
2021-06-21 09:53:51,536.0,1294359
2021-06-21 09:53:52,536.0,1294359
2021-06-21 09:53:53,536.0,1294359
2021-06-21 09:53:54,536.0,1294509
2021-06-21 09:53:54,536.0,1294539
2021-06-21 09:53:55,536.15,1294803
2021-06-21 09:53:56,536.0,1295584
2021-06-21 09:53:58,536.0,1296722
2021-06-21 09:53:59,536.1,1296874
2021-06-21 09:54:01,536.15,1296932
2021-06-21 09:54:02,536.0,1296969
2021-06-21 09:54:03,536.0,1296977
2021-06-21 09:54:04,535.85,1296979
2021-06-21 09:54:05,535.85,1297027
2021-06-21 09:54:06,536.1,1297043
2021-06-21 09:54:08,535.85,1297046
2021-06-21 09:54:09,535.95,1297047
2021-06-21 09:54:10,536.15,1297055
2021-06-21 09:54:11,536.0,1297067
2021-06-21 09:54:13,536.0,1297070
2021-06-21 09:54:14,536.0,1297142
2021-06-21 09:54:14,536.0,1297130
2021-06-21 09:54:15,536.0,1297196
2021-06-21 09:54:16,535.95,1297206
2021-06-21 09:54:17,536.0,1297208
2021-06-21 09:54:18,536.0,1297295
2021-06-21 09:54:19,536.0,1297419
2021-06-21 09:54:21,536.15,1297617
2021-06-21 09:54:22,536.0,1297650
2021-06-21 09:54:23,535.95,1297664
2021-06-21 09:54:23,535.95,1297667
2021-06-21 09:54:24,535.95,1297671
2021-06-21 09:54:25,535.95,1297671
2021-06-21 09:54:26,535.95,1297671
2021-06-21 09:54:27,536.3,1298146
2021-06-21 09:54:28,536.05,1298289
2021-06-21 09:54:29,536.05,1298311
2021-06-21 09:54:32,536.25,1298389
2021-06-21 09:54:33,536.05,1298401
2021-06-21 09:54:34,536.05,1298459
2021-06-21 09:54:35,536.05,1298471
2021-06-21 09:54:36,536.15,1298473
2021-06-21 09:54:37,535.9,1298891
2021-06-21 09:54:38,536.2,1299374
2021-06-21 09:54:39,536.25,1299514
2021-06-21 09:54:40,535.95,1299592
2021-06-21 09:54:41,535.9,1299834
2021-06-21 09:54:42,535.9,1299882
2021-06-21 09:54:43,535.95,1299932
2021-06-21 09:54:44,536.05,1299947
2021-06-21 09:54:45,535.9,1300000
2021-06-21 09:54:46,536.0,1300018
2021-06-21 09:54:47,536.0,1300106
2021-06-21 09:54:47,536.0,1300123
2021-06-21 09:54:48,536.05,1300202
2021-06-21 09:54:49,536.5,1303961
2021-06-21 09:54:52,536.25,1304450
2021-06-21 09:54:53,536.15,1304484
2021-06-21 09:54:54,536.15,1304818
2021-06-21 09:54:55,536.2,1304850
2021-06-21 09:54:57,536.05,1305117
2021-06-21 09:54:57,536.0,1305163
2021-06-21 09:54:59,536.0,1305172
2021-06-21 09:55:00,536.0,1305200
2021-06-21 09:55:01,536.0,1305380
2021-06-21 09:55:02,536.0,1305416
2021-06-21 09:55:02,536.0,1305423
2021-06-21 09:55:03,536.25,1305427
2021-06-21 09:55:04,536.0,1305428
2021-06-21 09:55:05,536.0,1305433
2021-06-21 09:55:07,536.05,1306359
2021-06-21 09:55:08,536.1,1306466
2021-06-21 09:55:09,536.4,1306577
2021-06-21 09:55:09,536.2,1306600
2021-06-21 09:55:10,536.2,1306604
2021-06-21 09:55:11,536.15,1306605
2021-06-21 09:55:12,536.15,1306605
2021-06-21 09:55:13,536.2,1306606
2021-06-21 09:55:14,536.2,1306606
2021-06-21 09:55:15,536.15,1306633
2021-06-21 09:55:16,536.0,1307139
2021-06-21 09:55:17,536.15,1307255
2021-06-21 09:55:18,536.45,1307344
2021-06-21 09:55:19,536.35,1307372
2021-06-21 09:55:20,536.5,1307386
2021-06-21 09:55:21,536.25,1308038
2021-06-21 09:55:22,536.5,1308431
2021-06-21 09:55:25,536.6,1309571
2021-06-21 09:55:26,536.7,1309603
2021-06-21 09:55:27,536.7,1309669
2021-06-21 09:55:28,536.7,1309682
2021-06-21 09:55:29,536.7,1309682
2021-06-21 09:55:30,536.7,1309682
2021-06-21 09:55:31,536.7,1309682
2021-06-21 09:55:31,536.7,1309682
2021-06-21 09:55:33,536.65,1309707
2021-06-21 09:55:34,536.85,1309815
2021-06-21 09:55:35,536.85,1309841
2021-06-21 09:55:36,536.8,1310016
2021-06-21 09:55:37,536.95,1310805
2021-06-21 09:55:38,536.65,1310833
2021-06-21 09:55:39,536.6,1310969
2021-06-21 09:55:40,536.65,1310996
2021-06-21 09:55:41,536.6,1311127
2021-06-21 09:55:42,536.6,1311154
2021-06-21 09:55:44,536.8,1311505
2021-06-21 09:55:45,536.65,1311524
2021-06-21 09:55:46,536.6,1311533
2021-06-21 09:55:47,536.9,1311550
2021-06-21 09:55:47,536.8,1311553
2021-06-21 09:55:48,536.8,1311554
2021-06-21 09:55:49,536.8,1311554
2021-06-21 09:55:51,536.75,1311595
2021-06-21 09:55:52,536.6,1311603
2021-06-21 09:55:53,536.6,1311605
2021-06-21 09:55:54,536.6,1311605
2021-06-21 09:55:55,536.6,1311619
2021-06-21 09:55:56,536.6,1311623
2021-06-21 09:55:57,536.65,1311644
2021-06-21 09:55:58,536.8,1311668
2021-06-21 09:56:00,536.8,1311753
2021-06-21 09:56:01,536.6,1311940
2021-06-21 09:56:02,536.5,1312765
2021-06-21 09:56:04,536.7,1312798
2021-06-21 09:56:04,536.35,1312805
2021-06-21 09:56:06,536.4,1313526
2021-06-21 09:56:06,536.4,1313670
2021-06-21 09:56:07,536.4,1313699
2021-06-21 09:56:08,536.35,1313705
2021-06-21 09:56:09,536.65,1313731
2021-06-21 09:56:10,536.65,1313771
2021-06-21 09:56:11,536.65,1313798
2021-06-21 09:56:13,536.7,1314204
2021-06-21 09:56:14,536.35,1314285
2021-06-21 09:56:14,536.4,1314301
2021-06-21 09:56:15,536.4,1314304
2021-06-21 09:56:17,536.65,1314315
2021-06-21 09:56:18,536.7,1314703
2021-06-21 09:56:19,536.4,1314865
2021-06-21 09:56:21,536.4,1314904
2021-06-21 09:56:21,536.35,1314905
2021-06-21 09:56:22,536.6,1314965
2021-06-21 09:56:23,536.65,1314979
2021-06-21 09:56:24,536.4,1314982
2021-06-21 09:56:25,536.4,1315031
2021-06-21 09:56:26,536.65,1315185
2021-06-21 09:56:29,536.35,1315243
2021-06-21 09:56:31,536.4,1315245
2021-06-21 09:56:32,536.65,1315745
2021-06-21 09:56:32,536.45,1315845
2021-06-21 09:56:34,536.5,1316016
2021-06-21 09:56:35,536.5,1316025
2021-06-21 09:56:36,536.55,1316137
2021-06-21 09:56:37,536.55,1316160
2021-06-21 09:56:38,536.65,1316162
2021-06-21 09:56:39,536.5,1316165
2021-06-21 09:56:40,536.7,1316475
2021-06-21 09:56:41,536.75,1316641
2021-06-21 09:56:42,536.8,1316698
2021-06-21 09:56:44,536.7,1319130
2021-06-21 09:56:45,536.65,1319504
2021-06-21 09:56:46,536.65,1319628
2021-06-21 09:56:47,536.6,1319829
2021-06-21 09:56:48,536.6,1319911
2021-06-21 09:56:49,536.9,1319946
2021-06-21 09:56:50,536.6,1319953
2021-06-21 09:56:50,536.65,1319955
2021-06-21 09:56:51,536.65,1319955
2021-06-21 09:56:52,536.8,1320860
2021-06-21 09:56:54,536.8,1321046
2021-06-21 09:56:55,536.6,1321083
2021-06-21 09:56:56,536.9,1321101
2021-06-21 09:56:57,536.9,1321133
2021-06-21 09:56:58,536.8,1321147
2021-06-21 09:56:59,536.5,1321800
2021-06-21 09:57:00,536.5,1321874
2021-06-21 09:57:01,536.8,1322003
2021-06-21 09:57:01,536.9,1322118
2021-06-21 09:57:02,536.9,1322241
2021-06-21 09:57:03,536.7,1322265
2021-06-21 09:57:05,536.7,1322270
2021-06-21 09:57:06,536.85,1322281
2021-06-21 09:57:07,536.7,1322293
2021-06-21 09:57:08,536.7,1322296
2021-06-21 09:57:09,536.7,1322312
2021-06-21 09:57:10,536.7,1322316
2021-06-21 09:57:10,536.7,1322316
2021-06-21 09:57:12,536.8,1322710
2021-06-21 09:57:13,536.85,1322789
2021-06-21 09:57:14,536.8,1322911
2021-06-21 09:57:15,536.8,1323035
2021-06-21 09:57:16,536.9,1323079
2021-06-21 09:57:17,537.0,1323097
2021-06-21 09:57:18,536.85,1323101
2021-06-21 09:57:19,536.85,1323101
2021-06-21 09:57:20,537.0,1323201
2021-06-21 09:57:21,536.85,1323221
2021-06-21 09:57:21,536.85,1323225
2021-06-21 09:57:22,536.95,1323231
2021-06-21 09:57:24,536.8,1324040
2021-06-21 09:57:25,537.5,1334346
2021-06-21 09:57:25,537.25,1334669
2021-06-21 09:57:28,537.1,1335122
2021-06-21 09:57:30,537.05,1336945
2021-06-21 09:57:31,537.05,1337069
2021-06-21 09:57:32,537.1,1337134
2021-06-21 09:57:35,537.2,1337912
2021-06-21 09:57:36,537.5,1338108
2021-06-21 09:57:38,537.25,1338287
2021-06-21 09:57:39,537.6,1338473
2021-06-21 09:57:40,537.5,1338635
2021-06-21 09:57:41,537.25,1338707
2021-06-21 09:57:42,537.4,1338746
2021-06-21 09:57:43,537.35,1338803
2021-06-21 09:57:44,537.2,1338972
2021-06-21 09:57:45,537.2,1339052
2021-06-21 09:57:45,537.25,1339039
2021-06-21 09:57:46,537.55,1339160
2021-06-21 09:57:48,537.5,1339186
2021-06-21 09:57:49,537.25,1339187
2021-06-21 09:57:50,537.5,1339202
2021-06-21 09:57:51,537.25,1339205
2021-06-21 09:57:52,537.5,1339215
2021-06-21 09:57:54,537.45,1339220
2021-06-21 09:57:54,537.3,1339259
2021-06-21 09:57:55,537.4,1339368
2021-06-21 09:57:57,537.45,1339590
2021-06-21 09:57:58,537.4,1339644
2021-06-21 09:57:59,537.45,1339834
2021-06-21 09:58:00,537.35,1339882
2021-06-21 09:58:01,537.5,1339991
2021-06-21 09:58:02,537.3,1340112
2021-06-21 09:58:03,537.3,1340425
2021-06-21 09:58:04,537.4,1340509
2021-06-21 09:58:05,537.25,1340526
2021-06-21 09:58:06,537.25,1340529
2021-06-21 09:58:07,537.25,1340530
2021-06-21 09:58:08,537.35,1340542
2021-06-21 09:58:09,537.25,1340545
2021-06-21 09:58:10,537.4,1340548
2021-06-21 09:58:11,537.25,1340549
2021-06-21 09:58:12,537.35,1340552
2021-06-21 09:58:13,537.45,1340813
2021-06-21 09:58:14,537.5,1341121
2021-06-21 09:58:15,537.5,1341307
2021-06-21 09:58:16,537.5,1341355
2021-06-21 09:58:17,537.5,1341487
2021-06-21 09:58:19,537.5,1342001
2021-06-21 09:58:20,537.45,1342088
2021-06-21 09:58:21,537.6,1342611
2021-06-21 09:58:22,537.55,1343368
2021-06-21 09:58:22,537.4,1343396
2021-06-21 09:58:24,537.65,1343906
2021-06-21 09:58:24,537.4,1344008
2021-06-21 09:58:26,537.4,1345516
2021-06-21 09:58:27,537.6,1345891
2021-06-21 09:58:27,537.3,1345966
2021-06-21 09:58:29,537.45,1346032
2021-06-21 09:58:30,537.25,1346046
2021-06-21 09:58:31,537.45,1346068
2021-06-21 09:58:32,537.25,1346203
2021-06-21 09:58:33,537.25,1346230
2021-06-21 09:58:34,537.25,1346672
2021-06-21 09:58:35,537.6,1346841
2021-06-21 09:58:36,537.4,1347015
2021-06-21 09:58:37,537.25,1350697
2021-06-21 09:58:38,537.3,1351146
2021-06-21 09:58:39,537.55,1351575
2021-06-21 09:58:40,537.45,1351662
2021-06-21 09:58:41,537.25,1351680
2021-06-21 09:58:42,537.25,1351697
2021-06-21 09:58:43,537.25,1351701
2021-06-21 09:58:44,537.25,1351702
2021-06-21 09:58:46,537.25,1351762
2021-06-21 09:58:53,537.3,1351916
2021-06-21 09:58:53,537.4,1351929
2021-06-21 09:58:55,537.4,1351932
2021-06-21 09:58:56,537.55,1351968
2021-06-21 09:58:57,537.6,1352204
2021-06-21 09:58:58,537.4,1352251
2021-06-21 09:58:59,537.4,1352260
2021-06-21 09:58:59,537.55,1352362
2021-06-21 09:59:01,537.4,1352407
2021-06-21 09:59:02,537.3,1352416
2021-06-21 09:59:03,537.45,1352420
2021-06-21 09:59:04,537.5,1352570
2021-06-21 09:59:05,537.3,1352620
2021-06-21 09:59:06,537.3,1352751
2021-06-21 09:59:06,537.3,1352777
2021-06-21 09:59:08,537.3,1352783
2021-06-21 09:59:08,537.5,1352885
2021-06-21 09:59:09,537.45,1352905
2021-06-21 09:59:11,537.45,1352909
2021-06-21 09:59:12,537.45,1352910
2021-06-21 09:59:13,537.5,1352960
2021-06-21 09:59:14,537.45,1352967
2021-06-21 09:59:15,537.4,1352972
2021-06-21 09:59:15,537.4,1352973
2021-06-21 09:59:16,537.4,1352973
2021-06-21 09:59:17,537.3,1353073
2021-06-21 09:59:19,537.3,1353103
2021-06-21 09:59:19,537.3,1353109
2021-06-21 09:59:20,537.3,1353156
2021-06-21 09:59:22,537.45,1353508
2021-06-21 09:59:23,537.45,1353598
2021-06-21 09:59:24,537.3,1353677
2021-06-21 09:59:25,537.3,1353694
2021-06-21 09:59:26,537.3,1353799
2021-06-21 09:59:27,537.4,1353826
2021-06-21 09:59:28,537.4,1353833
2021-06-21 09:59:29,537.4,1353910
2021-06-21 09:59:30,537.3,1353925
2021-06-21 09:59:30,537.3,1353928
2021-06-21 09:59:33,537.35,1353972
2021-06-21 09:59:34,537.35,1353974
2021-06-21 09:59:35,537.5,1354086
2021-06-21 09:59:36,537.5,1354123
2021-06-21 09:59:37,537.4,1354631
2021-06-21 09:59:37,537.4,1354732
2021-06-21 09:59:39,537.3,1355386
2021-06-21 09:59:39,537.35,1355277
2021-06-21 09:59:42,537.35,1355658
2021-06-21 09:59:43,537.45,1355808
2021-06-21 09:59:44,537.45,1355848
2021-06-21 09:59:45,537.4,1355906
2021-06-21 09:59:46,537.4,1356035
2021-06-21 09:59:47,537.4,1356094
2021-06-21 09:59:48,537.35,1356106
2021-06-21 09:59:49,537.45,1356132
2021-06-21 09:59:50,537.35,1356238
2021-06-21 09:59:51,537.45,1356333
2021-06-21 09:59:52,537.35,1356352
2021-06-21 09:59:53,537.4,1356429
2021-06-21 09:59:54,537.5,1356450
2021-06-21 09:59:55,537.5,1356479
2021-06-21 09:59:56,537.45,1356490
2021-06-21 09:59:57,537.3,1356632
2021-06-21 09:59:58,537.3,1356661
2021-06-21 09:59:59,537.45,1356678
2021-06-21 10:00:00,537.45,1356696
2021-06-21 10:00:01,537.5,1356977
2021-06-21 10:00:02,537.4,1357044
2021-06-21 10:00:03,537.4,1357057
2021-06-21 10:00:04,537.5,1357610
2021-06-21 10:00:05,537.4,1357638
2021-06-21 10:00:06,537.3,1357726
2021-06-21 10:00:07,537.3,1357743
2021-06-21 10:00:08,537.5,1357748
2021-06-21 10:00:09,537.5,1357799
2021-06-21 10:00:11,537.45,1359487
2021-06-21 10:00:13,537.45,1360803
2021-06-21 10:00:14,537.3,1360914
2021-06-21 10:00:15,537.35,1360941
2021-06-21 10:00:16,537.3,1360956
2021-06-21 10:00:17,537.3,1361783
2021-06-21 10:00:18,537.3,1361949
2021-06-21 10:00:19,537.3,1361982
2021-06-21 10:00:20,537.3,1362384
2021-06-21 10:00:21,537.3,1362464
2021-06-21 10:00:22,537.3,1362580
2021-06-21 10:00:23,537.35,1362703
2021-06-21 10:00:24,537.3,1362788
2021-06-21 10:00:25,537.3,1362805
2021-06-21 10:00:26,537.3,1362808
2021-06-21 10:00:27,537.45,1362859
2021-06-21 10:00:28,537.3,1362921
2021-06-21 10:00:29,537.3,1362933
2021-06-21 10:00:30,537.5,1362986
2021-06-21 10:00:31,537.3,1362996
2021-06-21 10:00:32,537.3,1363098
2021-06-21 10:00:34,537.45,1363160
2021-06-21 10:00:37,537.45,1364111
2021-06-21 10:00:38,537.3,1364524
2021-06-21 10:00:39,537.3,1366125
2021-06-21 10:00:40,537.55,1368296
2021-06-21 10:00:41,537.45,1369134
2021-06-21 10:00:42,537.45,1369305
2021-06-21 10:00:43,537.25,1369339
2021-06-21 10:00:44,537.25,1369346
2021-06-21 10:00:45,537.25,1369349
2021-06-21 10:00:46,537.5,1369480
2021-06-21 10:00:47,537.45,1369620
2021-06-21 10:00:48,537.3,1369948
2021-06-21 10:00:49,537.45,1370118
2021-06-21 10:00:50,537.3,1370152
2021-06-21 10:00:51,537.45,1370318
2021-06-21 10:00:52,537.45,1370357
2021-06-21 10:00:53,537.8,1373150
2021-06-21 10:00:55,537.8,1375247
2021-06-21 10:00:56,537.9,1375770
2021-06-21 10:00:57,537.9,1375881
2021-06-21 10:00:58,537.8,1375903
2021-06-21 10:00:59,537.95,1376136
2021-06-21 10:01:00,537.95,1377084
2021-06-21 10:01:01,537.65,1377150
2021-06-21 10:01:02,537.65,1377339
2021-06-21 10:01:03,537.9,1377489
2021-06-21 10:01:04,538.0,1385042
2021-06-21 10:01:05,538.0,1387719
2021-06-21 10:01:06,538.0,1388357
2021-06-21 10:01:07,538.0,1389379
2021-06-21 10:01:08,537.85,1389583
2021-06-21 10:01:10,537.9,1393694
2021-06-21 10:01:11,537.9,1394865
2021-06-21 10:01:12,537.8,1395493
2021-06-21 10:01:13,537.85,1395619
2021-06-21 10:01:15,537.85,1396589
2021-06-21 10:01:16,538.15,1396741
2021-06-21 10:01:17,538.2,1397221
2021-06-21 10:01:18,537.95,1398392
2021-06-21 10:01:19,537.9,1399135
2021-06-21 10:01:20,537.85,1399645
2021-06-21 10:01:21,537.85,1399941
2021-06-21 10:01:22,538.2,1400104
2021-06-21 10:01:23,538.1,1400352
2021-06-21 10:01:24,537.85,1400370
2021-06-21 10:01:25,538.0,1400546
2021-06-21 10:01:26,537.75,1400633
2021-06-21 10:01:27,537.95,1400731
2021-06-21 10:01:28,537.95,1400770
2021-06-21 10:01:29,537.65,1400935
2021-06-21 10:01:30,537.65,1401044
2021-06-21 10:01:31,537.65,1401067
2021-06-21 10:01:33,537.9,1401227
2021-06-21 10:01:36,537.75,1401959
2021-06-21 10:01:37,538.0,1401968
2021-06-21 10:01:38,538.0,1402250
2021-06-21 10:01:39,538.0,1402419
2021-06-21 10:01:40,537.85,1402499
2021-06-21 10:01:42,537.8,1402818
2021-06-21 10:01:43,538.0,1403083
2021-06-21 10:01:44,538.0,1403146
2021-06-21 10:01:45,538.1,1403483
2021-06-21 10:01:46,538.15,1404157
2021-06-21 10:01:47,537.95,1405580
2021-06-21 10:01:48,537.65,1405864
2021-06-21 10:01:49,537.85,1405922
2021-06-21 10:01:50,537.85,1405959
2021-06-21 10:01:51,537.85,1405966
2021-06-21 10:01:53,537.65,1406137
2021-06-21 10:01:55,537.65,1406563
2021-06-21 10:01:58,537.9,1411749
2021-06-21 10:02:02,537.75,1412853
2021-06-21 10:02:05,537.75,1413092
2021-06-21 10:02:09,537.6,1413377
2021-06-21 10:02:17,537.6,1413986
2021-06-21 10:02:20,537.5,1414317
2021-06-21 10:02:24,537.6,1415268
2021-06-21 10:02:28,537.5,1415638
2021-06-21 10:02:32,537.6,1416060
2021-06-21 10:02:36,537.5,1416285
2021-06-21 10:02:39,537.3,1416381
2021-06-21 10:02:43,537.5,1416611
2021-06-21 10:02:46,537.5,1416715
2021-06-21 10:02:50,537.5,1416888
2021-06-21 10:02:53,537.4,1416997
2021-06-21 10:02:57,537.7,1417734
2021-06-21 10:03:00,537.5,1417993
2021-06-21 10:03:04,537.55,1418279
2021-06-21 10:03:08,537.5,1421061
2021-06-21 10:03:12,537.65,1421655
2021-06-21 10:03:16,537.55,1422026
2021-06-21 10:03:19,537.4,1422402
2021-06-21 10:03:22,537.5,1422539
2021-06-21 10:03:26,537.35,1422937
2021-06-21 10:03:29,537.4,1423069
2021-06-21 10:03:33,537.5,1423125
2021-06-21 10:03:36,537.4,1423136
2021-06-21 10:03:40,537.4,1423470
2021-06-21 10:03:43,537.4,1423496
2021-06-21 10:03:46,537.5,1423656
2021-06-21 10:03:49,537.25,1424903
2021-06-21 10:03:52,537.55,1425893
2021-06-21 10:03:56,537.4,1426212
2021-06-21 10:03:59,537.35,1426528
2021-06-21 10:04:03,537.3,1427387
2021-06-21 10:04:07,537.1,1427456
2021-06-21 10:04:10,537.05,1427623
2021-06-21 10:04:13,537.3,1427978
2021-06-21 10:04:16,537.0,1428099
2021-06-21 10:04:20,536.65,1432489
2021-06-21 10:04:23,536.75,1433371
2021-06-21 10:04:27,537.05,1434053
2021-06-21 10:04:30,536.8,1434192
2021-06-21 10:04:34,536.6,1434414
2021-06-21 10:04:37,536.85,1434924
2021-06-21 10:04:40,536.8,1435101
2021-06-21 10:04:44,537.0,1438199
2021-06-21 10:04:47,536.8,1440788
2021-06-21 10:04:51,536.8,1441010
2021-06-21 10:04:55,536.7,1441362
2021-06-21 10:04:58,536.8,1441993
2021-06-21 10:05:01,536.6,1442883
2021-06-21 10:05:05,536.7,1443128
2021-06-21 10:05:08,536.9,1443936
2021-06-21 10:05:11,536.6,1444394
2021-06-21 10:05:14,536.9,1444885
2021-06-21 10:05:18,536.8,1445026
2021-06-21 10:05:21,537.0,1445325
2021-06-21 10:05:25,537.35,1445490
2021-06-21 10:05:29,537.05,1445678
2021-06-21 10:05:35,536.95,1446282
2021-06-21 10:05:39,537.05,1446398
2021-06-21 10:05:42,537.3,1446661
2021-06-21 10:05:46,537.0,1446785
2021-06-21 10:05:49,537.25,1446841
2021-06-21 10:05:52,537.25,1446938
2021-06-21 10:05:55,537.25,1447560
2021-06-21 10:05:58,537.4,1450215
2021-06-21 10:06:02,537.05,1450967
2021-06-21 10:06:05,537.05,1451277
2021-06-21 10:06:09,537.35,1451475
2021-06-21 10:06:12,537.1,1451536
2021-06-21 10:06:16,537.15,1452043
2021-06-21 10:06:20,537.2,1452151
2021-06-21 10:06:23,537.0,1452155
2021-06-21 10:06:26,537.1,1452229
2021-06-21 10:06:30,537.35,1452813
2021-06-21 10:06:34,537.45,1453095
2021-06-21 10:06:37,537.25,1453253
2021-06-21 10:06:40,537.25,1453306
2021-06-21 10:06:44,537.45,1453506
2021-06-21 10:06:47,537.45,1453560
2021-06-21 10:06:50,537.35,1453584
2021-06-21 10:06:53,537.3,1453590
2021-06-21 10:06:54,537.45,1453597
2021-06-21 10:06:55,537.2,1453630
2021-06-21 10:06:55,537.1,1453636
2021-06-21 10:06:56,537.35,1453662
2021-06-21 10:06:57,537.35,1453671
2021-06-21 10:06:58,537.1,1453672
2021-06-21 10:06:59,537.1,1453674
2021-06-21 10:07:00,537.1,1453674
2021-06-21 10:07:02,537.1,1453935
2021-06-21 10:07:02,537.05,1453987
2021-06-21 10:07:03,537.05,1453998
2021-06-21 10:07:05,537.05,1454000
2021-06-21 10:07:06,537.05,1454050
2021-06-21 10:07:07,537.05,1454060
2021-06-21 10:07:08,537.05,1454071
2021-06-21 10:07:09,537.3,1454544
2021-06-21 10:07:09,537.3,1455245
2021-06-21 10:07:10,537.35,1455390
2021-06-21 10:07:11,537.05,1455669
2021-06-21 10:07:12,537.05,1455794
2021-06-21 10:07:13,537.1,1455819
2021-06-21 10:07:14,537.05,1455824
2021-06-21 10:07:15,537.1,1455825
2021-06-21 10:07:16,537.1,1455825
2021-06-21 10:07:18,537.35,1456082
2021-06-21 10:07:19,537.15,1456093
2021-06-21 10:07:20,537.15,1456410
2021-06-21 10:07:21,537.4,1456805
2021-06-21 10:07:22,537.4,1457313
2021-06-21 10:07:23,537.4,1457330
2021-06-21 10:07:24,537.2,1457419
2021-06-21 10:07:25,537.45,1457442
2021-06-21 10:07:26,537.25,1457447
2021-06-21 10:07:26,537.25,1457448
2021-06-21 10:07:27,537.25,1457449
2021-06-21 10:07:28,537.5,1458154
2021-06-21 10:07:29,537.8,1459150
2021-06-21 10:07:30,537.5,1459395
2021-06-21 10:07:31,537.75,1460045
2021-06-21 10:07:32,537.45,1460555
2021-06-21 10:07:34,537.85,1461657
2021-06-21 10:07:35,537.85,1461921
2021-06-21 10:07:36,537.85,1462173
2021-06-21 10:07:37,537.85,1462324
2021-06-21 10:07:38,537.6,1462354
2021-06-21 10:07:39,537.85,1462400
2021-06-21 10:07:40,537.6,1462410
2021-06-21 10:07:41,537.6,1462412
2021-06-21 10:07:42,537.6,1462422
2021-06-21 10:07:42,537.8,1462421
2021-06-21 10:07:43,537.6,1462423
2021-06-21 10:07:44,537.8,1462449
2021-06-21 10:07:45,537.65,1462454
2021-06-21 10:07:46,537.65,1462455
2021-06-21 10:07:47,537.65,1462456
2021-06-21 10:07:48,537.55,1462657
2021-06-21 10:07:50,537.6,1462899
2021-06-21 10:07:51,537.65,1462947
2021-06-21 10:07:52,537.6,1463258
2021-06-21 10:07:53,537.8,1463351
2021-06-21 10:07:54,537.6,1463370
2021-06-21 10:07:55,537.7,1463374
2021-06-21 10:07:55,537.7,1463375
2021-06-21 10:07:56,537.85,1463489
2021-06-21 10:07:57,537.65,1464522
2021-06-21 10:07:58,537.6,1464730
2021-06-21 10:07:59,537.6,1464771
2021-06-21 10:08:00,537.7,1464780
2021-06-21 10:08:01,537.7,1464802
2021-06-21 10:08:02,537.85,1464866
2021-06-21 10:08:03,537.6,1464879
2021-06-21 10:08:04,537.6,1464882
2021-06-21 10:08:05,537.85,1465046
2021-06-21 10:08:06,537.8,1465086
2021-06-21 10:08:07,537.6,1465094
2021-06-21 10:08:09,537.8,1465117
2021-06-21 10:08:10,537.6,1465122
2021-06-21 10:08:11,537.6,1465295
2021-06-21 10:08:12,537.8,1465406
2021-06-21 10:08:12,537.65,1465428
2021-06-21 10:08:13,537.85,1466054
2021-06-21 10:08:15,537.7,1466180
2021-06-21 10:08:16,537.6,1466455
2021-06-21 10:08:17,537.65,1466811
2021-06-21 10:08:18,537.65,1466882
2021-06-21 10:08:19,537.6,1466917
2021-06-21 10:08:20,537.8,1466929
2021-06-21 10:08:21,537.6,1466932
2021-06-21 10:08:22,537.6,1466933
2021-06-21 10:08:23,537.6,1466944
2021-06-21 10:08:23,537.6,1466934
2021-06-21 10:08:24,537.6,1467697
2021-06-21 10:08:26,537.6,1467873
2021-06-21 10:08:27,537.6,1467900
2021-06-21 10:08:28,537.6,1467905
2021-06-21 10:08:29,537.6,1468299
2021-06-21 10:08:31,537.65,1468499
2021-06-21 10:08:32,537.65,1468519
2021-06-21 10:08:34,537.9,1468529
2021-06-21 10:08:35,537.65,1468531
2021-06-21 10:08:36,537.6,1468540
2021-06-21 10:08:37,537.65,1468542
2021-06-21 10:08:37,537.65,1468543
2021-06-21 10:08:38,537.65,1468554
2021-06-21 10:08:39,537.65,1468616
2021-06-21 10:08:40,537.75,1468695
2021-06-21 10:08:41,537.9,1468722
2021-06-21 10:08:42,537.7,1468729
2021-06-21 10:08:44,537.7,1468963
2021-06-21 10:08:45,537.9,1468981
2021-06-21 10:08:47,537.9,1469016
2021-06-21 10:08:49,537.85,1469084
2021-06-21 10:08:50,537.75,1469198
2021-06-21 10:08:50,537.75,1469222
2021-06-21 10:08:51,537.9,1469332
2021-06-21 10:08:52,537.85,1469360
2021-06-21 10:08:54,537.7,1469933
2021-06-21 10:08:55,537.75,1470064
2021-06-21 10:08:55,537.65,1470090
2021-06-21 10:08:56,537.7,1470118
2021-06-21 10:08:57,537.65,1470186
2021-06-21 10:08:59,537.65,1470230
2021-06-21 10:09:00,537.6,1470439
2021-06-21 10:09:01,537.75,1470482
2021-06-21 10:09:02,537.55,1470491
2021-06-21 10:09:03,537.55,1470493
2021-06-21 10:09:04,537.55,1470536
2021-06-21 10:09:05,537.75,1470579
2021-06-21 10:09:06,537.75,1470619
2021-06-21 10:09:07,537.7,1470699
2021-06-21 10:09:08,537.7,1470716
2021-06-21 10:09:09,537.7,1470886
2021-06-21 10:09:10,537.75,1470922
2021-06-21 10:09:10,537.7,1470931
2021-06-21 10:09:11,537.75,1470982
2021-06-21 10:09:12,537.7,1470993
2021-06-21 10:09:14,537.75,1471001
2021-06-21 10:09:14,537.7,1471002
2021-06-21 10:09:15,537.7,1471051
2021-06-21 10:09:16,537.75,1471065
2021-06-21 10:09:18,537.7,1471079
2021-06-21 10:09:19,537.7,1471083
2021-06-21 10:09:20,537.7,1471084
2021-06-21 10:09:21,537.75,1471109
2021-06-21 10:09:21,537.7,1471115
2021-06-21 10:09:22,537.7,1471116
2021-06-21 10:09:24,537.85,1471619
2021-06-21 10:09:24,537.7,1471720
2021-06-21 10:09:25,537.7,1471740
2021-06-21 10:09:27,537.9,1472245
2021-06-21 10:09:28,537.7,1472312
2021-06-21 10:09:30,537.6,1473421
2021-06-21 10:09:31,537.75,1473521
2021-06-21 10:09:32,537.55,1473542
2021-06-21 10:09:33,537.55,1473547
2021-06-21 10:09:34,537.55,1473549
2021-06-21 10:09:35,537.75,1473654
2021-06-21 10:09:35,537.55,1473675
2021-06-21 10:09:36,537.55,1473679
2021-06-21 10:09:37,537.55,1473681
2021-06-21 10:09:38,537.55,1475681
2021-06-21 10:09:39,537.5,1476082
2021-06-21 10:09:41,537.7,1476165
2021-06-21 10:09:42,537.45,1476716
2021-06-21 10:09:43,537.35,1481538
2021-06-21 10:09:44,537.1,1482056
2021-06-21 10:09:45,537.1,1482191
2021-06-21 10:09:46,537.05,1482723
2021-06-21 10:09:47,537.05,1482830
2021-06-21 10:09:48,537.35,1482862
2021-06-21 10:09:48,537.1,1482868
2021-06-21 10:09:50,537.45,1483282
2021-06-21 10:09:51,537.2,1483301
2021-06-21 10:09:52,537.15,1483374
2021-06-21 10:09:54,537.4,1483494
2021-06-21 10:09:55,537.15,1484139
2021-06-21 10:09:56,537.15,1484268
2021-06-21 10:09:57,537.15,1484295
2021-06-21 10:09:58,537.4,1484339
2021-06-21 10:09:59,537.2,1484369
2021-06-21 10:10:00,537.2,1484375
2021-06-21 10:10:01,537.15,1484403
2021-06-21 10:10:03,537.15,1484438
2021-06-21 10:10:04,537.4,1484447
2021-06-21 10:10:05,537.15,1484449
2021-06-21 10:10:06,537.5,1484958
2021-06-21 10:10:06,537.15,1484456
2021-06-21 10:10:07,537.2,1485059
2021-06-21 10:10:09,537.2,1485080
2021-06-21 10:10:10,537.2,1485084
2021-06-21 10:10:11,537.2,1485145
2021-06-21 10:10:12,537.5,1485323
2021-06-21 10:10:13,537.55,1485859
2021-06-21 10:10:14,537.25,1485958
2021-06-21 10:10:15,537.25,1485987
2021-06-21 10:10:16,537.45,1486018
2021-06-21 10:10:16,537.45,1486024
2021-06-21 10:10:17,537.3,1486186
2021-06-21 10:10:19,537.3,1486218
2021-06-21 10:10:20,537.3,1486226
2021-06-21 10:10:21,537.6,1486417
2021-06-21 10:10:22,537.6,1486478
2021-06-21 10:10:23,537.25,1486501
2021-06-21 10:10:24,537.25,1486506
2021-06-21 10:10:26,537.3,1486566
2021-06-21 10:10:27,537.3,1486566
2021-06-21 10:10:28,537.45,1486568
2021-06-21 10:10:29,537.4,1487175
2021-06-21 10:10:31,537.25,1487349
2021-06-21 10:10:32,537.3,1489741
2021-06-21 10:10:33,537.2,1489931
2021-06-21 10:10:34,537.3,1490259
2021-06-21 10:10:35,537.15,1490330
2021-06-21 10:10:36,537.15,1490345
2021-06-21 10:10:37,537.45,1490358
2021-06-21 10:10:38,537.25,1490381
2021-06-21 10:10:39,537.25,1490393
2021-06-21 10:10:40,537.25,1490396
2021-06-21 10:10:41,537.45,1490681
2021-06-21 10:10:42,537.35,1490739
2021-06-21 10:10:43,537.55,1490771
2021-06-21 10:10:44,537.35,1490779
2021-06-21 10:10:45,537.35,1490781
2021-06-21 10:10:46,537.5,1490881
2021-06-21 10:10:47,537.4,1490902
2021-06-21 10:10:48,537.4,1490921
2021-06-21 10:10:49,537.4,1490926
2021-06-21 10:10:50,537.55,1490952
2021-06-21 10:10:51,537.4,1490957
2021-06-21 10:10:52,537.4,1490959
2021-06-21 10:10:54,537.4,1491027
2021-06-21 10:10:56,537.4,1491031
2021-06-21 10:10:57,537.55,1491075
2021-06-21 10:10:58,537.55,1491084
2021-06-21 10:10:59,537.55,1491086
2021-06-21 10:11:00,537.55,1491087
2021-06-21 10:11:01,537.5,1491120
2021-06-21 10:11:03,537.35,1491138
2021-06-21 10:11:04,537.5,1491145
2021-06-21 10:11:05,537.35,1491157
2021-06-21 10:11:06,537.6,1491179
2021-06-21 10:11:07,537.4,1491185
2021-06-21 10:11:08,537.4,1491187
2021-06-21 10:11:09,537.4,1491187
2021-06-21 10:11:10,537.4,1491188
2021-06-21 10:11:11,537.4,1491189
2021-06-21 10:11:13,537.4,1491194
2021-06-21 10:11:14,537.4,1491195
2021-06-21 10:11:15,537.6,1491205
2021-06-21 10:11:16,537.5,1491209
2021-06-21 10:11:17,537.5,1491511
2021-06-21 10:11:18,537.5,1491621
2021-06-21 10:11:19,537.6,1491645
2021-06-21 10:11:20,537.35,1491652
2021-06-21 10:11:21,537.6,1491666
2021-06-21 10:11:22,537.65,1491890
2021-06-21 10:11:23,537.4,1491935
2021-06-21 10:11:24,537.4,1491945
2021-06-21 10:11:25,537.65,1491953
2021-06-21 10:11:26,537.4,1492061
2021-06-21 10:11:27,537.4,1492139
2021-06-21 10:11:28,537.3,1492309
2021-06-21 10:11:29,537.25,1492358
2021-06-21 10:11:30,537.5,1492370
2021-06-21 10:11:31,537.25,1492373
2021-06-21 10:11:32,537.25,1492374
2021-06-21 10:11:33,537.3,1492475
2021-06-21 10:11:36,537.4,1492567
2021-06-21 10:11:37,537.4,1492571
2021-06-21 10:11:38,537.6,1492573
2021-06-21 10:11:39,537.6,1492973
2021-06-21 10:11:40,537.55,1493053
2021-06-21 10:11:41,537.55,1493069
2021-06-21 10:11:42,537.55,1493072
2021-06-21 10:11:43,537.7,1493397
2021-06-21 10:11:44,537.75,1494462
2021-06-21 10:11:45,537.55,1494676
2021-06-21 10:11:46,537.55,1494719
2021-06-21 10:11:47,537.55,1494728
2021-06-21 10:11:48,537.75,1494759
2021-06-21 10:11:49,537.55,1494765
2021-06-21 10:11:50,537.55,1494767
2021-06-21 10:11:51,538.05,1499321
2021-06-21 10:11:52,537.9,1499436
2021-06-21 10:11:53,537.9,1499940
2021-06-21 10:11:54,538.05,1500459
2021-06-21 10:11:56,538.0,1501004
2021-06-21 10:11:57,537.7,1501072
2021-06-21 10:12:00,538.0,1501106
2021-06-21 10:12:01,537.95,1501117
2021-06-21 10:12:02,538.0,1501372
2021-06-21 10:12:03,537.75,1501423
2021-06-21 10:12:04,537.95,1501469
2021-06-21 10:12:05,537.95,1501488
2021-06-21 10:12:06,537.7,1501493
2021-06-21 10:12:07,537.8,1501495
2021-06-21 10:12:08,537.9,1501530
2021-06-21 10:12:09,537.7,1501537
2021-06-21 10:12:10,537.8,1501788
2021-06-21 10:12:11,537.4,1504074
2021-06-21 10:12:12,537.4,1504566
2021-06-21 10:12:13,537.65,1504764
2021-06-21 10:12:14,537.65,1504806
2021-06-21 10:12:15,537.5,1504911
2021-06-21 10:12:16,537.5,1504982
2021-06-21 10:12:17,537.65,1505006
2021-06-21 10:12:18,537.5,1505285
2021-06-21 10:12:19,537.65,1506416
2021-06-21 10:12:20,537.5,1506638
2021-06-21 10:12:22,537.4,1506701
2021-06-21 10:12:23,537.65,1506705
2021-06-21 10:12:24,537.6,1506733
2021-06-21 10:12:25,537.45,1506739
2021-06-21 10:12:26,537.5,1506740
2021-06-21 10:12:27,537.45,1506899
2021-06-21 10:12:28,537.4,1506931
2021-06-21 10:12:29,537.4,1507333
2021-06-21 10:12:30,537.45,1507799
2021-06-21 10:12:31,537.3,1513009
2021-06-21 10:12:32,537.3,1513121
2021-06-21 10:12:33,537.15,1513242
2021-06-21 10:12:34,537.15,1513866
2021-06-21 10:12:35,537.1,1514240
2021-06-21 10:12:36,537.35,1514324
2021-06-21 10:12:37,537.35,1514372
2021-06-21 10:12:38,537.1,1514381
2021-06-21 10:12:39,537.1,1514904
2021-06-21 10:12:40,537.0,1515010
2021-06-21 10:12:41,537.3,1515032
2021-06-21 10:12:42,537.3,1515046
2021-06-21 10:12:43,537.25,1515064
2021-06-21 10:12:44,537.0,1515069
2021-06-21 10:12:45,537.25,1515273
2021-06-21 10:12:46,537.2,1515319
2021-06-21 10:12:47,537.25,1515440
2021-06-21 10:12:48,537.1,1515441
2021-06-21 10:12:49,537.0,1515465
2021-06-21 10:12:51,537.25,1515599
2021-06-21 10:12:51,537.05,1515626
2021-06-21 10:12:54,537.05,1515689
2021-06-21 10:12:55,537.05,1515712
2021-06-21 10:12:56,537.05,1515716
2021-06-21 10:12:57,537.05,1515984
2021-06-21 10:12:58,537.05,1516038
2021-06-21 10:12:59,537.05,1516050
2021-06-21 10:13:00,537.2,1516062
2021-06-21 10:13:01,537.2,1516227
2021-06-21 10:13:02,537.05,1516261
