timestamp,ltp,volume
2021-06-21 09:16:39,469.55,193291
2021-06-21 09:16:49,469.55,198429
2021-06-21 09:16:54,469.8,202550
2021-06-21 09:16:59,470.0,204764
2021-06-21 09:17:04,470.2,205892
2021-06-21 09:17:09,470.25,207529
2021-06-21 09:17:14,470.05,213070
2021-06-21 09:17:19,470.1,217962
2021-06-21 09:17:24,469.8,227371
2021-06-21 09:17:29,469.8,228744
2021-06-21 09:17:34,468.7,248720
2021-06-21 09:17:39,468.85,255551
2021-06-21 09:17:45,469.2,256315
2021-06-21 09:17:50,469.5,258599
2021-06-21 09:17:55,470.3,264072
2021-06-21 09:18:00,469.9,265060
2021-06-21 09:18:05,470.8,266569
2021-06-21 09:18:09,470.95,269624
2021-06-21 09:18:14,470.85,273543
2021-06-21 09:18:19,471.35,275490
2021-06-21 09:18:24,471.7,277074
2021-06-21 09:18:29,471.5,278366
2021-06-21 09:18:34,471.7,282192
2021-06-21 09:18:39,471.6,283598
2021-06-21 09:18:44,471.75,287712
2021-06-21 09:18:49,471.65,291001
2021-06-21 09:18:54,471.95,316488
2021-06-21 09:18:59,472.05,320225
2021-06-21 09:19:05,472.2,327950
2021-06-21 09:19:09,472.2,329619
2021-06-21 09:19:14,472.45,332166
2021-06-21 09:19:24,472.1,337985
2021-06-21 09:19:29,472.5,340195
2021-06-21 09:19:33,472.35,341346
2021-06-21 09:19:38,472.8,342702
2021-06-21 09:19:43,472.3,345311
2021-06-21 09:19:48,472.4,346961
2021-06-21 09:19:53,472.1,351859
2021-06-21 09:19:58,472.1,353354
2021-06-21 09:20:03,471.75,359343
2021-06-21 09:20:08,471.45,364100
2021-06-21 09:20:13,470.85,367135
2021-06-21 09:20:17,471.1,367374
2021-06-21 09:20:22,470.85,369297
2021-06-21 09:20:27,471.1,371141
2021-06-21 09:20:32,471.3,372713
2021-06-21 09:20:37,471.35,373264
2021-06-21 09:20:42,471.35,374174
2021-06-21 09:20:46,471.1,374624
2021-06-21 09:20:51,471.05,375819
2021-06-21 09:20:56,470.8,377433
2021-06-21 09:21:01,471.0,380252
2021-06-21 09:21:06,471.25,382770
2021-06-21 09:21:11,471.0,383869
2021-06-21 09:21:16,471.05,386344
2021-06-21 09:21:21,471.1,388872
2021-06-21 09:21:26,471.2,389708
2021-06-21 09:21:31,471.05,390045
2021-06-21 09:21:35,471.1,390300
2021-06-21 09:21:40,471.05,390507
2021-06-21 09:21:45,471.35,390966
2021-06-21 09:21:50,471.45,391678
2021-06-21 09:21:53,471.5,392273
2021-06-21 09:21:54,471.5,392283
2021-06-21 09:21:55,471.6,393089
2021-06-21 09:21:56,471.5,393121
2021-06-21 09:21:57,471.5,393121
2021-06-21 09:21:58,471.5,393137
2021-06-21 09:21:59,471.5,393275
2021-06-21 09:22:00,471.5,393657
2021-06-21 09:22:01,471.5,393689
2021-06-21 09:22:02,471.5,393955
2021-06-21 09:22:03,471.55,395422
2021-06-21 09:22:04,471.5,396086
2021-06-21 09:22:05,471.65,396123
2021-06-21 09:22:06,471.65,396123
2021-06-21 09:22:07,471.65,396216
2021-06-21 09:22:08,471.6,397252
2021-06-21 09:22:10,471.6,398161
2021-06-21 09:22:10,471.6,398161
2021-06-21 09:22:11,471.45,400906
2021-06-21 09:22:13,471.6,402311
2021-06-21 09:22:13,471.6,402521
2021-06-21 09:22:14,471.9,403136
2021-06-21 09:22:15,471.9,403136
2021-06-21 09:22:16,471.95,403205
2021-06-21 09:22:17,471.95,403245
2021-06-21 09:22:18,471.95,403245
2021-06-21 09:22:19,471.95,403245
2021-06-21 09:22:20,471.75,403475
2021-06-21 09:22:21,471.75,403475
2021-06-21 09:22:22,471.95,403810
2021-06-21 09:22:23,472.2,406431
2021-06-21 09:22:24,472.2,406431
2021-06-21 09:22:25,472.3,406531
2021-06-21 09:22:26,472.3,406531
2021-06-21 09:22:27,472.15,406551
2021-06-21 09:22:28,472.4,407451
2021-06-21 09:22:29,472.4,407451
2021-06-21 09:22:30,472.5,407967
2021-06-21 09:22:31,472.5,407967
2021-06-21 09:22:32,472.2,408067
2021-06-21 09:22:33,472.2,408067
2021-06-21 09:22:34,472.5,408099
2021-06-21 09:22:35,472.15,408404
2021-06-21 09:22:36,472.5,408904
2021-06-21 09:22:38,472.5,408935
2021-06-21 09:22:41,472.6,409286
2021-06-21 09:22:41,472.6,409286
2021-06-21 09:22:43,472.4,411374
2021-06-21 09:22:45,472.4,411866
2021-06-21 09:22:47,472.3,415681
2021-06-21 09:22:48,472.3,415910
2021-06-21 09:22:49,472.05,415950
2021-06-21 09:22:51,472.1,416199
2021-06-21 09:22:52,472.4,416319
2021-06-21 09:22:53,472.35,416389
2021-06-21 09:22:54,472.5,417321
2021-06-21 09:22:55,472.5,417427
2021-06-21 09:22:56,472.5,417438
2021-06-21 09:22:57,472.6,419535
2021-06-21 09:22:58,472.5,420597
2021-06-21 09:22:59,472.5,420613
2021-06-21 09:23:00,472.65,420634
2021-06-21 09:23:01,472.65,421058
2021-06-21 09:23:01,472.65,421090
2021-06-21 09:23:03,472.9,423583
2021-06-21 09:23:05,472.95,425048
2021-06-21 09:23:09,473.15,430169
2021-06-21 09:23:10,473.15,430260
2021-06-21 09:23:11,473.1,430961
2021-06-21 09:23:12,473.3,431072
2021-06-21 09:23:13,473.3,431114
2021-06-21 09:23:14,473.5,431927
2021-06-21 09:23:15,473.45,431947
2021-06-21 09:23:16,473.45,431948
2021-06-21 09:23:17,473.3,432089
2021-06-21 09:23:18,473.4,432139
2021-06-21 09:23:18,473.45,432239
2021-06-21 09:23:20,473.3,432539
2021-06-21 09:23:21,473.3,432682
2021-06-21 09:23:22,473.3,433089
2021-06-21 09:23:23,473.3,433141
2021-06-21 09:23:24,473.45,434151
2021-06-21 09:23:25,473.3,434267
2021-06-21 09:23:26,473.45,434549
2021-06-21 09:23:27,473.5,434650
2021-06-21 09:23:28,473.25,435031
2021-06-21 09:23:29,473.4,435632
2021-06-21 09:23:30,473.6,436771
2021-06-21 09:23:30,473.7,437031
2021-06-21 09:23:31,473.7,437061
2021-06-21 09:23:32,473.45,437695
2021-06-21 09:23:33,473.5,437835
2021-06-21 09:23:34,473.4,438540
2021-06-21 09:23:35,473.75,439742
2021-06-21 09:23:37,473.75,441761
2021-06-21 09:23:38,473.75,441960
2021-06-21 09:23:39,473.55,442011
2021-06-21 09:23:40,473.75,442061
2021-06-21 09:23:41,473.75,442229
2021-06-21 09:23:42,473.75,442859
2021-06-21 09:23:43,473.95,443983
2021-06-21 09:23:44,473.9,443988
2021-06-21 09:23:45,473.5,445534
2021-06-21 09:23:46,473.5,445534
2021-06-21 09:23:47,473.95,446955
2021-06-21 09:23:48,473.8,446981
2021-06-21 09:23:49,473.7,447592
2021-06-21 09:23:50,473.7,449157
2021-06-21 09:23:51,473.75,450093
2021-06-21 09:23:52,473.4,450297
2021-06-21 09:23:53,473.5,450947
2021-06-21 09:23:54,473.75,451127
2021-06-21 09:23:55,473.4,451961
2021-06-21 09:23:56,473.65,453086
2021-06-21 09:23:57,473.5,453112
2021-06-21 09:23:58,473.45,453212
2021-06-21 09:24:00,473.75,454187
2021-06-21 09:24:01,473.6,456506
2021-06-21 09:24:02,473.7,456616
2021-06-21 09:24:03,473.5,456993
2021-06-21 09:24:04,473.5,457273
2021-06-21 09:24:05,473.5,457283
2021-06-21 09:24:06,473.4,458091
2021-06-21 09:24:07,473.35,458487
2021-06-21 09:24:09,473.3,460521
2021-06-21 09:24:10,473.25,464755
2021-06-21 09:24:11,472.9,467082
2021-06-21 09:24:12,472.9,467082
2021-06-21 09:24:13,473.3,467532
2021-06-21 09:24:14,473.0,467604
2021-06-21 09:24:15,472.8,468750
2021-06-21 09:24:16,472.9,470358
2021-06-21 09:24:17,472.65,470459
2021-06-21 09:24:18,472.4,472282
2021-06-21 09:24:19,472.85,472582
2021-06-21 09:24:20,472.45,474032
2021-06-21 09:24:21,472.2,474289
2021-06-21 09:24:22,472.55,475293
2021-06-21 09:24:23,472.15,475718
2021-06-21 09:24:24,472.4,476007
2021-06-21 09:24:25,472.25,476345
2021-06-21 09:24:26,472.25,476490
2021-06-21 09:24:27,472.25,476495
2021-06-21 09:24:28,472.5,477152
2021-06-21 09:24:29,472.35,477157
2021-06-21 09:24:29,472.3,477601
2021-06-21 09:24:30,472.55,477658
2021-06-21 09:24:31,472.55,477825
2021-06-21 09:24:32,472.5,478075
2021-06-21 09:24:33,472.65,479100
2021-06-21 09:24:34,472.85,479506
2021-06-21 09:24:35,472.85,480488
2021-06-21 09:24:36,472.75,480493
2021-06-21 09:24:37,472.85,480754
2021-06-21 09:24:38,473.0,480879
2021-06-21 09:24:40,472.8,481207
2021-06-21 09:24:41,472.95,481258
2021-06-21 09:24:42,472.95,481258
2021-06-21 09:24:43,472.95,481388
2021-06-21 09:24:44,472.85,482138
2021-06-21 09:24:46,473.3,484864
2021-06-21 09:24:47,473.5,484871
2021-06-21 09:24:48,473.45,485275
2021-06-21 09:24:49,473.45,485302
2021-06-21 09:24:50,473.45,485402
2021-06-21 09:24:51,473.2,485830
2021-06-21 09:24:52,473.2,485846
2021-06-21 09:24:53,473.15,485867
2021-06-21 09:24:54,472.95,486321
2021-06-21 09:24:56,472.95,486751
2021-06-21 09:24:57,473.05,486867
2021-06-21 09:24:58,473.0,487043
2021-06-21 09:24:59,473.05,487093
2021-06-21 09:24:59,473.05,487129
2021-06-21 09:25:01,472.85,487978
2021-06-21 09:25:01,473.05,488078
2021-06-21 09:25:02,473.2,488436
2021-06-21 09:25:03,473.3,489488
2021-06-21 09:25:04,473.4,490534
2021-06-21 09:25:07,473.2,491123
2021-06-21 09:25:08,473.2,491221
2021-06-21 09:25:09,473.05,491278
2021-06-21 09:25:10,473.15,491353
2021-06-21 09:25:11,473.2,491403
2021-06-21 09:25:12,473.2,491437
2021-06-21 09:25:14,473.2,497005
2021-06-21 09:25:15,472.55,499927
2021-06-21 09:25:16,472.55,501439
2021-06-21 09:25:17,472.7,501705
2021-06-21 09:25:18,472.45,501762
2021-06-21 09:25:19,472.7,503893
2021-06-21 09:25:20,472.7,503913
2021-06-21 09:25:21,472.7,503984
2021-06-21 09:25:24,472.45,504565
2021-06-21 09:25:25,472.45,504565
2021-06-21 09:25:27,472.7,505376
2021-06-21 09:25:28,472.9,505805
2021-06-21 09:25:29,473.05,506200
2021-06-21 09:25:30,473.05,506200
2021-06-21 09:25:31,473.3,506340
2021-06-21 09:25:32,473.4,506360
2021-06-21 09:25:33,473.4,506620
2021-06-21 09:25:34,473.4,506919
2021-06-21 09:25:35,473.45,507288
2021-06-21 09:25:36,473.2,508288
2021-06-21 09:25:37,473.2,508288
2021-06-21 09:25:38,473.2,508288
2021-06-21 09:25:39,473.3,508319
2021-06-21 09:25:40,473.3,508319
2021-06-21 09:25:41,473.3,508399
2021-06-21 09:25:42,473.3,508399
2021-06-21 09:25:43,473.45,509128
2021-06-21 09:25:44,473.5,509800
2021-06-21 09:25:45,473.5,509910
2021-06-21 09:25:46,473.5,510011
2021-06-21 09:25:47,473.5,510156
2021-06-21 09:25:48,473.5,510164
2021-06-21 09:25:49,473.7,510549
2021-06-21 09:25:50,473.5,510957
2021-06-21 09:25:51,473.5,511108
2021-06-21 09:25:52,473.75,511741
2021-06-21 09:25:53,473.85,512575
2021-06-21 09:25:54,473.5,514665
2021-06-21 09:25:55,473.7,514878
2021-06-21 09:25:56,473.75,514964
2021-06-21 09:25:57,473.85,515466
2021-06-21 09:25:58,473.5,517099
2021-06-21 09:25:59,473.55,517229
2021-06-21 09:26:00,473.6,517575
2021-06-21 09:26:01,473.7,517706
2021-06-21 09:26:02,473.75,518506
2021-06-21 09:26:03,473.75,518678
2021-06-21 09:26:04,473.95,519202
2021-06-21 09:26:05,473.85,519352
2021-06-21 09:26:05,473.85,520042
2021-06-21 09:26:06,474.0,520242
2021-06-21 09:26:07,474.0,520595
2021-06-21 09:26:08,474.0,520605
2021-06-21 09:26:09,474.0,521255
2021-06-21 09:26:11,474.0,521742
2021-06-21 09:26:12,474.0,521842
2021-06-21 09:26:13,474.0,522890
2021-06-21 09:26:14,474.0,523486
2021-06-21 09:26:15,473.75,524004
2021-06-21 09:26:16,473.7,524252
2021-06-21 09:26:17,473.9,526464
2021-06-21 09:26:18,473.5,527302
2021-06-21 09:26:18,473.75,527321
2021-06-21 09:26:19,473.75,527352
2021-06-21 09:26:22,473.95,529575
2021-06-21 09:26:23,474.0,530285
2021-06-21 09:26:24,474.0,530435
2021-06-21 09:26:25,474.0,530570
2021-06-21 09:26:26,473.85,531595
2021-06-21 09:26:28,473.85,546378
2021-06-21 09:26:30,473.6,546960
2021-06-21 09:26:31,473.6,547160
2021-06-21 09:26:32,473.75,547260
2021-06-21 09:26:33,473.65,548087
2021-06-21 09:26:34,473.8,548187
2021-06-21 09:26:35,473.75,548437
2021-06-21 09:26:36,473.65,548639
2021-06-21 09:26:37,473.65,548639
2021-06-21 09:26:39,473.75,548643
2021-06-21 09:26:40,473.95,549643
2021-06-21 09:26:41,473.95,549665
2021-06-21 09:26:42,473.95,549706
2021-06-21 09:26:43,474.0,549984
2021-06-21 09:26:44,473.75,550256
2021-06-21 09:26:45,473.75,550272
2021-06-21 09:26:46,474.0,551552
2021-06-21 09:26:47,474.0,551607
2021-06-21 09:26:47,473.95,551637
2021-06-21 09:26:48,473.85,552666
2021-06-21 09:26:49,473.85,552676
2021-06-21 09:26:50,473.85,552711
2021-06-21 09:26:51,473.85,557011
2021-06-21 09:26:52,473.85,557784
2021-06-21 09:26:56,473.55,559346
2021-06-21 09:27:01,473.75,566523
2021-06-21 09:27:06,473.8,569020
2021-06-21 09:27:11,473.75,569997
2021-06-21 09:27:16,473.65,583438
2021-06-21 09:27:20,473.5,584418
2021-06-21 09:27:30,473.9,589165
2021-06-21 09:27:34,473.95,589420
2021-06-21 09:27:39,474.0,589946
2021-06-21 09:27:43,474.15,592193
2021-06-21 09:27:47,474.05,594150
2021-06-21 09:27:52,474.45,612590
2021-06-21 09:27:57,474.15,614871
2021-06-21 09:28:06,474.35,617197
2021-06-21 09:28:11,474.4,618260
2021-06-21 09:28:15,474.4,621409
2021-06-21 09:28:20,474.15,623557
2021-06-21 09:28:29,474.0,627063
2021-06-21 09:28:34,474.0,628258
2021-06-21 09:28:38,474.0,630448
2021-06-21 09:28:43,473.75,630878
2021-06-21 09:28:48,473.75,631030
2021-06-21 09:28:57,473.95,633140
2021-06-21 09:29:01,474.0,633651
2021-06-21 09:29:06,474.0,634191
2021-06-21 09:29:10,473.9,636784
2021-06-21 09:29:14,473.8,637930
2021-06-21 09:29:19,473.65,638421
2021-06-21 09:29:23,473.05,644219
2021-06-21 09:29:28,473.15,644718
2021-06-21 09:29:33,473.1,645655
2021-06-21 09:29:37,473.2,646819
2021-06-21 09:29:42,473.25,648744
2021-06-21 09:29:46,473.5,649026
2021-06-21 09:29:51,473.2,649529
2021-06-21 09:29:55,473.25,650032
2021-06-21 09:30:00,473.3,650472
2021-06-21 09:30:05,473.25,661304
2021-06-21 09:30:09,473.0,661579
2021-06-21 09:30:14,473.0,663357
2021-06-21 09:30:18,473.0,664649
2021-06-21 09:30:23,472.95,669961
2021-06-21 09:30:28,472.3,671844
2021-06-21 09:30:32,472.35,672122
2021-06-21 09:30:37,472.65,672938
2021-06-21 09:30:46,472.45,675280
2021-06-21 09:30:51,472.45,677235
2021-06-21 09:30:56,472.5,678272
2021-06-21 09:31:00,472.6,678624
2021-06-21 09:31:04,472.5,678664
2021-06-21 09:31:09,472.15,681052
2021-06-21 09:31:13,472.35,682858
2021-06-21 09:31:18,472.25,689546
2021-06-21 09:31:22,472.5,691955
2021-06-21 09:31:27,472.95,692870
2021-06-21 09:31:31,472.55,693183
2021-06-21 09:31:36,472.55,693446
2021-06-21 09:31:40,472.9,694739
2021-06-21 09:31:45,472.75,695089
2021-06-21 09:31:50,472.9,698854
2021-06-21 09:31:54,472.9,699081
2021-06-21 09:31:55,472.9,699081
2021-06-21 09:31:56,472.9,699681
2021-06-21 09:31:57,472.95,699687
2021-06-21 09:31:58,472.95,699687
2021-06-21 09:31:59,472.85,699787
2021-06-21 09:32:00,472.85,699787
2021-06-21 09:32:01,472.85,699931
2021-06-21 09:32:02,472.85,700048
2021-06-21 09:32:02,472.95,700058
2021-06-21 09:32:04,472.8,700098
2021-06-21 09:32:05,472.95,700324
2021-06-21 09:32:06,473.0,700424
2021-06-21 09:32:07,473.0,700424
2021-06-21 09:32:08,473.0,700424
2021-06-21 09:32:09,473.0,700505
2021-06-21 09:32:10,473.05,700605
2021-06-21 09:32:11,472.9,700608
2021-06-21 09:32:12,473.0,700667
2021-06-21 09:32:12,473.0,700667
2021-06-21 09:32:13,473.1,700717
2021-06-21 09:32:14,473.0,700817
2021-06-21 09:32:16,473.2,701446
2021-06-21 09:32:17,473.15,701449
2021-06-21 09:32:17,473.35,701949
2021-06-21 09:32:18,473.55,704824
2021-06-21 09:32:19,473.55,704829
2021-06-21 09:32:20,473.55,704849
2021-06-21 09:32:21,473.65,704950
2021-06-21 09:32:22,473.5,704978
2021-06-21 09:32:23,473.5,705052
2021-06-21 09:32:24,473.5,705152
2021-06-21 09:32:25,473.65,705349
2021-06-21 09:32:26,473.6,705351
2021-06-21 09:32:27,473.35,705505
2021-06-21 09:32:28,473.35,705551
2021-06-21 09:32:29,473.5,707353
2021-06-21 09:32:30,473.55,709128
2021-06-21 09:32:31,473.55,709128
2021-06-21 09:32:32,473.75,709140
2021-06-21 09:32:34,473.75,709358
2021-06-21 09:32:35,473.85,709563
2021-06-21 09:32:36,473.85,709569
2021-06-21 09:32:37,473.9,709634
2021-06-21 09:32:38,473.65,709639
2021-06-21 09:32:39,473.65,709641
2021-06-21 09:32:40,473.85,709660
2021-06-21 09:32:44,474.0,735783
2021-06-21 09:32:46,473.85,762962
2021-06-21 09:32:46,473.85,762962
2021-06-21 09:32:51,473.75,768437
2021-06-21 09:32:52,473.75,768437
2021-06-21 09:32:52,473.75,768450
2021-06-21 09:32:53,473.75,768550
2021-06-21 09:32:55,473.75,768908
2021-06-21 09:32:56,473.75,768928
2021-06-21 09:32:57,473.75,768938
2021-06-21 09:32:58,473.75,769251
2021-06-21 09:33:00,473.9,770002
2021-06-21 09:33:01,473.75,770427
2021-06-21 09:33:01,473.95,770437
2021-06-21 09:33:03,473.75,770539
2021-06-21 09:33:03,474.0,770569
2021-06-21 09:33:04,474.0,770569
2021-06-21 09:33:05,473.75,770574
2021-06-21 09:33:06,473.95,770774
2021-06-21 09:33:08,473.75,771014
2021-06-21 09:33:09,473.75,771014
2021-06-21 09:33:09,473.75,771064
2021-06-21 09:33:10,474.0,772065
2021-06-21 09:33:11,474.0,772168
2021-06-21 09:33:12,474.05,772218
2021-06-21 09:33:14,474.05,774168
2021-06-21 09:33:14,474.25,775237
2021-06-21 09:33:15,474.25,775387
2021-06-21 09:33:16,474.05,776449
2021-06-21 09:33:17,474.0,776481
2021-06-21 09:33:18,474.05,776542
2021-06-21 09:33:19,474.3,776763
2021-06-21 09:33:20,474.3,776763
2021-06-21 09:33:21,474.0,779109
2021-06-21 09:33:22,474.2,779325
2021-06-21 09:33:24,474.05,779656
2021-06-21 09:33:24,474.2,779846
2021-06-21 09:33:25,474.2,779903
2021-06-21 09:33:27,474.2,780403
2021-06-21 09:33:27,474.2,780431
2021-06-21 09:33:28,474.2,780449
2021-06-21 09:33:30,474.2,780479
2021-06-21 09:33:31,474.3,780485
2021-06-21 09:33:32,474.2,780555
2021-06-21 09:33:33,474.2,780635
2021-06-21 09:33:34,474.2,780718
2021-06-21 09:33:34,474.2,780718
2021-06-21 09:33:36,474.3,780720
2021-06-21 09:33:37,474.3,780770
2021-06-21 09:33:38,474.3,780816
2021-06-21 09:33:39,474.2,780918
2021-06-21 09:33:40,474.3,781668
2021-06-21 09:33:40,474.3,781668
2021-06-21 09:33:41,474.3,781673
2021-06-21 09:33:42,474.15,781973
2021-06-21 09:33:43,474.3,782293
2021-06-21 09:33:44,474.2,782532
2021-06-21 09:33:45,474.15,782549
2021-06-21 09:33:46,474.1,782665
2021-06-21 09:33:47,474.2,782707
2021-06-21 09:33:48,474.4,782917
2021-06-21 09:33:49,474.15,782928
2021-06-21 09:33:51,474.3,784214
2021-06-21 09:33:52,474.2,784718
2021-06-21 09:33:53,474.5,784719
2021-06-21 09:33:55,474.5,785449
2021-06-21 09:33:56,474.4,785521
2021-06-21 09:33:57,474.4,785521
2021-06-21 09:33:59,474.3,785569
2021-06-21 09:34:00,474.3,785630
2021-06-21 09:34:01,474.4,786160
2021-06-21 09:34:02,474.3,786346
2021-06-21 09:34:03,474.3,786346
2021-06-21 09:34:04,474.4,786889
2021-06-21 09:34:05,474.5,787239
2021-06-21 09:34:06,474.3,787864
2021-06-21 09:34:06,474.3,787989
2021-06-21 09:34:08,474.45,788067
2021-06-21 09:34:09,474.45,788072
2021-06-21 09:34:10,474.3,788228
2021-06-21 09:34:11,474.45,788543
2021-06-21 09:34:12,474.3,788549
2021-06-21 09:34:14,474.45,788800
2021-06-21 09:34:15,474.3,788815
2021-06-21 09:34:16,474.5,789215
2021-06-21 09:34:17,474.4,789248
2021-06-21 09:34:18,474.15,794005
2021-06-21 09:34:19,473.85,795188
2021-06-21 09:34:20,473.7,795920
2021-06-21 09:34:21,473.75,796445
2021-06-21 09:34:22,473.7,796663
2021-06-21 09:34:23,473.15,798906
2021-06-21 09:34:25,473.2,799117
2021-06-21 09:34:26,473.55,799540
2021-06-21 09:34:27,473.6,800070
2021-06-21 09:34:29,473.9,800090
2021-06-21 09:34:31,473.8,800158
2021-06-21 09:34:32,473.8,800158
2021-06-21 09:34:36,473.75,800608
2021-06-21 09:34:36,473.75,800608
2021-06-21 09:34:37,473.8,800734
2021-06-21 09:34:39,473.8,801064
2021-06-21 09:34:40,473.6,801464
2021-06-21 09:34:41,473.9,802124
2021-06-21 09:34:42,473.9,802124
2021-06-21 09:34:43,473.9,802124
2021-06-21 09:34:44,473.9,802188
2021-06-21 09:34:45,473.9,802201
2021-06-21 09:34:46,473.9,802291
2021-06-21 09:34:47,473.9,802538
2021-06-21 09:34:48,473.9,802538
2021-06-21 09:34:49,473.85,802631
2021-06-21 09:34:50,473.85,802631
2021-06-21 09:34:51,473.85,803181
2021-06-21 09:34:52,473.9,803446
2021-06-21 09:34:53,473.9,803447
2021-06-21 09:34:54,473.85,803448
2021-06-21 09:34:55,473.9,803561
2021-06-21 09:34:57,474.1,803640
2021-06-21 09:34:57,474.1,803675
2021-06-21 09:34:58,473.9,803725
2021-06-21 09:35:02,474.05,804301
2021-06-21 09:35:03,473.9,804306
2021-06-21 09:35:04,473.9,804307
2021-06-21 09:35:05,474.15,804407
2021-06-21 09:35:06,474.1,806463
2021-06-21 09:35:07,473.9,806763
2021-06-21 09:35:08,473.9,806763
2021-06-21 09:35:09,474.1,807771
2021-06-21 09:35:10,474.1,807771
2021-06-21 09:35:11,474.1,808276
2021-06-21 09:35:12,474.1,808401
2021-06-21 09:35:13,474.1,808401
2021-06-21 09:35:14,474.15,808451
2021-06-21 09:35:15,473.9,808652
2021-06-21 09:35:16,474.15,808682
2021-06-21 09:35:17,474.2,808750
2021-06-21 09:35:19,474.15,808805
2021-06-21 09:35:20,474.25,809276
2021-06-21 09:35:21,474.15,809607
2021-06-21 09:35:22,474.15,809607
2021-06-21 09:35:23,474.25,809632
2021-06-21 09:35:24,474.3,809705
2021-06-21 09:35:25,474.4,810005
2021-06-21 09:35:26,474.25,810046
2021-06-21 09:35:27,474.25,810247
2021-06-21 09:35:28,474.3,810250
2021-06-21 09:35:29,474.25,810400
2021-06-21 09:35:31,474.3,810555
2021-06-21 09:35:32,474.3,810605
2021-06-21 09:35:34,474.25,810718
2021-06-21 09:35:35,474.3,810768
2021-06-21 09:35:36,474.4,810868
2021-06-21 09:35:37,474.25,810913
2021-06-21 09:35:38,474.25,810963
2021-06-21 09:35:39,474.25,811503
2021-06-21 09:35:40,474.2,811688
2021-06-21 09:35:41,474.25,812917
2021-06-21 09:35:41,474.25,812967
2021-06-21 09:35:42,474.25,815253
2021-06-21 09:35:44,474.25,815363
2021-06-21 09:35:45,474.25,815364
2021-06-21 09:35:46,474.2,816344
2021-06-21 09:35:47,473.8,818218
2021-06-21 09:35:48,473.8,818218
2021-06-21 09:35:49,474.15,818318
2021-06-21 09:35:50,474.15,818358
2021-06-21 09:35:51,474.2,819412
2021-06-21 09:35:52,474.2,819512
2021-06-21 09:35:53,474.2,819513
2021-06-21 09:35:54,474.2,819515
2021-06-21 09:35:56,474.0,819673
2021-06-21 09:35:57,474.2,819700
2021-06-21 09:35:58,473.9,820494
2021-06-21 09:35:59,473.95,820860
2021-06-21 09:36:00,473.8,820895
2021-06-21 09:36:01,473.8,820895
2021-06-21 09:36:02,473.8,820895
2021-06-21 09:36:03,473.9,821005
2021-06-21 09:36:04,473.9,821005
2021-06-21 09:36:05,473.75,821370
2021-06-21 09:36:06,473.85,821396
2021-06-21 09:36:07,473.85,821405
2021-06-21 09:36:08,473.85,821485
2021-06-21 09:36:09,473.85,821487
2021-06-21 09:36:10,473.85,821487
2021-06-21 09:36:12,473.75,821898
2021-06-21 09:36:13,473.5,821903
2021-06-21 09:36:14,473.5,822031
2021-06-21 09:36:15,473.55,822041
2021-06-21 09:36:15,473.55,822141
2021-06-21 09:36:17,473.3,822229
2021-06-21 09:36:18,473.3,822229
2021-06-21 09:36:19,473.3,822229
2021-06-21 09:36:20,473.65,822236
2021-06-21 09:36:21,473.35,822675
2021-06-21 09:36:22,473.6,822683
2021-06-21 09:36:22,473.6,822683
2021-06-21 09:36:23,473.35,822855
2021-06-21 09:36:24,473.35,822855
2021-06-21 09:36:25,473.5,822860
2021-06-21 09:36:27,473.5,822886
2021-06-21 09:36:27,473.45,823197
2021-06-21 09:36:28,473.5,823198
2021-06-21 09:36:29,473.5,823205
2021-06-21 09:36:31,473.5,823330
2021-06-21 09:36:32,473.3,823432
2021-06-21 09:36:34,473.0,826407
2021-06-21 09:36:35,473.0,826638
2021-06-21 09:36:36,473.0,827064
2021-06-21 09:36:37,472.85,827339
2021-06-21 09:36:38,472.85,827339
2021-06-21 09:36:40,473.05,827350
2021-06-21 09:36:41,473.0,827410
2021-06-21 09:36:43,473.0,828266
2021-06-21 09:36:44,473.1,828778
2021-06-21 09:36:45,473.15,829303
2021-06-21 09:36:46,472.8,829504
2021-06-21 09:36:47,472.75,830102
2021-06-21 09:36:48,472.75,830381
2021-06-21 09:36:49,473.05,830490
2021-06-21 09:36:50,472.75,830522
2021-06-21 09:36:51,472.75,830522
2021-06-21 09:36:52,473.05,831008
2021-06-21 09:36:53,473.05,831008
2021-06-21 09:36:54,473.45,831087
2021-06-21 09:36:59,473.5,831113
2021-06-21 09:37:04,473.3,831578
2021-06-21 09:37:08,473.35,832120
2021-06-21 09:37:12,473.35,832240
2021-06-21 09:37:17,473.2,833470
2021-06-21 09:37:21,473.25,835511
2021-06-21 09:37:26,473.25,836057
2021-06-21 09:37:34,473.05,836469
2021-06-21 09:37:38,473.05,837421
2021-06-21 09:37:43,473.15,837458
2021-06-21 09:37:51,472.8,839525
2021-06-21 09:37:55,473.0,840668
2021-06-21 09:38:00,473.2,843274
2021-06-21 09:38:04,473.3,843297
2021-06-21 09:38:09,473.45,843572
2021-06-21 09:38:14,473.5,843792
2021-06-21 09:38:18,473.5,843975
2021-06-21 09:38:22,473.5,844010
2021-06-21 09:38:27,473.5,844317
2021-06-21 09:38:31,473.55,844992
2021-06-21 09:38:36,473.5,845603
2021-06-21 09:38:40,473.6,845762
2021-06-21 09:38:44,473.8,847029
2021-06-21 09:38:48,473.6,847672
2021-06-21 09:38:52,473.95,855236
2021-06-21 09:38:56,474.25,855385
2021-06-21 09:39:01,474.25,855792
2021-06-21 09:39:05,474.5,855919
2021-06-21 09:39:09,474.5,856436
2021-06-21 09:39:13,474.5,858820
2021-06-21 09:39:22,474.3,860290
2021-06-21 09:39:27,474.45,860481
2021-06-21 09:39:31,474.5,860743
2021-06-21 09:39:36,474.45,860998
2021-06-21 09:39:40,474.5,861619
2021-06-21 09:39:44,474.5,862029
2021-06-21 09:39:48,474.35,862186
2021-06-21 09:39:52,474.25,862743
2021-06-21 09:39:56,474.3,862926
2021-06-21 09:40:00,474.25,863189
2021-06-21 09:40:05,474.0,864079
2021-06-21 09:40:09,474.0,864610
2021-06-21 09:40:13,474.0,864967
2021-06-21 09:40:18,474.0,865858
2021-06-21 09:40:22,474.05,865871
2021-06-21 09:40:26,474.0,866169
2021-06-21 09:40:30,474.05,866504
2021-06-21 09:40:35,474.0,866625
2021-06-21 09:40:39,474.2,866832
2021-06-21 09:40:43,474.05,866847
2021-06-21 09:40:47,474.25,866969
2021-06-21 09:40:52,474.05,867404
2021-06-21 09:40:56,474.05,868390
2021-06-21 09:41:00,473.95,870234
2021-06-21 09:41:04,473.95,870467
2021-06-21 09:41:08,473.7,870514
2021-06-21 09:41:13,473.65,870584
2021-06-21 09:41:17,473.9,872720
2021-06-21 09:41:21,474.15,872972
2021-06-21 09:41:26,474.15,873896
2021-06-21 09:41:30,474.2,874998
2021-06-21 09:41:38,474.2,875268
2021-06-21 09:41:42,474.0,875648
2021-06-21 09:41:46,474.05,875740
2021-06-21 09:41:50,474.05,875772
2021-06-21 09:41:54,474.1,876073
2021-06-21 09:41:58,474.1,876600
2021-06-21 09:42:02,474.3,881453
2021-06-21 09:42:11,474.65,889029
2021-06-21 09:42:18,474.8,891362
2021-06-21 09:42:22,474.8,891600
2021-06-21 09:42:26,474.7,891878
2021-06-21 09:42:30,474.6,893040
2021-06-21 09:42:34,474.75,896661
2021-06-21 09:42:38,474.85,897096
2021-06-21 09:42:47,474.85,898390
2021-06-21 09:42:51,474.5,898495
2021-06-21 09:42:55,474.85,898881
2021-06-21 09:42:59,474.85,899881
2021-06-21 09:43:03,474.65,900681
2021-06-21 09:43:07,474.6,901023
2021-06-21 09:43:10,474.85,901070
2021-06-21 09:43:14,474.9,901167
2021-06-21 09:43:17,474.95,901621
2021-06-21 09:43:21,474.8,901652
2021-06-21 09:43:25,474.65,901929
2021-06-21 09:43:29,474.65,901939
2021-06-21 09:43:33,474.65,902035
2021-06-21 09:43:37,474.65,903503
2021-06-21 09:43:45,474.55,904218
2021-06-21 09:43:49,474.75,904544
2021-06-21 09:43:53,474.8,905178
2021-06-21 09:44:01,474.8,906921
2021-06-21 09:44:05,474.9,907746
2021-06-21 09:44:09,474.9,909442
2021-06-21 09:44:13,474.9,910194
2021-06-21 09:44:17,474.9,910689
2021-06-21 09:44:21,474.8,914771
2021-06-21 09:44:25,474.8,915971
2021-06-21 09:44:30,474.95,916241
2021-06-21 09:44:34,474.8,919704
2021-06-21 09:44:39,474.95,920441
2021-06-21 09:44:43,474.8,921178
2021-06-21 09:44:48,474.85,921494
2021-06-21 09:44:52,474.85,922289
2021-06-21 09:44:56,474.85,922612
2021-06-21 09:45:00,474.85,922711
2021-06-21 09:45:08,474.9,924180
2021-06-21 09:45:12,474.95,926066
2021-06-21 09:45:16,475.0,926814
2021-06-21 09:45:20,475.0,926932
2021-06-21 09:45:25,475.0,927469
2021-06-21 09:45:29,474.9,927799
2021-06-21 09:45:33,475.0,929298
2021-06-21 09:45:38,474.95,929966
2021-06-21 09:45:42,474.95,929987
2021-06-21 09:45:46,474.95,930090
2021-06-21 09:45:50,474.95,931192
2021-06-21 09:45:54,475.0,931414
2021-06-21 09:45:58,474.65,938164
2021-06-21 09:46:02,474.9,939923
2021-06-21 09:46:06,474.85,940007
2021-06-21 09:46:15,474.8,940731
2021-06-21 09:46:19,474.75,940812
2021-06-21 09:46:23,474.85,940942
2021-06-21 09:46:27,474.75,941300
2021-06-21 09:46:31,474.85,942656
2021-06-21 09:46:35,474.65,942820
2021-06-21 09:46:39,474.65,942946
2021-06-21 09:46:44,474.5,943558
2021-06-21 09:46:48,474.5,943855
2021-06-21 09:46:56,474.6,944295
2021-06-21 09:46:59,474.65,944701
2021-06-21 09:47:03,474.6,944822
2021-06-21 09:47:06,474.6,945887
2021-06-21 09:47:14,474.6,946357
2021-06-21 09:47:17,474.6,946564
2021-06-21 09:47:21,474.6,947195
2021-06-21 09:47:25,474.75,947703
2021-06-21 09:47:29,474.8,957745
2021-06-21 09:47:34,475.0,957749
2021-06-21 09:47:37,475.0,958609
2021-06-21 09:47:41,475.0,959410
2021-06-21 09:47:45,474.8,959435
2021-06-21 09:47:49,474.8,959733
2021-06-21 09:47:53,474.85,960909
2021-06-21 09:47:57,474.85,960975
2021-06-21 09:48:00,474.75,960996
2021-06-21 09:48:05,474.5,962896
2021-06-21 09:48:09,474.5,962927
2021-06-21 09:48:13,474.3,963886
2021-06-21 09:48:21,474.1,964738
2021-06-21 09:48:25,474.1,966749
2021-06-21 09:48:29,474.35,966775
2021-06-21 09:48:33,474.35,966945
2021-06-21 09:48:37,474.35,967024
2021-06-21 09:48:40,474.25,967532
2021-06-21 09:48:44,474.4,967587
2021-06-21 09:48:48,474.5,969092
2021-06-21 09:48:52,474.35,970344
2021-06-21 09:48:55,474.5,970350
2021-06-21 09:48:59,474.5,970363
2021-06-21 09:49:03,474.25,970904
2021-06-21 09:49:10,473.7,978700
2021-06-21 09:49:14,473.5,980164
2021-06-21 09:49:18,473.5,981369
2021-06-21 09:49:22,473.4,982251
2021-06-21 09:49:26,473.5,982331
2021-06-21 09:49:30,473.5,982331
2021-06-21 09:49:33,473.5,983313
2021-06-21 09:49:37,473.7,983318
2021-06-21 09:49:42,473.75,984416
2021-06-21 09:49:50,474.2,984831
2021-06-21 09:49:53,474.0,985171
2021-06-21 09:49:58,474.0,985523
2021-06-21 09:50:01,473.9,986561
2021-06-21 09:50:05,474.0,987189
2021-06-21 09:50:09,473.75,987579
2021-06-21 09:50:13,473.75,987592
2021-06-21 09:50:17,473.75,988370
2021-06-21 09:50:21,473.75,988855
2021-06-21 09:50:29,473.75,989656
2021-06-21 09:50:33,473.7,989710
2021-06-21 09:50:37,473.5,989910
2021-06-21 09:50:41,473.45,991661
2021-06-21 09:50:45,473.75,991765
2021-06-21 09:50:48,473.75,991886
2021-06-21 09:50:53,473.7,993037
2021-06-21 09:50:57,473.75,993349
2021-06-21 09:51:01,473.5,993469
2021-06-21 09:51:05,473.6,993623
2021-06-21 09:51:09,473.5,993676
2021-06-21 09:51:13,473.75,993754
2021-06-21 09:51:17,473.65,995644
2021-06-21 09:51:20,473.4,995864
2021-06-21 09:51:24,473.6,996561
2021-06-21 09:51:32,473.3,999017
2021-06-21 09:51:36,473.3,999147
2021-06-21 09:51:40,473.4,999209
2021-06-21 09:51:44,473.3,999872
2021-06-21 09:51:48,473.4,1001942
2021-06-21 09:51:52,473.3,1002224
2021-06-21 09:51:56,473.5,1002454
2021-06-21 09:52:00,473.5,1003217
2021-06-21 09:52:04,473.3,1003219
2021-06-21 09:52:08,473.5,1003389
2021-06-21 09:52:12,473.5,1003394
2021-06-21 09:52:16,473.4,1003519
2021-06-21 09:52:20,473.1,1006615
2021-06-21 09:52:25,473.1,1006954
2021-06-21 09:52:29,473.25,1007124
2021-06-21 09:52:33,473.05,1007522
2021-06-21 09:52:37,473.25,1007539
2021-06-21 09:52:41,473.25,1007544
2021-06-21 09:52:45,473.05,1008036
2021-06-21 09:52:48,473.25,1008573
2021-06-21 09:52:52,473.05,1008778
2021-06-21 09:52:56,473.05,1009135
2021-06-21 09:53:04,473.25,1012595
2021-06-21 09:53:08,473.2,1012738
2021-06-21 09:53:11,473.15,1013018
2021-06-21 09:53:15,473.2,1013047
2021-06-21 09:53:19,473.15,1013444
2021-06-21 09:53:23,473.2,1013495
2021-06-21 09:53:27,473.2,1013550
2021-06-21 09:53:34,473.4,1018408
2021-06-21 09:53:38,473.35,1019935
2021-06-21 09:53:43,473.35,1020445
2021-06-21 09:53:46,473.3,1021258
2021-06-21 09:53:50,473.25,1021562
2021-06-21 09:53:54,473.25,1021625
2021-06-21 09:53:58,473.25,1021848
2021-06-21 09:54:01,473.4,1021897
2021-06-21 09:54:05,473.35,1022107
2021-06-21 09:54:08,473.5,1022574
2021-06-21 09:54:12,473.3,1022927
2021-06-21 09:54:16,473.7,1022964
2021-06-21 09:54:21,473.85,1024280
2021-06-21 09:54:25,473.85,1024332
2021-06-21 09:54:28,473.5,1024447
2021-06-21 09:54:32,473.6,1024448
2021-06-21 09:54:36,473.4,1026069
2021-06-21 09:54:40,473.35,1026152
2021-06-21 09:54:44,473.4,1026262
2021-06-21 09:54:48,473.7,1026492
2021-06-21 09:54:52,473.5,1026542
2021-06-21 09:54:56,473.8,1026882
2021-06-21 09:55:00,473.55,1027353
2021-06-21 09:55:04,473.75,1028287
2021-06-21 09:55:07,473.4,1032287
2021-06-21 09:55:11,473.4,1032561
2021-06-21 09:55:15,473.65,1032661
2021-06-21 09:55:19,473.5,1033166
2021-06-21 09:55:23,473.5,1033179
2021-06-21 09:55:28,473.5,1033179
2021-06-21 09:55:32,473.55,1033568
2021-06-21 09:55:36,473.5,1033588
2021-06-21 09:55:40,473.5,1033979
2021-06-21 09:55:44,473.45,1034128
2021-06-21 09:55:48,473.6,1034228
2021-06-21 09:55:52,473.6,1034480
2021-06-21 09:55:56,473.55,1034602
2021-06-21 09:56:00,473.55,1034697
2021-06-21 09:56:04,473.7,1034758
2021-06-21 09:56:12,473.6,1035297
2021-06-21 09:56:15,473.6,1035527
2021-06-21 09:56:19,473.6,1035527
2021-06-21 09:56:26,473.6,1037160
2021-06-21 09:56:30,473.6,1037185
2021-06-21 09:56:34,473.6,1037225
2021-06-21 09:56:38,473.75,1038057
2021-06-21 09:56:41,473.75,1039121
2021-06-21 09:56:45,473.85,1039126
2021-06-21 09:56:49,473.9,1039176
2021-06-21 09:56:53,473.85,1041099
2021-06-21 09:56:57,473.75,1041299
2021-06-21 09:57:01,473.95,1041311
2021-06-21 09:57:08,473.8,1042124
2021-06-21 09:57:12,474.1,1042292
2021-06-21 09:57:15,473.75,1042807
2021-06-21 09:57:19,474.05,1042834
2021-06-21 09:57:22,474.1,1043350
2021-06-21 09:57:26,473.95,1043370
2021-06-21 09:57:30,474.0,1043905
2021-06-21 09:57:34,474.3,1043945
2021-06-21 09:57:38,474.5,1044484
2021-06-21 09:57:41,474.45,1045033
2021-06-21 09:57:45,474.15,1045170
2021-06-21 09:57:49,474.25,1045330
2021-06-21 09:57:53,474.2,1045341
2021-06-21 09:57:56,474.45,1045450
2021-06-21 09:58:00,474.45,1045466
2021-06-21 09:58:04,474.45,1046441
2021-06-21 09:58:12,474.1,1049156
2021-06-21 09:58:15,474.2,1049531
2021-06-21 09:58:19,474.25,1050811
2021-06-21 09:58:24,474.2,1051412
2021-06-21 09:58:28,474.25,1051483
2021-06-21 09:58:32,474.15,1053383
2021-06-21 09:58:36,474.35,1054134
2021-06-21 09:58:40,474.5,1055083
2021-06-21 09:58:47,474.5,1055485
2021-06-21 09:58:51,474.35,1055675
2021-06-21 09:58:55,474.5,1055726
2021-06-21 09:58:58,474.6,1058991
2021-06-21 09:59:05,474.8,1061888
2021-06-21 09:59:10,474.7,1062730
2021-06-21 09:59:13,475.0,1066142
2021-06-21 09:59:17,475.0,1066926
2021-06-21 09:59:21,475.15,1078251
2021-06-21 09:59:24,475.3,1079787
2021-06-21 09:59:28,475.1,1080514
2021-06-21 09:59:31,474.85,1082512
2021-06-21 09:59:38,474.9,1082687
2021-06-21 09:59:41,475.1,1083726
2021-06-21 09:59:46,475.2,1083797
2021-06-21 09:59:50,475.1,1084480
2021-06-21 09:59:53,475.15,1084525
2021-06-21 09:59:57,475.15,1084668
2021-06-21 10:00:01,475.15,1084896
2021-06-21 10:00:08,475.3,1086662
2021-06-21 10:00:12,475.3,1086824
2021-06-21 10:00:16,475.3,1087224
2021-06-21 10:00:19,475.5,1091041
2021-06-21 10:00:22,475.35,1091236
2021-06-21 10:00:26,475.35,1092080
2021-06-21 10:00:30,475.35,1092240
2021-06-21 10:00:34,475.3,1092812
2021-06-21 10:00:37,475.35,1093535
2021-06-21 10:00:41,475.5,1094303
2021-06-21 10:00:45,475.75,1098299
2021-06-21 10:00:49,475.45,1098894
2021-06-21 10:00:53,475.45,1099410
2021-06-21 10:00:57,475.75,1099721
2021-06-21 10:01:01,475.8,1100656
2021-06-21 10:01:05,475.7,1100990
2021-06-21 10:01:09,475.75,1101594
2021-06-21 10:01:12,475.75,1102384
2021-06-21 10:01:16,475.45,1105061
2021-06-21 10:01:20,475.35,1105978
2021-06-21 10:01:24,475.4,1106238
2021-06-21 10:01:28,475.4,1106402
2021-06-21 10:01:32,475.45,1106486
2021-06-21 10:01:35,475.55,1106695
2021-06-21 10:01:39,475.6,1107746
2021-06-21 10:01:42,475.55,1107906
2021-06-21 10:01:46,475.6,1108382
2021-06-21 10:01:50,475.5,1110419
2021-06-21 10:01:53,475.5,1110419
2021-06-21 10:01:57,475.4,1111733
2021-06-21 10:02:00,475.1,1112424
2021-06-21 10:02:04,475.4,1112928
2021-06-21 10:02:08,475.2,1116768
2021-06-21 10:02:12,475.0,1117128
2021-06-21 10:02:19,475.0,1117288
2021-06-21 10:02:23,475.0,1117389
2021-06-21 10:02:27,475.0,1117539
2021-06-21 10:02:30,475.0,1119770
2021-06-21 10:02:34,475.15,1119902
2021-06-21 10:02:38,475.15,1120416
2021-06-21 10:02:41,475.15,1120644
2021-06-21 10:02:45,475.15,1120911
2021-06-21 10:02:48,475.15,1120982
2021-06-21 10:02:52,475.2,1122508
2021-06-21 10:02:56,475.15,1122958
2021-06-21 10:02:59,475.3,1123608
2021-06-21 10:03:03,475.0,1124192
2021-06-21 10:03:07,475.3,1125297
2021-06-21 10:03:11,475.0,1125320
2021-06-21 10:03:14,475.25,1125370
2021-06-21 10:03:18,475.2,1125595
2021-06-21 10:03:21,475.4,1132606
2021-06-21 10:03:25,475.3,1132756
2021-06-21 10:03:28,475.3,1133156
2021-06-21 10:03:32,475.3,1134498
2021-06-21 10:03:35,475.3,1135003
2021-06-21 10:03:38,475.3,1135254
2021-06-21 10:03:42,475.3,1135254
2021-06-21 10:03:45,475.3,1135290
2021-06-21 10:03:48,475.3,1135300
2021-06-21 10:03:51,475.05,1135310
2021-06-21 10:03:55,475.0,1135584
2021-06-21 10:03:58,475.0,1136174
2021-06-21 10:04:02,475.25,1136593
2021-06-21 10:04:05,475.0,1136818
2021-06-21 10:04:09,474.95,1138320
2021-06-21 10:04:12,474.9,1138440
2021-06-21 10:04:15,474.9,1138440
2021-06-21 10:04:18,475.15,1139020
2021-06-21 10:04:22,474.8,1139592
2021-06-21 10:04:25,474.8,1139592
2021-06-21 10:04:29,474.65,1140127
2021-06-21 10:04:32,475.0,1140130
2021-06-21 10:04:36,474.9,1140279
2021-06-21 10:04:39,474.8,1140290
2021-06-21 10:04:43,474.8,1140290
2021-06-21 10:04:46,475.0,1141212
2021-06-21 10:04:50,474.95,1141279
2021-06-21 10:04:53,474.65,1141392
2021-06-21 10:04:57,474.8,1141541
2021-06-21 10:05:00,474.8,1141791
2021-06-21 10:05:03,474.95,1142431
2021-06-21 10:05:07,474.65,1142744
2021-06-21 10:05:10,474.65,1144072
2021-06-21 10:05:13,474.65,1144074
2021-06-21 10:05:16,474.95,1144094
2021-06-21 10:05:20,474.65,1144388
2021-06-21 10:05:24,474.9,1144391
2021-06-21 10:05:27,474.7,1144821
2021-06-21 10:05:34,474.8,1144879
2021-06-21 10:05:38,474.7,1146057
2021-06-21 10:05:44,474.7,1146566
2021-06-21 10:05:48,474.65,1147067
2021-06-21 10:05:51,474.45,1147117
2021-06-21 10:05:54,474.45,1147177
2021-06-21 10:05:57,474.25,1147478
2021-06-21 10:06:01,474.6,1148325
2021-06-21 10:06:04,474.35,1148334
2021-06-21 10:06:08,474.5,1148435
2021-06-21 10:06:15,474.25,1148895
2021-06-21 10:06:19,474.45,1149132
2021-06-21 10:06:22,474.5,1149358
2021-06-21 10:06:25,474.3,1149513
2021-06-21 10:06:29,474.3,1149514
2021-06-21 10:06:33,474.3,1149524
2021-06-21 10:06:36,474.5,1149570
2021-06-21 10:06:39,474.35,1149596
2021-06-21 10:06:43,474.5,1150051
2021-06-21 10:06:49,474.5,1150826
2021-06-21 10:06:52,474.5,1151127
2021-06-21 10:06:55,474.5,1151129
2021-06-21 10:06:58,474.5,1151145
2021-06-21 10:07:01,474.3,1151273
2021-06-21 10:07:04,474.3,1151273
2021-06-21 10:07:07,474.5,1151283
2021-06-21 10:07:10,474.5,1151343
2021-06-21 10:07:13,474.5,1151353
2021-06-21 10:07:16,474.6,1153472
2021-06-21 10:07:19,474.6,1153500
2021-06-21 10:07:22,474.6,1153500
2021-06-21 10:07:25,474.65,1154251
2021-06-21 10:07:31,474.7,1156978
2021-06-21 10:07:35,474.65,1157056
2021-06-21 10:07:38,474.65,1157144
2021-06-21 10:07:42,474.85,1157197
2021-06-21 10:07:46,474.85,1157197
2021-06-21 10:07:49,474.85,1157197
2021-06-21 10:07:52,474.95,1157352
2021-06-21 10:07:55,474.85,1157370
2021-06-21 10:07:59,474.85,1157527
2021-06-21 10:08:02,475.0,1159386
2021-06-21 10:08:05,475.0,1159411
2021-06-21 10:08:08,475.0,1159426
2021-06-21 10:08:11,474.8,1159427
2021-06-21 10:08:15,474.8,1159558
2021-06-21 10:08:18,475.0,1159659
2021-06-21 10:08:22,474.8,1159929
2021-06-21 10:08:25,475.0,1160454
2021-06-21 10:08:28,475.0,1160454
2021-06-21 10:08:31,475.0,1160454
2021-06-21 10:08:35,474.8,1160638
2021-06-21 10:08:38,475.0,1160794
2021-06-21 10:08:41,474.8,1160920
2021-06-21 10:08:45,475.0,1162971
2021-06-21 10:08:48,475.0,1162983
2021-06-21 10:08:51,475.0,1163251
2021-06-21 10:08:54,474.8,1163273
2021-06-21 10:08:58,475.0,1163275
2021-06-21 10:09:01,474.8,1163392
2021-06-21 10:09:05,475.0,1163692
2021-06-21 10:09:08,475.0,1163842
2021-06-21 10:09:12,475.0,1163842
2021-06-21 10:09:15,474.85,1163875
2021-06-21 10:09:18,474.9,1164165
2021-06-21 10:09:21,474.8,1164765
2021-06-21 10:09:24,474.95,1164870
2021-06-21 10:09:27,475.0,1164895
2021-06-21 10:09:30,475.0,1168249
2021-06-21 10:09:33,474.75,1168354
2021-06-21 10:09:37,474.65,1168454
2021-06-21 10:09:40,474.65,1168454
2021-06-21 10:09:43,474.8,1168456
2021-06-21 10:09:46,474.65,1169307
2021-06-21 10:09:53,474.7,1169575
2021-06-21 10:09:56,474.7,1169584
2021-06-21 10:09:59,474.7,1169584
2021-06-21 10:10:03,474.95,1169756
2021-06-21 10:10:06,474.7,1170958
2021-06-21 10:10:09,474.95,1171148
2021-06-21 10:10:13,474.7,1173149
2021-06-21 10:10:16,475.0,1173736
2021-06-21 10:10:19,474.9,1173747
2021-06-21 10:10:23,475.0,1173910
2021-06-21 10:10:26,475.15,1174095
2021-06-21 10:10:29,474.95,1175107
2021-06-21 10:10:33,474.95,1175107
2021-06-21 10:10:36,474.8,1176151
2021-06-21 10:10:39,475.15,1176251
2021-06-21 10:10:42,474.9,1176351
2021-06-21 10:10:45,475.2,1177234
2021-06-21 10:10:48,475.15,1177285
2021-06-21 10:10:51,475.3,1177919
2021-06-21 10:10:54,475.3,1177974
2021-06-21 10:10:57,475.15,1178154
2021-06-21 10:11:01,475.15,1179231
2021-06-21 10:11:06,475.3,1179289
2021-06-21 10:11:10,475.3,1179314
2021-06-21 10:11:13,475.3,1179775
2021-06-21 10:11:16,475.3,1179798
2021-06-21 10:11:19,475.3,1179939
2021-06-21 10:11:22,475.1,1180933
2021-06-21 10:11:25,475.15,1181034
2021-06-21 10:11:28,474.9,1181075
2021-06-21 10:11:31,474.9,1181108
2021-06-21 10:11:34,474.9,1181494
2021-06-21 10:11:37,474.8,1181510
2021-06-21 10:11:41,474.9,1181513
2021-06-21 10:11:44,474.9,1181765
2021-06-21 10:11:47,474.9,1181765
2021-06-21 10:11:50,474.9,1181765
2021-06-21 10:11:53,474.9,1181785
2021-06-21 10:11:56,474.9,1181904
2021-06-21 10:11:59,475.0,1182004
2021-06-21 10:12:02,475.0,1182004
2021-06-21 10:12:05,475.0,1182538
2021-06-21 10:12:09,475.15,1183138
2021-06-21 10:12:12,474.8,1183238
2021-06-21 10:12:15,474.9,1183239
2021-06-21 10:12:19,474.9,1183239
2021-06-21 10:12:22,475.1,1183624
2021-06-21 10:12:26,474.9,1183774
2021-06-21 10:12:29,474.9,1183865
2021-06-21 10:12:33,474.95,1184374
2021-06-21 10:12:36,474.8,1185793
2021-06-21 10:12:39,474.9,1185895
2021-06-21 10:12:42,474.7,1185950
2021-06-21 10:12:45,474.9,1186027
2021-06-21 10:12:48,474.7,1186077
2021-06-21 10:12:55,474.9,1186287
2021-06-21 10:12:58,474.85,1186448
2021-06-21 10:13:01,474.7,1187002
2021-06-21 10:13:04,474.5,1188568
2021-06-21 10:13:07,474.65,1188818
2021-06-21 10:13:10,474.7,1189356
2021-06-21 10:13:13,474.85,1189539
2021-06-21 10:13:15,474.6,1189592
2021-06-21 10:13:18,474.65,1190442
2021-06-21 10:13:22,474.55,1194900
2021-06-21 10:13:25,474.55,1194900
2021-06-21 10:13:29,474.5,1195602
2021-06-21 10:13:32,474.5,1195653
2021-06-21 10:13:36,474.5,1196120
2021-06-21 10:13:39,474.5,1196120
2021-06-21 10:13:42,474.65,1198679
2021-06-21 10:13:45,474.35,1199829
2021-06-21 10:13:48,474.55,1200031
2021-06-21 10:13:51,474.5,1200626
2021-06-21 10:13:55,474.55,1200752
2021-06-21 10:13:57,474.5,1200870
2021-06-21 10:14:00,474.5,1200980
2021-06-21 10:14:04,474.55,1200991
2021-06-21 10:14:08,474.55,1201071
2021-06-21 10:14:11,474.55,1201201
2021-06-21 10:14:14,474.6,1201272
2021-06-21 10:14:18,474.65,1201307
2021-06-21 10:14:21,474.65,1201466
2021-06-21 10:14:25,474.65,1201466
2021-06-21 10:14:28,474.6,1201955
2021-06-21 10:14:31,474.55,1201963
2021-06-21 10:14:34,474.5,1201993
2021-06-21 10:14:37,474.55,1202018
2021-06-21 10:14:40,474.55,1202028
2021-06-21 10:14:42,474.65,1202909
2021-06-21 10:14:46,474.3,1203260
2021-06-21 10:14:49,474.25,1203505
2021-06-21 10:14:52,474.3,1203535
2021-06-21 10:14:55,474.1,1204273
2021-06-21 10:14:58,474.4,1204706
2021-06-21 10:15:02,474.1,1204811
2021-06-21 10:15:05,474.4,1205807
2021-06-21 10:15:08,474.35,1205857
2021-06-21 10:15:12,474.4,1206562
2021-06-21 10:15:16,474.45,1206642
2021-06-21 10:15:19,474.5,1206752
2021-06-21 10:15:22,474.5,1206752
2021-06-21 10:15:28,474.4,1207606
2021-06-21 10:15:31,474.45,1207635
2021-06-21 10:15:34,474.4,1207713
2021-06-21 10:15:38,474.6,1207823
2021-06-21 10:15:41,474.6,1207908
2021-06-21 10:15:44,474.8,1208518
2021-06-21 10:15:47,474.8,1208518
2021-06-21 10:15:50,474.8,1208518
2021-06-21 10:15:53,474.45,1208539
2021-06-21 10:15:56,474.45,1208589
2021-06-21 10:15:59,474.45,1208641
2021-06-21 10:16:03,474.4,1208706
2021-06-21 10:16:06,474.7,1208707
2021-06-21 10:16:09,474.7,1208760
2021-06-21 10:16:12,474.6,1208875
2021-06-21 10:16:15,474.6,1208940
2021-06-21 10:16:18,474.6,1208961
2021-06-21 10:16:21,474.5,1209278
2021-06-21 10:16:24,474.25,1209359
2021-06-21 10:16:27,474.25,1209359
2021-06-21 10:16:30,474.25,1209359
2021-06-21 10:16:33,474.6,1209399
2021-06-21 10:16:36,474.5,1209499
2021-06-21 10:16:39,474.5,1209499
2021-06-21 10:16:42,474.5,1209499
2021-06-21 10:16:45,474.6,1210519
2021-06-21 10:16:48,474.6,1211250
2021-06-21 10:16:51,474.35,1211260
2021-06-21 10:16:54,474.5,1211320
2021-06-21 10:16:56,474.55,1211430
2021-06-21 10:16:59,474.55,1211430
2021-06-21 10:17:02,474.5,1211456
2021-06-21 10:17:05,474.45,1211471
2021-06-21 10:17:08,474.45,1211472
2021-06-21 10:17:11,474.35,1211540
2021-06-21 10:17:15,474.6,1211651
2021-06-21 10:17:19,474.6,1211752
2021-06-21 10:17:22,474.3,1211804
2021-06-21 10:17:25,474.25,1212853
2021-06-21 10:17:28,474.35,1212863
2021-06-21 10:17:31,474.35,1212895
2021-06-21 10:17:34,474.15,1214275
2021-06-21 10:17:38,474.15,1214275
2021-06-21 10:17:42,474.1,1214843
2021-06-21 10:17:45,474.3,1214861
2021-06-21 10:17:48,474.3,1214871
2021-06-21 10:17:51,474.3,1214874
2021-06-21 10:17:54,474.3,1214874
2021-06-21 10:17:57,474.3,1214884
2021-06-21 10:18:00,474.3,1214884
2021-06-21 10:18:04,474.3,1215195
2021-06-21 10:18:07,474.3,1215200
2021-06-21 10:18:12,474.75,1216554
2021-06-21 10:18:16,474.5,1216555
2021-06-21 10:18:19,474.5,1216555
2021-06-21 10:18:22,474.5,1216555
2021-06-21 10:18:25,474.3,1216643
2021-06-21 10:18:29,474.3,1216736
2021-06-21 10:18:32,474.3,1216736
2021-06-21 10:18:36,474.45,1217466
2021-06-21 10:18:39,474.45,1217466
2021-06-21 10:18:42,474.45,1217966
2021-06-21 10:18:45,474.2,1217976
2021-06-21 10:18:48,474.45,1218001
2021-06-21 10:18:50,474.15,1218226
2021-06-21 10:18:54,474.15,1218231
2021-06-21 10:18:57,474.15,1218363
2021-06-21 10:19:00,474.1,1219379
2021-06-21 10:19:02,474.4,1219401
2021-06-21 10:19:05,474.4,1219552
2021-06-21 10:19:14,474.05,1222339
2021-06-21 10:19:16,474.35,1224001
2021-06-21 10:19:19,474.15,1224451
2021-06-21 10:19:23,474.45,1225081
2021-06-21 10:19:27,474.15,1225131
2021-06-21 10:19:30,474.4,1225311
2021-06-21 10:19:34,474.2,1225411
2021-06-21 10:19:38,474.2,1225490
2021-06-21 10:19:42,474.2,1225682
2021-06-21 10:19:45,474.4,1225692
2021-06-21 10:19:49,474.3,1226392
2021-06-21 10:19:52,474.3,1226445
2021-06-21 10:19:55,474.4,1226455
2021-06-21 10:19:58,474.4,1226455
2021-06-21 10:20:07,474.5,1227095
2021-06-21 10:20:10,474.45,1227111
2021-06-21 10:20:14,474.45,1227288
2021-06-21 10:20:17,474.45,1227288
2021-06-21 10:20:20,474.45,1227288
2021-06-21 10:20:22,474.45,1227289
2021-06-21 10:20:25,474.45,1227289
2021-06-21 10:20:28,474.45,1227330
2021-06-21 10:20:31,474.45,1227347
2021-06-21 10:20:34,474.45,1227547
2021-06-21 10:20:37,474.55,1227689
2021-06-21 10:20:39,474.3,1227740
2021-06-21 10:20:42,474.6,1227790
2021-06-21 10:20:46,474.6,1227790
2021-06-21 10:20:49,474.6,1227790
2021-06-21 10:20:52,474.45,1227793
2021-06-21 10:20:55,474.45,1227816
2021-06-21 10:20:58,474.3,1227837
2021-06-21 10:21:01,474.3,1228142
2021-06-21 10:21:05,474.25,1228152
2021-06-21 10:21:08,474.45,1228302
2021-06-21 10:21:11,474.45,1228302
2021-06-21 10:21:14,474.25,1228322
2021-06-21 10:21:17,474.5,1228465
2021-06-21 10:21:20,474.6,1228466
2021-06-21 10:21:23,474.4,1229483
2021-06-21 10:21:26,474.4,1229533
2021-06-21 10:21:29,474.3,1229559
2021-06-21 10:21:35,474.5,1229664
2021-06-21 10:21:37,474.5,1229664
2021-06-21 10:21:40,474.5,1229774
2021-06-21 10:21:43,474.5,1229779
2021-06-21 10:21:45,474.25,1229830
2021-06-21 10:21:48,474.55,1230053
2021-06-21 10:21:51,474.35,1230453
2021-06-21 10:21:54,474.5,1230457
2021-06-21 10:21:56,474.65,1230987
2021-06-21 10:21:59,474.65,1230987
2021-06-21 10:22:02,474.5,1231010
2021-06-21 10:22:05,474.5,1231021
2021-06-21 10:22:08,474.5,1231127
2021-06-21 10:22:11,474.5,1231139
2021-06-21 10:22:14,474.5,1231189
2021-06-21 10:22:17,474.5,1231239
2021-06-21 10:22:20,474.5,1231239
2021-06-21 10:22:22,474.5,1231264
2021-06-21 10:22:25,474.5,1231474
2021-06-21 10:22:28,474.5,1231524
2021-06-21 10:22:31,474.5,1231525
2021-06-21 10:22:34,474.5,1231525
2021-06-21 10:22:38,474.5,1231525
2021-06-21 10:22:40,474.35,1231527
2021-06-21 10:22:43,474.6,1232226
2021-06-21 10:22:46,474.8,1232361
2021-06-21 10:22:49,474.9,1232886
2021-06-21 10:22:52,474.9,1232886
2021-06-21 10:22:55,474.9,1232886
2021-06-21 10:22:58,474.9,1232897
2021-06-21 10:23:00,474.9,1235179
2021-06-21 10:23:03,474.9,1235179
2021-06-21 10:23:06,474.9,1235179
2021-06-21 10:23:09,474.9,1235204
2021-06-21 10:23:12,475.15,1235226
2021-06-21 10:23:15,474.9,1237904
2021-06-21 10:23:19,474.9,1237949
2021-06-21 10:23:22,474.95,1239797
2021-06-21 10:23:24,474.95,1239797
2021-06-21 10:23:27,474.7,1239807
2021-06-21 10:23:30,474.7,1239807
2021-06-21 10:23:33,475.0,1239837
2021-06-21 10:23:36,475.0,1239837
2021-06-21 10:23:39,474.95,1239847
2021-06-21 10:23:42,474.65,1239867
2021-06-21 10:23:45,474.65,1239867
2021-06-21 10:23:48,474.9,1240017
2021-06-21 10:23:51,474.9,1240017
2021-06-21 10:23:57,474.75,1240063
2021-06-21 10:23:59,474.5,1240639
2021-06-21 10:24:02,474.3,1240909
2021-06-21 10:24:05,474.5,1240993
2021-06-21 10:24:07,474.5,1241003
2021-06-21 10:24:10,474.55,1241130
2021-06-21 10:24:13,474.5,1241236
2021-06-21 10:24:15,474.3,1241296
2021-06-21 10:24:18,474.3,1241296
2021-06-21 10:24:20,474.5,1241326
2021-06-21 10:24:23,474.3,1241426
2021-06-21 10:24:25,474.3,1241426
2021-06-21 10:24:28,474.5,1241526
2021-06-21 10:24:33,474.5,1241572
2021-06-21 10:24:36,474.5,1241572
2021-06-21 10:24:38,474.5,1241580
2021-06-21 10:24:40,474.5,1241623
2021-06-21 10:24:43,474.3,1241773
2021-06-21 10:24:46,474.5,1241853
2021-06-21 10:24:49,474.5,1241903
2021-06-21 10:24:52,474.5,1241903
2021-06-21 10:24:54,474.5,1242003
2021-06-21 10:24:57,474.35,1242293
2021-06-21 10:25:00,474.5,1242377
2021-06-21 10:25:03,474.5,1242377
2021-06-21 10:25:06,474.55,1242382
2021-06-21 10:25:09,474.55,1242382
2021-06-21 10:25:12,474.5,1242384
2021-06-21 10:25:14,474.35,1242539
2021-06-21 10:25:17,474.3,1242640
2021-06-21 10:25:19,474.3,1242643
2021-06-21 10:25:22,474.5,1242644
2021-06-21 10:25:25,474.45,1242645
2021-06-21 10:25:27,474.5,1242696
2021-06-21 10:25:30,474.5,1242701
2021-06-21 10:25:33,474.5,1242711
2021-06-21 10:25:36,474.5,1242711
2021-06-21 10:25:38,474.55,1242811
2021-06-21 10:25:41,474.4,1242885
2021-06-21 10:25:44,474.4,1242886
2021-06-21 10:25:46,474.35,1243740
2021-06-21 10:25:49,474.4,1244342
2021-06-21 10:25:52,474.4,1244342
2021-06-21 10:25:55,474.4,1244342
2021-06-21 10:25:58,474.4,1244382
2021-06-21 10:26:01,474.4,1244392
2021-06-21 10:26:04,474.1,1244894
2021-06-21 10:26:06,474.35,1244904
2021-06-21 10:26:09,474.4,1245012
2021-06-21 10:26:12,474.4,1245037
2021-06-21 10:26:15,474.4,1245140
2021-06-21 10:26:20,474.15,1245379
2021-06-21 10:26:23,474.15,1245379
2021-06-21 10:26:26,474.15,1245379
2021-06-21 10:26:28,474.3,1245409
2021-06-21 10:26:32,474.35,1245412
2021-06-21 10:26:35,474.35,1245412
2021-06-21 10:26:37,474.4,1245422
2021-06-21 10:26:41,474.4,1245422
2021-06-21 10:26:44,474.4,1245447
2021-06-21 10:26:47,474.4,1245447
2021-06-21 10:26:50,474.4,1245500
2021-06-21 10:26:52,474.4,1245500
2021-06-21 10:26:55,474.3,1245523
2021-06-21 10:26:58,474.2,1245543
2021-06-21 10:27:03,474.45,1245858
2021-06-21 10:27:06,474.5,1245963
2021-06-21 10:27:09,474.5,1245978
2021-06-21 10:27:12,474.5,1246360
2021-06-21 10:27:14,474.5,1246360
2021-06-21 10:27:17,474.35,1246370
2021-06-21 10:27:20,474.2,1246420
2021-06-21 10:27:22,474.2,1246420
2021-06-21 10:27:25,474.2,1246594
2021-06-21 10:27:29,474.4,1247105
2021-06-21 10:27:32,474.4,1247125
2021-06-21 10:27:36,474.45,1247126
2021-06-21 10:27:39,474.45,1247130
2021-06-21 10:27:43,474.25,1247141
2021-06-21 10:27:46,474.25,1247141
2021-06-21 10:27:50,474.25,1247341
2021-06-21 10:27:53,474.2,1247441
2021-06-21 10:27:56,474.2,1247650
2021-06-21 10:27:59,474.2,1247650
2021-06-21 10:28:03,474.35,1247803
2021-06-21 10:28:06,474.35,1247803
2021-06-21 10:28:10,474.3,1248826
2021-06-21 10:28:13,474.3,1248926
2021-06-21 10:28:17,474.05,1248976
2021-06-21 10:28:20,474.3,1248978
2021-06-21 10:28:23,474.3,1248978
2021-06-21 10:28:27,474.3,1248988
2021-06-21 10:28:34,474.1,1249019
2021-06-21 10:28:37,474.3,1249074
2021-06-21 10:28:42,474.15,1249209
2021-06-21 10:28:45,474.3,1249361
2021-06-21 10:28:48,474.3,1249361
2021-06-21 10:28:54,474.3,1249450
2021-06-21 10:28:56,474.3,1249450
2021-06-21 10:28:59,474.4,1249500
2021-06-21 10:29:02,474.4,1249500
2021-06-21 10:29:05,474.4,1249500
2021-06-21 10:29:08,474.4,1249500
2021-06-21 10:29:11,474.4,1250000
2021-06-21 10:29:14,474.4,1250000
2021-06-21 10:29:17,474.55,1254106
2021-06-21 10:29:20,474.4,1254706
2021-06-21 10:29:23,474.65,1254721
2021-06-21 10:29:26,474.75,1254777
2021-06-21 10:29:29,474.5,1254821
2021-06-21 10:29:32,474.65,1254828
2021-06-21 10:29:35,474.65,1254828
2021-06-21 10:29:37,474.55,1254857
2021-06-21 10:29:40,474.55,1254857
2021-06-21 10:29:43,474.8,1254861
2021-06-21 10:29:46,474.8,1254861
2021-06-21 10:29:49,474.75,1254962
2021-06-21 10:29:51,474.75,1255038
2021-06-21 10:29:54,474.55,1255188
2021-06-21 10:29:57,474.55,1255209
2021-06-21 10:30:00,474.55,1255209
2021-06-21 10:30:03,474.55,1255213
2021-06-21 10:30:05,474.8,1255319
2021-06-21 10:30:09,474.6,1255324
2021-06-21 10:30:13,474.6,1255344
2021-06-21 10:30:16,474.75,1255349
2021-06-21 10:30:20,474.8,1255370
2021-06-21 10:30:23,474.6,1255426
2021-06-21 10:30:26,474.8,1255432
2021-06-21 10:30:29,474.7,1255464
2021-06-21 10:30:32,474.8,1255539
2021-06-21 10:30:34,474.8,1256040
2021-06-21 10:30:37,474.8,1256040
2021-06-21 10:30:39,474.8,1256046
2021-06-21 10:30:42,474.7,1256051
2021-06-21 10:30:45,474.65,1256091
2021-06-21 10:30:48,474.5,1256243
2021-06-21 10:30:51,474.5,1256244
2021-06-21 10:30:54,474.6,1256831
2021-06-21 10:30:57,474.6,1256831
2021-06-21 10:31:00,474.6,1256836
2021-06-21 10:31:03,474.6,1256843
2021-06-21 10:31:06,474.6,1257087
2021-06-21 10:31:09,474.6,1257087
2021-06-21 10:31:12,474.6,1257092
2021-06-21 10:31:15,474.75,1257094
2021-06-21 10:31:18,474.75,1257094
2021-06-21 10:31:20,474.75,1257094
2021-06-21 10:31:23,474.6,1257524
2021-06-21 10:31:26,474.75,1257547
2021-06-21 10:31:29,474.75,1257619
2021-06-21 10:31:32,474.75,1257669
2021-06-21 10:31:35,474.6,1257693
2021-06-21 10:31:38,474.75,1257743
2021-06-21 10:31:41,474.6,1257793
2021-06-21 10:31:44,474.75,1257844
2021-06-21 10:31:48,474.6,1257865
2021-06-21 10:31:52,474.6,1257899
2021-06-21 10:31:55,474.6,1257899
2021-06-21 10:31:58,474.6,1257999
2021-06-21 10:32:03,474.75,1258498
2021-06-21 10:32:06,474.85,1258499
2021-06-21 10:32:08,474.8,1258550
2021-06-21 10:32:11,474.75,1258758
2021-06-21 10:32:13,474.75,1258778
2021-06-21 10:32:16,474.75,1258778
2021-06-21 10:32:19,474.8,1258923
2021-06-21 10:32:24,474.8,1259123
2021-06-21 10:32:27,474.6,1259141
2021-06-21 10:32:30,474.35,1259366
2021-06-21 10:32:33,474.65,1259368
2021-06-21 10:32:36,474.65,1259468
2021-06-21 10:32:38,474.6,1259488
2021-06-21 10:32:44,474.35,1259513
2021-06-21 10:32:46,474.35,1259513
2021-06-21 10:32:49,474.35,1259573
2021-06-21 10:32:52,474.6,1259813
2021-06-21 10:32:55,474.6,1259913
2021-06-21 10:32:57,474.3,1260023
2021-06-21 10:33:00,474.3,1260583
2021-06-21 10:33:03,474.25,1260601
2021-06-21 10:33:05,474.25,1260603
2021-06-21 10:33:08,474.25,1260633
2021-06-21 10:33:10,474.15,1260653
2021-06-21 10:33:13,474.1,1260693
2021-06-21 10:33:15,474.55,1262993
2021-06-21 10:33:18,474.25,1262994
2021-06-21 10:33:20,474.25,1262994
2021-06-21 10:33:23,474.25,1262994
2021-06-21 10:33:27,474.25,1264184
2021-06-21 10:33:30,474.25,1264384
2021-06-21 10:33:33,474.45,1264424
2021-06-21 10:33:35,474.45,1264424
2021-06-21 10:33:38,474.45,1264444
2021-06-21 10:33:41,474.45,1264525
2021-06-21 10:33:44,474.45,1264625
2021-06-21 10:33:47,474.45,1264625
2021-06-21 10:33:50,474.35,1264626
2021-06-21 10:33:53,474.45,1264628
2021-06-21 10:33:56,474.45,1264631
2021-06-21 10:33:59,474.5,1264632
2021-06-21 10:34:01,474.5,1264636
2021-06-21 10:34:04,474.35,1264917
2021-06-21 10:34:07,474.3,1264938
2021-06-21 10:34:10,474.5,1264950
2021-06-21 10:34:12,474.35,1264980
2021-06-21 10:34:15,474.5,1265023
2021-06-21 10:34:18,474.6,1265075
2021-06-21 10:34:20,474.6,1265075
2021-06-21 10:34:23,474.6,1265075
2021-06-21 10:34:26,474.6,1265077
2021-06-21 10:34:28,474.6,1265080
2021-06-21 10:34:31,474.6,1265130
2021-06-21 10:34:34,474.6,1265171
2021-06-21 10:34:37,474.35,1265231
2021-06-21 10:34:39,474.6,1265232
2021-06-21 10:34:42,474.6,1265332
2021-06-21 10:34:44,474.6,1265332
2021-06-21 10:34:47,474.55,1265333
2021-06-21 10:34:50,474.55,1265433
2021-06-21 10:34:52,474.35,1265446
2021-06-21 10:34:55,474.3,1265447
2021-06-21 10:34:58,474.3,1265447
2021-06-21 10:35:00,474.6,1265597
2021-06-21 10:35:03,474.35,1265598
2021-06-21 10:35:06,474.45,1266735
2021-06-21 10:35:09,474.6,1266760
2021-06-21 10:35:12,474.55,1266810
2021-06-21 10:35:16,474.55,1266812
2021-06-21 10:35:19,474.55,1266812
2021-06-21 10:35:23,474.3,1269018
2021-06-21 10:35:26,474.3,1269018
2021-06-21 10:35:29,474.3,1269018
2021-06-21 10:35:32,474.35,1269121
2021-06-21 10:35:34,474.25,1269229
2021-06-21 10:35:37,474.15,1269249
2021-06-21 10:35:40,474.15,1269249
2021-06-21 10:35:43,474.15,1269249
2021-06-21 10:35:46,474.2,1271149
2021-06-21 10:35:48,474.1,1272484
2021-06-21 10:35:51,474.05,1272734
2021-06-21 10:35:53,474.05,1272734
2021-06-21 10:35:56,474.1,1272987
2021-06-21 10:35:59,474.05,1273012
2021-06-21 10:36:01,474.1,1273015
2021-06-21 10:36:04,474.1,1273015
2021-06-21 10:36:07,474.1,1273016
2021-06-21 10:36:10,474.1,1273058
2021-06-21 10:36:13,474.0,1273708
2021-06-21 10:36:16,474.1,1274121
2021-06-21 10:36:19,474.1,1274121
2021-06-21 10:36:22,474.0,1274286
2021-06-21 10:36:24,474.0,1274286
2021-06-21 10:36:27,474.0,1274286
2021-06-21 10:36:30,474.0,1274307
2021-06-21 10:36:33,474.0,1274307
2021-06-21 10:36:36,474.05,1274404
2021-06-21 10:36:40,474.05,1274654
2021-06-21 10:36:43,474.0,1274855
2021-06-21 10:36:49,474.05,1275009
2021-06-21 10:36:52,474.0,1275192
2021-06-21 10:36:55,474.0,1275985
2021-06-21 10:36:58,474.0,1276185
2021-06-21 10:37:04,473.9,1279938
2021-06-21 10:37:07,473.65,1280180
2021-06-21 10:37:11,473.7,1280406
2021-06-21 10:37:17,473.7,1281148
2021-06-21 10:37:20,473.65,1281263
2021-06-21 10:37:23,473.6,1281822
2021-06-21 10:37:26,473.6,1282143
2021-06-21 10:37:29,473.6,1282243
2021-06-21 10:37:31,473.6,1282283
2021-06-21 10:37:34,473.85,1282385
2021-06-21 10:37:37,473.85,1282385
2021-06-21 10:37:43,473.6,1283235
2021-06-21 10:37:45,473.65,1283330
2021-06-21 10:37:48,473.65,1283332
2021-06-21 10:37:51,473.65,1283332
2021-06-21 10:37:54,473.9,1283587
2021-06-21 10:37:57,473.9,1283587
2021-06-21 10:38:01,473.95,1283602
2021-06-21 10:38:04,473.95,1283602
2021-06-21 10:38:07,473.9,1283603
2021-06-21 10:38:10,473.9,1283657
2021-06-21 10:38:13,473.9,1284167
2021-06-21 10:38:16,473.9,1284167
2021-06-21 10:38:18,473.9,1284167
2021-06-21 10:38:21,473.95,1284228
2021-06-21 10:38:23,473.95,1284228
2021-06-21 10:38:26,473.95,1284228
2021-06-21 10:38:29,473.95,1284238
2021-06-21 10:38:32,473.95,1284239
2021-06-21 10:38:35,473.75,1284249
2021-06-21 10:38:37,473.95,1284301
2021-06-21 10:38:40,473.75,1284401
2021-06-21 10:38:43,473.7,1284472
2021-06-21 10:38:45,473.7,1284472
2021-06-21 10:38:48,473.9,1284743
2021-06-21 10:38:51,473.65,1284752
2021-06-21 10:38:53,473.65,1284752
2021-06-21 10:38:56,473.7,1284838
2021-06-21 10:38:59,473.9,1284848
2021-06-21 10:39:02,473.9,1284848
2021-06-21 10:39:05,473.9,1284848
2021-06-21 10:39:08,473.7,1284857
2021-06-21 10:39:10,473.7,1284857
2021-06-21 10:39:13,473.7,1284882
2021-06-21 10:39:16,473.9,1284885
2021-06-21 10:39:19,473.95,1285155
2021-06-21 10:39:22,473.95,1285155
2021-06-21 10:39:25,473.95,1285155
2021-06-21 10:39:28,473.7,1285195
2021-06-21 10:39:31,473.9,1285201
2021-06-21 10:39:34,473.95,1285224
2021-06-21 10:39:37,473.95,1285224
2021-06-21 10:39:40,473.9,1285350
2021-06-21 10:39:43,473.9,1285388
2021-06-21 10:39:46,473.9,1285400
2021-06-21 10:39:49,473.8,1285405
2021-06-21 10:39:52,473.8,1285455
2021-06-21 10:39:55,473.7,1286021
2021-06-21 10:39:58,473.8,1286177
2021-06-21 10:40:01,473.7,1286717
2021-06-21 10:40:05,473.65,1286884
2021-06-21 10:40:08,473.65,1287134
2021-06-21 10:40:11,473.65,1287134
2021-06-21 10:40:14,473.65,1287159
2021-06-21 10:40:17,473.65,1287375
2021-06-21 10:40:20,473.65,1287380
2021-06-21 10:40:23,473.65,1287381
2021-06-21 10:40:25,473.65,1287381
2021-06-21 10:40:28,473.6,1287391
2021-06-21 10:40:33,473.6,1287391
2021-06-21 10:40:36,473.6,1287526
2021-06-21 10:40:39,473.6,1287532
2021-06-21 10:40:41,473.6,1287616
2021-06-21 10:40:43,473.6,1287616
2021-06-21 10:40:46,473.6,1287716
2021-06-21 10:40:48,473.65,1287726
2021-06-21 10:40:50,473.65,1287781
2021-06-21 10:40:52,473.6,1287891
2021-06-21 10:40:54,473.65,1287911
2021-06-21 10:40:57,473.7,1289698
2021-06-21 10:41:00,473.7,1289698
2021-06-21 10:41:03,473.7,1289698
2021-06-21 10:41:06,473.9,1289843
2021-06-21 10:41:09,474.0,1290146
2021-06-21 10:41:12,474.1,1290486
2021-06-21 10:41:15,474.1,1290486
2021-06-21 10:41:18,474.15,1290491
2021-06-21 10:41:21,474.5,1292613
2021-06-21 10:41:23,474.5,1292614
2021-06-21 10:41:26,474.3,1292814
2021-06-21 10:41:28,474.5,1292854
2021-06-21 10:41:31,474.3,1292966
2021-06-21 10:41:34,474.45,1292977
2021-06-21 10:41:36,474.45,1292977
2021-06-21 10:41:38,474.25,1292987
2021-06-21 10:41:40,474.25,1292987
2021-06-21 10:41:43,474.3,1292992
2021-06-21 10:41:47,474.4,1293067
2021-06-21 10:41:50,474.4,1293067
2021-06-21 10:41:53,474.3,1293173
2021-06-21 10:41:55,474.5,1294555
2021-06-21 10:41:58,474.5,1294555
2021-06-21 10:42:00,474.3,1294615
2021-06-21 10:42:03,474.5,1294625
2021-06-21 10:42:06,474.5,1294918
2021-06-21 10:42:09,474.3,1294919
2021-06-21 10:42:12,474.3,1294919
2021-06-21 10:42:15,474.45,1295321
2021-06-21 10:42:17,474.3,1295521
2021-06-21 10:42:20,474.3,1295521
2021-06-21 10:42:23,474.45,1295531
2021-06-21 10:42:25,474.45,1295531
2021-06-21 10:42:27,474.3,1295544
2021-06-21 10:42:30,474.3,1295544
2021-06-21 10:42:32,474.3,1295796
2021-06-21 10:42:35,474.3,1295796
2021-06-21 10:42:38,474.3,1295847
2021-06-21 10:42:41,474.3,1295850
2021-06-21 10:42:43,474.3,1295850
2021-06-21 10:42:46,474.3,1295850
2021-06-21 10:42:49,474.4,1295900
2021-06-21 10:42:51,474.4,1295920
2021-06-21 10:42:54,474.4,1295920
2021-06-21 10:42:57,474.4,1295920
2021-06-21 10:42:59,474.2,1296462
2021-06-21 10:43:02,474.15,1296667
2021-06-21 10:43:04,474.15,1296667
2021-06-21 10:43:07,474.15,1296667
2021-06-21 10:43:09,474.15,1296667
2021-06-21 10:43:12,474.4,1296673
2021-06-21 10:43:16,474.3,1296708
2021-06-21 10:43:18,474.4,1296958
2021-06-21 10:43:21,474.3,1297031
2021-06-21 10:43:23,474.3,1297031
2021-06-21 10:43:26,474.3,1297031
2021-06-21 10:43:29,474.3,1297031
2021-06-21 10:43:31,474.45,1297081
2021-06-21 10:43:33,474.45,1297081
2021-06-21 10:43:36,474.45,1297487
2021-06-21 10:43:38,474.3,1297717
2021-06-21 10:43:41,474.3,1297820
2021-06-21 10:43:43,474.3,1297890
2021-06-21 10:43:46,474.3,1297891
2021-06-21 10:43:48,474.2,1297908
2021-06-21 10:43:51,474.3,1298089
2021-06-21 10:43:54,474.3,1298089
2021-06-21 10:43:57,474.3,1299480
2021-06-21 10:44:00,474.45,1299576
2021-06-21 10:44:03,474.45,1299610
2021-06-21 10:44:06,474.3,1299635
2021-06-21 10:44:09,474.3,1299635
2021-06-21 10:44:12,474.3,1299655
2021-06-21 10:44:16,474.45,1299866
2021-06-21 10:44:19,474.45,1299966
2021-06-21 10:44:21,474.2,1300195
2021-06-21 10:44:24,474.45,1300321
2021-06-21 10:44:27,474.35,1300351
2021-06-21 10:44:29,474.35,1300351
2021-06-21 10:44:32,474.35,1300351
2021-06-21 10:44:35,474.5,1301361
2021-06-21 10:44:38,474.6,1303511
2021-06-21 10:44:40,474.45,1303650
2021-06-21 10:44:43,474.45,1303750
2021-06-21 10:44:46,474.6,1303770
2021-06-21 10:44:48,474.6,1303770
2021-06-21 10:44:50,474.7,1303970
2021-06-21 10:44:53,474.75,1304270
2021-06-21 10:44:56,474.65,1304328
2021-06-21 10:44:59,474.5,1304330
2021-06-21 10:45:02,474.65,1304331
2021-06-21 10:45:05,474.65,1304465
2021-06-21 10:45:08,474.6,1304715
2021-06-21 10:45:11,474.6,1304756
2021-06-21 10:45:14,474.6,1304836
2021-06-21 10:45:16,474.6,1304836
2021-06-21 10:45:19,474.6,1304836
2021-06-21 10:45:21,474.6,1304836
2021-06-21 10:45:27,474.65,1304898
2021-06-21 10:45:30,474.65,1304898
2021-06-21 10:45:33,474.5,1304918
2021-06-21 10:45:35,474.65,1304939
2021-06-21 10:45:38,474.65,1304939
2021-06-21 10:45:40,474.65,1305044
2021-06-21 10:45:43,474.65,1305115
2021-06-21 10:45:46,474.65,1305120
2021-06-21 10:45:49,474.65,1305130
2021-06-21 10:45:52,474.65,1305130
2021-06-21 10:45:55,474.55,1305230
2021-06-21 10:45:57,474.55,1305230
2021-06-21 10:46:00,474.55,1305230
2021-06-21 10:46:02,474.55,1305241
2021-06-21 10:46:05,474.5,1305244
2021-06-21 10:46:08,474.5,1305244
2021-06-21 10:46:11,474.5,1305262
2021-06-21 10:46:14,474.5,1305861
2021-06-21 10:46:16,474.5,1306408
2021-06-21 10:46:19,474.5,1306408
2021-06-21 10:46:21,474.45,1306440
2021-06-21 10:46:24,474.45,1306440
2021-06-21 10:46:27,474.45,1306445
2021-06-21 10:46:30,474.45,1306445
2021-06-21 10:46:33,474.45,1306447
2021-06-21 10:46:36,474.4,1306511
2021-06-21 10:46:39,474.4,1306528
2021-06-21 10:46:42,474.45,1306641
2021-06-21 10:46:44,474.4,1306643
2021-06-21 10:46:47,474.45,1306647
2021-06-21 10:46:50,474.45,1306652
2021-06-21 10:46:53,474.4,1306813
2021-06-21 10:46:55,474.2,1307821
2021-06-21 10:46:57,474.2,1307821
2021-06-21 10:47:00,474.1,1307857
2021-06-21 10:47:02,474.1,1307873
2021-06-21 10:47:04,474.0,1307989
2021-06-21 10:47:07,474.1,1310607
2021-06-21 10:47:09,474.1,1310607
2021-06-21 10:47:12,474.4,1310707
2021-06-21 10:47:14,474.4,1310707
2021-06-21 10:47:17,474.25,1311507
2021-06-21 10:47:19,474.25,1311557
2021-06-21 10:47:21,474.25,1311557
2021-06-21 10:47:24,474.25,1311557
2021-06-21 10:47:26,474.25,1311560
2021-06-21 10:47:28,474.2,1311570
2021-06-21 10:47:32,474.05,1311678
2021-06-21 10:47:35,474.05,1311678
2021-06-21 10:47:37,474.05,1311678
2021-06-21 10:47:40,474.05,1311799
2021-06-21 10:47:43,474.2,1311810
2021-06-21 10:47:45,474.0,1312110
2021-06-21 10:47:48,474.0,1312110
2021-06-21 10:47:50,474.05,1312111
2021-06-21 10:47:53,474.2,1312450
2021-06-21 10:47:56,474.25,1312500
2021-06-21 10:47:58,474.2,1312770
2021-06-21 10:48:01,474.2,1312870
2021-06-21 10:48:04,474.2,1312974
2021-06-21 10:48:06,474.0,1313434
2021-06-21 10:48:09,474.0,1313614
2021-06-21 10:48:12,474.0,1313614
2021-06-21 10:48:15,474.0,1313714
2021-06-21 10:48:18,474.0,1313789
2021-06-21 10:48:21,474.0,1313789
2021-06-21 10:48:24,474.0,1313911
2021-06-21 10:48:27,474.0,1314046
2021-06-21 10:48:29,474.0,1314061
2021-06-21 10:48:32,474.0,1314149
2021-06-21 10:48:35,474.0,1314174
2021-06-21 10:48:38,474.0,1314351
2021-06-21 10:48:40,474.0,1314951
2021-06-21 10:48:43,474.0,1315029
2021-06-21 10:48:45,474.0,1315029
2021-06-21 10:48:48,474.0,1315029
2021-06-21 10:48:50,474.0,1315029
2021-06-21 10:48:56,474.0,1318171
2021-06-21 10:48:59,474.25,1318633
2021-06-21 10:49:02,474.0,1318671
2021-06-21 10:49:05,474.0,1318671
2021-06-21 10:49:07,474.1,1319524
2021-06-21 10:49:10,474.1,1319524
2021-06-21 10:49:13,474.15,1319525
2021-06-21 10:49:16,474.15,1319525
2021-06-21 10:49:18,474.15,1319525
2021-06-21 10:49:21,474.15,1319577
2021-06-21 10:49:24,474.1,1319677
2021-06-21 10:49:27,474.1,1319789
2021-06-21 10:49:30,474.1,1319789
2021-06-21 10:49:32,474.1,1320034
2021-06-21 10:49:35,474.0,1321034
2021-06-21 10:49:38,474.0,1321034
2021-06-21 10:49:41,474.0,1321034
2021-06-21 10:49:43,474.0,1321126
2021-06-21 10:49:48,474.05,1321351
2021-06-21 10:49:53,474.05,1321401
2021-06-21 10:49:56,474.05,1322001
2021-06-21 10:49:59,474.25,1322626
2021-06-21 10:50:02,474.25,1322626
2021-06-21 10:50:04,474.05,1322686
2021-06-21 10:50:07,474.05,1322686
2021-06-21 10:50:10,474.25,1322829
2021-06-21 10:50:13,474.25,1323099
2021-06-21 10:50:15,474.1,1323117
2021-06-21 10:50:23,474.05,1323138
2021-06-21 10:50:25,474.25,1323163
2021-06-21 10:50:28,474.1,1323229
2021-06-21 10:50:30,474.1,1323279
2021-06-21 10:50:33,474.1,1323279
2021-06-21 10:50:36,474.25,1323281
2021-06-21 10:50:38,474.25,1323283
2021-06-21 10:50:40,474.25,1323298
2021-06-21 10:50:43,474.0,1323857
2021-06-21 10:50:46,474.05,1323858
2021-06-21 10:50:48,474.05,1323858
2021-06-21 10:50:51,474.05,1323858
2021-06-21 10:50:54,474.25,1323862
2021-06-21 10:50:56,474.0,1324262
2021-06-21 10:50:59,474.25,1324263
2021-06-21 10:51:02,474.25,1324263
2021-06-21 10:51:05,474.1,1324264
2021-06-21 10:51:08,474.1,1324264
2021-06-21 10:51:10,474.1,1324315
2021-06-21 10:51:13,474.1,1324415
2021-06-21 10:51:15,474.1,1324415
2021-06-21 10:51:18,474.1,1324415
2021-06-21 10:51:20,474.1,1324415
2021-06-21 10:51:23,474.05,1324715
2021-06-21 10:51:26,474.05,1324925
2021-06-21 10:51:28,474.05,1324928
2021-06-21 10:51:31,474.05,1324928
2021-06-21 10:51:33,474.05,1324970
2021-06-21 10:51:36,474.05,1324970
2021-06-21 10:51:38,474.05,1324970
2021-06-21 10:51:40,474.05,1324970
2021-06-21 10:51:43,474.05,1324970
2021-06-21 10:51:46,474.05,1325012
2021-06-21 10:51:49,474.05,1325012
2021-06-21 10:51:51,474.25,1325528
2021-06-21 10:51:54,474.25,1325528
2021-06-21 10:51:56,474.25,1325528
2021-06-21 10:51:59,474.25,1325528
2021-06-21 10:52:01,474.25,1325528
2021-06-21 10:52:04,474.25,1325528
2021-06-21 10:52:06,474.25,1325528
2021-06-21 10:52:09,473.55,1330535
2021-06-21 10:52:11,473.95,1330670
2021-06-21 10:52:14,473.95,1330670
2021-06-21 10:52:16,473.95,1330670
2021-06-21 10:52:18,474.0,1333246
2021-06-21 10:52:21,473.9,1333262
2021-06-21 10:52:25,473.9,1333262
2021-06-21 10:52:28,473.9,1333262
2021-06-21 10:52:30,473.9,1333262
2021-06-21 10:52:33,473.8,1333263
2021-06-21 10:52:35,473.8,1333263
2021-06-21 10:52:37,473.8,1333263
2021-06-21 10:52:40,473.9,1333264
2021-06-21 10:52:43,473.8,1333465
2021-06-21 10:52:45,473.75,1333482
2021-06-21 10:52:48,473.85,1333608
2021-06-21 10:52:50,473.6,1333628
2021-06-21 10:52:52,473.6,1333628
2021-06-21 10:52:55,473.6,1333628
2021-06-21 10:52:57,473.6,1333654
2021-06-21 10:53:00,473.75,1333953
2021-06-21 10:53:02,473.75,1333953
2021-06-21 10:53:05,473.75,1333978
2021-06-21 10:53:08,473.75,1333978
2021-06-21 10:53:10,473.5,1334621
2021-06-21 10:53:12,473.5,1334679
2021-06-21 10:53:15,473.6,1334705
2021-06-21 10:53:17,473.5,1334733
2021-06-21 10:53:19,473.35,1336902
2021-06-21 10:53:22,473.35,1336930
2021-06-21 10:53:25,473.35,1337112
2021-06-21 10:53:27,473.45,1337152
2021-06-21 10:53:30,473.5,1337523
2021-06-21 10:53:32,473.35,1337556
2021-06-21 10:53:35,473.5,1337566
2021-06-21 10:53:37,473.45,1337691
2021-06-21 10:53:40,473.35,1337705
2021-06-21 10:53:43,473.45,1337787
2021-06-21 10:53:45,473.45,1337790
2021-06-21 10:53:47,473.45,1337910
2021-06-21 10:53:49,473.45,1337947
2021-06-21 10:53:53,473.45,1337947
2021-06-21 10:53:55,473.45,1337948
2021-06-21 10:53:58,473.45,1338198
2021-06-21 10:54:01,473.6,1338318
2021-06-21 10:54:03,473.6,1338338
2021-06-21 10:54:06,473.6,1338338
2021-06-21 10:54:08,473.55,1338388
2021-06-21 10:54:10,473.55,1338438
2021-06-21 10:54:13,473.55,1338478
2021-06-21 10:54:15,473.55,1338578
2021-06-21 10:54:18,473.55,1338578
2021-06-21 10:54:20,473.45,1338778
2021-06-21 10:54:22,473.45,1338803
2021-06-21 10:54:24,473.55,1338828
2021-06-21 10:54:27,473.55,1338828
2021-06-21 10:54:32,473.55,1338928
2021-06-21 10:54:34,473.55,1338928
2021-06-21 10:54:36,473.55,1338928
2021-06-21 10:54:38,473.3,1340944
2021-06-21 10:54:41,473.25,1340945
2021-06-21 10:54:43,473.35,1341127
2021-06-21 10:54:46,473.3,1341372
2021-06-21 10:54:49,473.3,1341380
2021-06-21 10:54:52,473.3,1341380
2021-06-21 10:54:55,473.4,1341701
2021-06-21 10:54:58,473.25,1342714
2021-06-21 10:55:01,473.2,1342724
2021-06-21 10:55:04,473.2,1342729
2021-06-21 10:55:07,473.05,1344618
2021-06-21 10:55:10,473.2,1344672
2021-06-21 10:55:12,473.2,1344776
2021-06-21 10:55:15,473.2,1344987
2021-06-21 10:55:17,473.1,1345341
2021-06-21 10:55:19,473.05,1345361
2021-06-21 10:55:22,473.05,1345506
2021-06-21 10:55:25,473.2,1345527
2021-06-21 10:55:28,473.2,1345527
2021-06-21 10:55:30,473.2,1345932
2021-06-21 10:55:33,473.2,1345932
2021-06-21 10:55:35,473.2,1346535
2021-06-21 10:55:38,473.2,1346535
2021-06-21 10:55:40,473.25,1346652
2021-06-21 10:55:43,473.25,1346653
2021-06-21 10:55:45,473.25,1346903
2021-06-21 10:55:47,473.25,1346907
2021-06-21 10:55:50,473.25,1346908
2021-06-21 10:55:53,473.25,1347040
2021-06-21 10:55:55,473.25,1347848
2021-06-21 10:55:58,473.2,1348235
2021-06-21 10:56:00,473.2,1348235
2021-06-21 10:56:03,473.25,1348581
2021-06-21 10:56:07,473.05,1348615
2021-06-21 10:56:10,473.05,1348637
2021-06-21 10:56:12,473.3,1348662
2021-06-21 10:56:15,473.1,1348677
2021-06-21 10:56:17,473.25,1348768
2021-06-21 10:56:20,473.25,1349293
2021-06-21 10:56:23,473.1,1349296
2021-06-21 10:56:25,472.8,1361076
2021-06-21 10:56:28,473.2,1361523
2021-06-21 10:56:31,473.0,1361533
2021-06-21 10:56:33,473.0,1361579
2021-06-21 10:56:36,473.2,1361589
2021-06-21 10:56:38,473.2,1361590
2021-06-21 10:56:40,473.25,1362300
2021-06-21 10:56:42,473.0,1362808
2021-06-21 10:56:45,473.0,1363197
2021-06-21 10:56:48,473.0,1363197
2021-06-21 10:56:50,473.2,1363353
2021-06-21 10:56:52,473.15,1363423
2021-06-21 10:56:55,473.2,1363924
2021-06-21 10:56:57,473.1,1364310
2021-06-21 10:57:00,473.2,1364412
2021-06-21 10:57:02,473.2,1364513
2021-06-21 10:57:05,473.1,1364523
2021-06-21 10:57:07,473.05,1364533
2021-06-21 10:57:09,473.35,1364845
2021-06-21 10:57:12,473.3,1364870
2021-06-21 10:57:14,473.3,1365120
2021-06-21 10:57:17,473.3,1365120
2021-06-21 10:57:19,473.25,1365121
2021-06-21 10:57:22,473.3,1365125
2021-06-21 10:57:25,473.3,1365125
2021-06-21 10:57:27,473.0,1365934
2021-06-21 10:57:29,473.3,1366165
2021-06-21 10:57:31,473.3,1366172
2021-06-21 10:57:33,473.3,1366176
2021-06-21 10:57:35,473.3,1366183
2021-06-21 10:57:37,473.35,1366411
2021-06-21 10:57:39,473.3,1366416
2021-06-21 10:57:41,473.35,1366436
2021-06-21 10:57:43,473.35,1366436
2021-06-21 10:57:45,473.35,1366436
2021-06-21 10:57:48,473.35,1366436
2021-06-21 10:57:50,473.35,1366441
2021-06-21 10:57:52,473.4,1366445
2021-06-21 10:57:55,473.4,1366448
2021-06-21 10:57:57,473.4,1366599
2021-06-21 10:57:59,473.4,1366624
2021-06-21 10:58:02,473.4,1366625
2021-06-21 10:58:05,473.4,1366625
2021-06-21 10:58:07,473.35,1366670
2021-06-21 10:58:09,473.35,1366684
2021-06-21 10:58:12,473.2,1366736
2021-06-21 10:58:15,473.2,1366736
2021-06-21 10:58:18,473.1,1366761
2021-06-21 10:58:20,473.1,1366770
2021-06-21 10:58:23,473.1,1366776
2021-06-21 10:58:26,473.05,1367204
2021-06-21 10:58:28,473.05,1367270
2021-06-21 10:58:31,473.05,1367270
2021-06-21 10:58:33,473.05,1367270
2021-06-21 10:58:36,473.05,1367426
2021-06-21 10:58:38,473.1,1367438
2021-06-21 10:58:41,473.1,1367467
2021-06-21 10:58:43,473.2,1367973
2021-06-21 10:58:45,473.0,1368255
2021-06-21 10:58:47,473.0,1368255
2021-06-21 10:58:49,473.0,1368255
2021-06-21 10:58:51,473.0,1368255
2021-06-21 10:58:53,473.0,1368255
2021-06-21 10:58:56,473.0,1368255
2021-06-21 10:58:58,473.0,1368325
2021-06-21 10:59:00,473.0,1368325
2021-06-21 10:59:03,473.05,1368645
2021-06-21 10:59:05,473.05,1368645
2021-06-21 10:59:07,473.0,1368710
2021-06-21 10:59:10,473.0,1368710
2021-06-21 10:59:12,473.0,1368710
2021-06-21 10:59:15,473.2,1368733
2021-06-21 10:59:17,473.2,1368733
2021-06-21 10:59:19,473.15,1369448
2021-06-21 10:59:21,473.0,1369476
2021-06-21 10:59:28,472.75,1370602
2021-06-21 10:59:31,472.95,1370622
2021-06-21 10:59:34,472.95,1370623
2021-06-21 10:59:36,472.95,1370674
2021-06-21 10:59:39,472.95,1370674
2021-06-21 10:59:42,472.95,1370699
2021-06-21 10:59:44,472.75,1370766
2021-06-21 10:59:47,472.95,1370769
2021-06-21 10:59:49,472.75,1370824
2021-06-21 10:59:52,472.55,1371676
2021-06-21 10:59:54,472.5,1372394
2021-06-21 10:59:57,472.65,1372403
2021-06-21 11:00:00,472.5,1372926
2021-06-21 11:00:02,472.7,1372939
2021-06-21 11:00:06,472.5,1373917
2021-06-21 11:00:09,472.5,1374151
2021-06-21 11:00:12,472.3,1375585
2021-06-21 11:00:15,472.5,1375737
2021-06-21 11:00:18,472.5,1376405
2021-06-21 11:00:21,472.4,1376706
2021-06-21 11:00:24,472.7,1377111
2021-06-21 11:00:26,472.55,1377135
2021-06-21 11:00:29,472.5,1377517
2021-06-21 11:00:31,472.5,1377585
2021-06-21 11:00:34,472.5,1377585
2021-06-21 11:00:36,472.5,1377585
2021-06-21 11:00:38,472.5,1377611
2021-06-21 11:00:41,472.5,1377686
2021-06-21 11:00:44,472.35,1382383
2021-06-21 11:00:47,472.3,1382443
2021-06-21 11:00:50,472.45,1384394
2021-06-21 11:00:53,472.3,1384414
2021-06-21 11:00:56,472.3,1384660
2021-06-21 11:00:59,472.3,1384766
2021-06-21 11:01:02,472.0,1391528
2021-06-21 11:01:06,472.2,1391693
2021-06-21 11:01:10,472.05,1391957
2021-06-21 11:01:13,472.0,1393297
2021-06-21 11:01:16,472.0,1395107
2021-06-21 11:01:19,472.2,1395407
2021-06-21 11:01:22,472.0,1396082
2021-06-21 11:01:25,472.0,1396183
2021-06-21 11:01:27,472.15,1396543
2021-06-21 11:01:30,472.0,1398393
2021-06-21 11:01:33,472.0,1398565
2021-06-21 11:01:36,472.15,1398865
2021-06-21 11:01:39,472.15,1400648
2021-06-21 11:01:41,472.15,1400728
2021-06-21 11:01:45,472.15,1401248
2021-06-21 11:01:51,472.1,1403257
2021-06-21 11:01:54,472.0,1403543
2021-06-21 11:01:57,472.0,1403744
2021-06-21 11:02:00,472.0,1404153
2021-06-21 11:02:04,472.0,1404178
2021-06-21 11:02:07,472.05,1404678
2021-06-21 11:02:09,472.15,1404721
2021-06-21 11:02:12,472.0,1404733
2021-06-21 11:02:15,472.05,1404792
2021-06-21 11:02:18,472.2,1406144
2021-06-21 11:02:20,472.15,1406481
2021-06-21 11:02:25,472.2,1406855
2021-06-21 11:02:31,472.15,1407255
2021-06-21 11:02:34,472.2,1407285
2021-06-21 11:02:37,472.45,1407320
2021-06-21 11:02:40,472.45,1407320
2021-06-21 11:02:43,472.4,1407370
2021-06-21 11:02:46,472.4,1407490
2021-06-21 11:02:48,472.4,1407491
2021-06-21 11:02:52,472.2,1407732
2021-06-21 11:02:55,472.2,1407749
2021-06-21 11:02:58,472.4,1408724
2021-06-21 11:03:01,472.4,1408774
2021-06-21 11:03:03,472.4,1409064
2021-06-21 11:03:06,472.25,1410251
2021-06-21 11:03:08,472.25,1410251
2021-06-21 11:03:11,472.35,1411036
2021-06-21 11:03:14,472.4,1411136
2021-06-21 11:03:17,472.4,1411143
2021-06-21 11:03:20,472.4,1411153
2021-06-21 11:03:23,472.45,1411162
2021-06-21 11:03:25,472.45,1411163
2021-06-21 11:03:28,472.45,1411163
2021-06-21 11:03:31,472.45,1411163
2021-06-21 11:03:34,472.7,1411711
2021-06-21 11:03:37,472.55,1411786
2021-06-21 11:03:40,472.55,1412161
2021-06-21 11:03:42,472.7,1412186
2021-06-21 11:03:45,472.55,1412187
2021-06-21 11:03:48,472.7,1412311
2021-06-21 11:03:51,472.7,1412311
2021-06-21 11:03:54,472.8,1412326
2021-06-21 11:03:57,473.0,1412556
2021-06-21 11:04:00,472.8,1412581
2021-06-21 11:04:04,473.0,1412601
2021-06-21 11:04:07,473.0,1412753
2021-06-21 11:04:10,473.0,1412875
2021-06-21 11:04:12,473.0,1412987
2021-06-21 11:04:15,472.75,1413487
2021-06-21 11:04:19,472.9,1413889
2021-06-21 11:04:22,473.0,1414089
2021-06-21 11:04:25,473.2,1414129
2021-06-21 11:04:29,472.75,1415180
2021-06-21 11:04:32,473.2,1415460
2021-06-21 11:04:34,473.2,1415460
2021-06-21 11:04:38,473.2,1415460
2021-06-21 11:04:41,473.2,1415460
2021-06-21 11:04:44,473.2,1415837
2021-06-21 11:04:47,473.2,1415837
2021-06-21 11:04:50,473.15,1416805
2021-06-21 11:04:52,473.0,1416806
2021-06-21 11:04:55,473.1,1416831
2021-06-21 11:05:01,473.0,1416836
2021-06-21 11:05:04,473.0,1416836
2021-06-21 11:05:07,473.1,1416837
2021-06-21 11:05:09,473.1,1417049
2021-06-21 11:05:11,473.1,1417049
2021-06-21 11:05:13,473.0,1417050
2021-06-21 11:05:16,473.0,1417672
2021-06-21 11:05:18,473.1,1417673
2021-06-21 11:05:21,473.1,1417674
2021-06-21 11:05:24,473.0,1417693
2021-06-21 11:05:27,473.1,1417714
2021-06-21 11:05:30,473.15,1417770
2021-06-21 11:05:32,473.0,1417773
2021-06-21 11:05:35,473.1,1417774
2021-06-21 11:05:38,473.1,1417789
2021-06-21 11:05:40,473.1,1417789
2021-06-21 11:05:42,473.15,1417808
2021-06-21 11:05:44,473.15,1417855
2021-06-21 11:05:46,473.15,1417905
2021-06-21 11:05:48,473.2,1418006
2021-06-21 11:05:50,473.0,1418046
2021-06-21 11:05:52,473.0,1418046
2021-06-21 11:05:54,473.0,1418046
2021-06-21 11:05:57,473.0,1418046
2021-06-21 11:05:59,473.0,1418046
2021-06-21 11:06:01,473.0,1418146
2021-06-21 11:06:03,473.0,1418151
2021-06-21 11:06:05,473.0,1418151
2021-06-21 11:06:08,473.2,1418161
2021-06-21 11:06:09,473.2,1418161
2021-06-21 11:06:11,473.2,1418167
2021-06-21 11:06:13,473.2,1418167
2021-06-21 11:06:15,473.2,1418167
2021-06-21 11:06:18,473.05,1418237
2021-06-21 11:06:21,473.05,1418242
2021-06-21 11:06:24,473.05,1418262
2021-06-21 11:06:26,473.2,1418400
2021-06-21 11:06:28,473.2,1418509
2021-06-21 11:06:31,473.2,1418509
2021-06-21 11:06:34,473.2,1418509
2021-06-21 11:06:36,473.2,1418850
2021-06-21 11:06:38,473.25,1418853
2021-06-21 11:06:41,473.2,1419053
2021-06-21 11:06:43,473.2,1419053
2021-06-21 11:06:45,473.1,1419537
2021-06-21 11:06:48,473.2,1420037
2021-06-21 11:06:50,473.2,1420037
2021-06-21 11:06:52,473.2,1420039
2021-06-21 11:06:54,473.1,1420069
2021-06-21 11:06:57,473.0,1420133
2021-06-21 11:06:59,473.05,1420138
2021-06-21 11:07:01,473.15,1420188
2021-06-21 11:07:03,473.2,1420218
2021-06-21 11:07:06,473.2,1420218
2021-06-21 11:07:09,473.2,1420218
2021-06-21 11:07:11,473.15,1420223
2021-06-21 11:07:14,473.15,1420223
2021-06-21 11:07:16,473.1,1420230
2021-06-21 11:07:18,473.05,1420241
2021-06-21 11:07:20,473.05,1420242
2021-06-21 11:07:22,473.1,1420342
2021-06-21 11:07:24,473.0,1422361
2021-06-21 11:07:27,473.0,1422423
2021-06-21 11:07:29,473.1,1422433
2021-06-21 11:07:31,473.1,1422435
2021-06-21 11:07:34,473.1,1422450
2021-06-21 11:07:37,473.1,1422450
2021-06-21 11:07:40,473.0,1422475
2021-06-21 11:07:43,473.1,1422491
2021-06-21 11:07:45,473.15,1422854
2021-06-21 11:07:48,473.2,1422884
2021-06-21 11:07:50,473.1,1423084
2021-06-21 11:07:52,473.1,1423084
2021-06-21 11:07:54,473.0,1424906
2021-06-21 11:07:56,473.0,1424906
2021-06-21 11:07:59,473.0,1424906
2021-06-21 11:08:02,473.0,1424906
2021-06-21 11:08:05,473.0,1424948
2021-06-21 11:08:07,473.0,1425013
2021-06-21 11:08:10,473.0,1425018
2021-06-21 11:08:13,473.0,1425019
2021-06-21 11:08:16,473.0,1425152
2021-06-21 11:08:19,473.15,1425163
2021-06-21 11:08:22,473.15,1425163
2021-06-21 11:08:25,473.15,1425163
2021-06-21 11:08:27,473.0,1425226
2021-06-21 11:08:29,473.15,1425295
2021-06-21 11:08:32,473.0,1426225
2021-06-21 11:08:34,473.15,1426250
2021-06-21 11:08:37,473.0,1426252
2021-06-21 11:08:40,473.15,1426263
2021-06-21 11:08:42,473.15,1426263
2021-06-21 11:08:44,473.15,1426263
2021-06-21 11:08:47,473.05,1426274
2021-06-21 11:08:51,473.15,1426524
2021-06-21 11:08:54,473.0,1426724
2021-06-21 11:08:56,473.15,1426729
2021-06-21 11:08:58,473.15,1426730
2021-06-21 11:09:01,473.15,1426730
2021-06-21 11:09:04,473.15,1426734
2021-06-21 11:09:07,473.15,1426739
2021-06-21 11:09:09,473.05,1426753
2021-06-21 11:09:12,473.2,1426793
2021-06-21 11:09:15,473.2,1426793
2021-06-21 11:09:18,473.2,1426793
2021-06-21 11:09:21,473.05,1426893
2021-06-21 11:09:24,473.05,1426893
2021-06-21 11:09:27,473.05,1427013
2021-06-21 11:09:29,473.2,1427942
2021-06-21 11:09:32,473.2,1427942
2021-06-21 11:09:34,473.2,1427942
2021-06-21 11:09:38,473.2,1427964
2021-06-21 11:09:42,473.2,1427968
2021-06-21 11:09:45,473.1,1428068
2021-06-21 11:09:48,473.2,1428195
2021-06-21 11:09:50,473.2,1428271
2021-06-21 11:09:53,473.0,1428649
2021-06-21 11:09:57,472.9,1428959
2021-06-21 11:10:00,472.95,1428960
2021-06-21 11:10:04,472.9,1429460
2021-06-21 11:10:06,472.9,1429560
2021-06-21 11:10:09,472.95,1429580
2021-06-21 11:10:12,472.95,1429580
2021-06-21 11:10:15,472.9,1429594
2021-06-21 11:10:18,472.95,1429605
2021-06-21 11:10:21,472.95,1429605
2021-06-21 11:10:24,472.95,1429609
2021-06-21 11:10:27,473.0,1429644
2021-06-21 11:10:30,472.95,1429674
2021-06-21 11:10:33,472.95,1429676
2021-06-21 11:10:35,472.95,1429736
2021-06-21 11:10:38,472.95,1429736
2021-06-21 11:10:40,472.95,1429736
2021-06-21 11:10:42,473.0,1429746
2021-06-21 11:10:44,473.0,1429776
2021-06-21 11:10:47,473.0,1429866
2021-06-21 11:10:50,472.95,1429966
2021-06-21 11:10:53,473.0,1429986
2021-06-21 11:10:55,473.0,1429987
2021-06-21 11:10:57,473.0,1429989
2021-06-21 11:11:00,472.95,1430636
2021-06-21 11:11:02,472.75,1430699
2021-06-21 11:11:04,472.75,1430699
2021-06-21 11:11:07,472.95,1430714
2021-06-21 11:11:09,472.95,1430714
2021-06-21 11:11:11,472.95,1430746
2021-06-21 11:11:13,472.95,1430806
2021-06-21 11:11:15,472.95,1430807
2021-06-21 11:11:18,472.95,1430807
2021-06-21 11:11:20,472.95,1430807
2021-06-21 11:11:23,472.95,1430807
2021-06-21 11:11:25,472.95,1431419
2021-06-21 11:11:28,472.8,1431489
2021-06-21 11:11:30,472.9,1431509
2021-06-21 11:11:33,472.9,1431524
2021-06-21 11:11:35,472.75,1431574
2021-06-21 11:11:38,472.85,1431599
2021-06-21 11:11:40,472.85,1431599
2021-06-21 11:11:42,472.85,1431599
2021-06-21 11:11:44,472.9,1432195
2021-06-21 11:11:47,472.8,1432196
2021-06-21 11:11:49,472.8,1432196
2021-06-21 11:11:51,472.8,1432213
2021-06-21 11:11:54,472.75,1432214
2021-06-21 11:11:56,472.85,1432244
2021-06-21 11:11:58,472.85,1432244
2021-06-21 11:12:01,472.75,1432714
2021-06-21 11:12:03,472.75,1432714
2021-06-21 11:12:05,472.75,1432714
2021-06-21 11:12:07,472.75,1432714
2021-06-21 11:12:09,472.9,1432806
2021-06-21 11:12:12,472.95,1432808
2021-06-21 11:12:14,472.9,1432809
2021-06-21 11:12:16,472.9,1432809
2021-06-21 11:12:17,472.9,1432809
2021-06-21 11:12:20,472.9,1433027
2021-06-21 11:12:23,472.9,1433027
2021-06-21 11:12:25,472.9,1433028
2021-06-21 11:12:27,472.9,1433029
2021-06-21 11:12:29,472.9,1433029
2021-06-21 11:12:31,472.8,1433129
2021-06-21 11:12:33,472.8,1433129
2021-06-21 11:12:35,473.0,1433507
2021-06-21 11:12:37,472.8,1433518
2021-06-21 11:12:39,472.8,1433518
2021-06-21 11:12:42,472.9,1433519
2021-06-21 11:12:44,472.8,1434019
2021-06-21 11:12:46,472.8,1434019
2021-06-21 11:12:48,472.8,1434030
2021-06-21 11:12:51,473.0,1434321
2021-06-21 11:12:53,473.0,1434321
2021-06-21 11:12:56,473.0,1435931
2021-06-21 11:12:59,473.0,1435932
2021-06-21 11:13:01,473.0,1435932
2021-06-21 11:13:03,473.0,1435932
2021-06-21 11:13:05,472.7,1435992
2021-06-21 11:13:08,472.7,1435992
2021-06-21 11:13:10,472.7,1435992
2021-06-21 11:13:12,472.7,1435992
2021-06-21 11:13:14,472.7,1435992
2021-06-21 11:13:16,472.8,1435997
2021-06-21 11:13:20,472.8,1435997
2021-06-21 11:13:22,472.8,1435997
2021-06-21 11:13:25,472.8,1436013
2021-06-21 11:13:28,472.7,1436050
2021-06-21 11:13:31,473.0,1436550
2021-06-21 11:13:34,473.0,1436550
2021-06-21 11:13:36,473.0,1436550
2021-06-21 11:13:38,472.95,1436650
2021-06-21 11:13:40,473.0,1437150
2021-06-21 11:13:42,472.9,1437250
2021-06-21 11:13:44,472.9,1437250
2021-06-21 11:13:46,472.95,1437297
2021-06-21 11:13:49,472.9,1437303
2021-06-21 11:13:51,472.9,1437303
2021-06-21 11:13:53,472.9,1437323
2021-06-21 11:13:55,472.95,1437345
2021-06-21 11:13:58,472.95,1437381
2021-06-21 11:14:00,472.95,1437381
2021-06-21 11:14:02,472.75,1437405
2021-06-21 11:14:04,472.75,1437489
2021-06-21 11:14:07,472.7,1437989
2021-06-21 11:14:09,472.7,1437989
2021-06-21 11:14:11,472.7,1437993
2021-06-21 11:14:13,472.7,1437993
2021-06-21 11:14:16,472.7,1437993
2021-06-21 11:14:18,472.95,1438083
2021-06-21 11:14:21,472.95,1438083
2021-06-21 11:14:23,472.95,1438083
2021-06-21 11:14:25,472.95,1438083
2021-06-21 11:14:27,472.95,1438083
2021-06-21 11:14:29,472.95,1438083
2021-06-21 11:14:32,472.95,1438083
2021-06-21 11:14:35,472.95,1438083
2021-06-21 11:14:38,472.75,1439883
2021-06-21 11:14:40,472.75,1439883
2021-06-21 11:14:43,472.9,1439916
2021-06-21 11:14:46,472.9,1439971
2021-06-21 11:14:48,472.7,1440221
2021-06-21 11:14:51,472.9,1440471
2021-06-21 11:14:53,472.9,1440771
2021-06-21 11:14:56,472.9,1440907
2021-06-21 11:14:58,472.9,1440907
2021-06-21 11:15:01,472.7,1440977
2021-06-21 11:15:04,472.85,1441057
2021-06-21 11:15:08,472.9,1441067
2021-06-21 11:15:10,472.7,1441068
2021-06-21 11:15:13,472.85,1441069
2021-06-21 11:15:17,472.9,1442069
2021-06-21 11:15:20,472.85,1442070
2021-06-21 11:15:23,472.9,1442075
2021-06-21 11:15:26,472.9,1442101
2021-06-21 11:15:28,472.9,1442101
2021-06-21 11:15:31,472.9,1442103
2021-06-21 11:15:35,472.9,1442203
2021-06-21 11:15:37,472.9,1442203
2021-06-21 11:15:40,472.9,1442303
2021-06-21 11:15:42,472.9,1442303
2021-06-21 11:15:44,472.9,1442308
2021-06-21 11:15:46,472.9,1442308
2021-06-21 11:15:49,472.9,1442308
2021-06-21 11:15:52,472.9,1442315
2021-06-21 11:15:54,472.9,1442315
2021-06-21 11:15:56,472.9,1442315
2021-06-21 11:15:58,472.9,1442356
2021-06-21 11:16:01,472.9,1442356
2021-06-21 11:16:04,472.9,1442556
2021-06-21 11:16:07,472.75,1442606
2021-06-21 11:16:10,472.75,1442606
2021-06-21 11:16:13,472.75,1442606
2021-06-21 11:16:15,472.75,1442606
2021-06-21 11:16:18,472.85,1442610
2021-06-21 11:16:20,472.75,1443110
2021-06-21 11:16:23,472.75,1443111
2021-06-21 11:16:26,472.75,1443373
2021-06-21 11:16:29,472.7,1443473
2021-06-21 11:16:31,472.75,1443485
2021-06-21 11:16:34,472.75,1443485
2021-06-21 11:16:39,472.75,1443557
2021-06-21 11:16:41,472.75,1443557
2021-06-21 11:16:43,472.75,1443557
2021-06-21 11:16:46,472.75,1443557
2021-06-21 11:16:48,472.75,1443718
2021-06-21 11:16:50,472.65,1443722
2021-06-21 11:16:53,472.7,1443763
2021-06-21 11:16:56,472.7,1443763
2021-06-21 11:16:59,472.7,1443763
2021-06-21 11:17:02,472.5,1445690
2021-06-21 11:17:04,472.5,1445690
2021-06-21 11:17:07,472.55,1445890
2021-06-21 11:17:09,472.55,1445895
2021-06-21 11:17:11,472.4,1445900
2021-06-21 11:17:13,472.4,1446329
2021-06-21 11:17:15,472.55,1446330
2021-06-21 11:17:18,472.4,1446370
2021-06-21 11:17:20,472.55,1446557
2021-06-21 11:17:23,472.55,1446557
2021-06-21 11:17:25,472.25,1446657
2021-06-21 11:17:28,472.25,1446677
2021-06-21 11:17:30,472.2,1446767
2021-06-21 11:17:33,472.2,1446767
2021-06-21 11:17:35,472.3,1446768
2021-06-21 11:17:37,472.3,1446768
2021-06-21 11:17:40,472.3,1446923
2021-06-21 11:17:43,472.25,1448013
2021-06-21 11:17:45,472.45,1448014
2021-06-21 11:17:48,472.5,1448320
2021-06-21 11:17:52,472.4,1448336
2021-06-21 11:17:55,472.4,1448438
2021-06-21 11:17:57,472.35,1448473
2021-06-21 11:18:00,472.35,1448473
2021-06-21 11:18:03,472.35,1448473
2021-06-21 11:18:05,472.3,1448478
2021-06-21 11:18:08,472.55,1450729
2021-06-21 11:18:10,472.65,1450754
2021-06-21 11:18:13,472.55,1450814
2021-06-21 11:18:15,472.55,1450814
2021-06-21 11:18:18,472.55,1450814
2021-06-21 11:18:20,472.55,1450918
2021-06-21 11:18:22,472.55,1450918
2021-06-21 11:18:26,472.8,1451221
2021-06-21 11:18:30,472.8,1451221
2021-06-21 11:18:33,472.65,1451253
2021-06-21 11:18:37,472.8,1451308
2021-06-21 11:18:40,472.8,1451343
2021-06-21 11:18:43,472.55,1451541
2021-06-21 11:18:46,472.9,1451650
2021-06-21 11:18:49,472.7,1451660
2021-06-21 11:18:51,472.7,1451660
2021-06-21 11:18:54,472.8,1451662
2021-06-21 11:18:57,472.55,1451757
2021-06-21 11:18:59,472.55,1451757
2021-06-21 11:19:02,472.7,1451762
2021-06-21 11:19:04,472.7,1451762
2021-06-21 11:19:06,472.7,1451762
2021-06-21 11:19:08,472.55,1451782
2021-06-21 11:19:11,472.55,1451782
2021-06-21 11:19:14,472.55,1451782
2021-06-21 11:19:17,472.55,1451802
2021-06-21 11:19:19,472.55,1451802
2021-06-21 11:19:22,472.85,1452516
2021-06-21 11:19:25,472.8,1452517
2021-06-21 11:19:27,472.95,1452817
2021-06-21 11:19:29,472.95,1452817
2021-06-21 11:19:32,472.95,1452837
2021-06-21 11:19:35,472.95,1452837
2021-06-21 11:19:37,472.7,1452941
2021-06-21 11:19:40,472.6,1453146
2021-06-21 11:19:42,472.6,1453846
2021-06-21 11:19:44,472.6,1453846
2021-06-21 11:19:47,473.0,1454206
2021-06-21 11:19:49,473.0,1454206
2021-06-21 11:19:52,473.45,1457697
2021-06-21 11:19:55,473.45,1457697
2021-06-21 11:19:58,473.45,1457729
2021-06-21 11:20:01,473.45,1457729
2021-06-21 11:20:04,473.45,1457731
2021-06-21 11:20:07,473.4,1457833
2021-06-21 11:20:10,473.3,1457836
2021-06-21 11:20:12,473.3,1457836
2021-06-21 11:20:14,473.4,1458065
2021-06-21 11:20:17,473.4,1458065
2021-06-21 11:20:19,473.4,1458561
2021-06-21 11:20:22,473.4,1458984
2021-06-21 11:20:24,473.4,1459185
2021-06-21 11:20:26,473.4,1459185
2021-06-21 11:20:29,473.4,1459325
2021-06-21 11:20:31,473.4,1459326
2021-06-21 11:20:35,473.4,1459411
2021-06-21 11:20:38,473.45,1459466
2021-06-21 11:20:41,473.45,1459786
2021-06-21 11:20:45,473.4,1459886
2021-06-21 11:20:48,473.25,1459908
2021-06-21 11:20:51,473.25,1460459
2021-06-21 11:20:54,473.55,1460941
2021-06-21 11:20:57,473.45,1460969
2021-06-21 11:21:03,473.45,1460969
2021-06-21 11:21:05,473.25,1463955
2021-06-21 11:21:07,472.9,1464405
2021-06-21 11:21:09,472.9,1464405
2021-06-21 11:21:12,472.95,1464407
2021-06-21 11:21:14,473.0,1464412
2021-06-21 11:21:17,473.0,1464412
2021-06-21 11:21:19,473.0,1464412
2021-06-21 11:21:21,473.0,1464412
2021-06-21 11:21:24,473.0,1464415
2021-06-21 11:21:26,473.0,1464415
2021-06-21 11:21:29,473.0,1464420
2021-06-21 11:21:31,473.0,1464420
2021-06-21 11:21:34,473.0,1464420
2021-06-21 11:21:37,473.0,1464420
2021-06-21 11:21:40,472.95,1464421
2021-06-21 11:21:42,472.95,1464433
2021-06-21 11:21:45,472.95,1464433
2021-06-21 11:21:47,472.95,1464433
2021-06-21 11:21:49,473.0,1464553
2021-06-21 11:21:51,472.9,1464583
2021-06-21 11:21:54,472.9,1464583
2021-06-21 11:21:56,473.0,1464594
2021-06-21 11:21:58,473.0,1464594
2021-06-21 11:22:00,473.0,1464594
2021-06-21 11:22:02,473.0,1464635
2021-06-21 11:22:04,473.0,1464635
2021-06-21 11:22:07,473.0,1464637
2021-06-21 11:22:10,473.0,1464837
2021-06-21 11:22:12,473.0,1464837
2021-06-21 11:22:15,473.0,1465037
2021-06-21 11:22:17,473.0,1465037
2021-06-21 11:22:20,472.9,1465038
2021-06-21 11:22:22,473.0,1465048
2021-06-21 11:22:25,472.9,1465050
2021-06-21 11:22:26,473.0,1465100
2021-06-21 11:22:28,473.0,1465100
2021-06-21 11:22:30,473.0,1465100
2021-06-21 11:22:33,473.0,1465100
2021-06-21 11:22:36,473.0,1465100
2021-06-21 11:22:38,473.0,1465102
2021-06-21 11:22:40,473.0,1465138
2021-06-21 11:22:42,473.0,1465138
2021-06-21 11:22:45,473.0,1465163
2021-06-21 11:22:47,473.0,1465215
2021-06-21 11:22:50,473.0,1465215
2021-06-21 11:22:52,473.0,1465317
2021-06-21 11:22:55,473.0,1465417
2021-06-21 11:22:57,472.9,1465917
2021-06-21 11:22:59,472.9,1465918
2021-06-21 11:23:01,472.9,1465918
2021-06-21 11:23:03,473.0,1465928
2021-06-21 11:23:05,473.0,1465938
2021-06-21 11:23:07,472.9,1465993
2021-06-21 11:23:09,472.9,1465993
2021-06-21 11:23:10,472.9,1466016
2021-06-21 11:23:13,472.9,1466016
2021-06-21 11:23:15,473.0,1466046
2021-06-21 11:23:18,473.0,1466046
2021-06-21 11:23:20,473.0,1466046
2021-06-21 11:23:21,473.0,1466051
2021-06-21 11:23:23,473.0,1466101
2021-06-21 11:23:26,473.0,1466101
2021-06-21 11:23:28,473.0,1466101
2021-06-21 11:23:30,473.0,1466101
2021-06-21 11:23:32,473.0,1466204
2021-06-21 11:23:35,473.0,1466233
2021-06-21 11:23:37,472.9,1466493
2021-06-21 11:23:40,472.9,1466715
2021-06-21 11:23:43,472.9,1466726
2021-06-21 11:23:46,472.9,1466736
2021-06-21 11:23:49,472.9,1466887
2021-06-21 11:23:51,472.9,1466887
2021-06-21 11:23:53,472.9,1466887
2021-06-21 11:23:56,472.9,1466887
2021-06-21 11:23:58,472.9,1467438
2021-06-21 11:24:01,472.9,1467438
2021-06-21 11:24:04,472.7,1467688
2021-06-21 11:24:06,472.7,1467688
2021-06-21 11:24:08,472.7,1467688
2021-06-21 11:24:10,472.7,1467688
2021-06-21 11:24:13,472.7,1467688
2021-06-21 11:24:15,472.9,1467973
2021-06-21 11:24:17,472.9,1467973
2021-06-21 11:24:19,472.9,1467973
2021-06-21 11:24:21,472.9,1467973
2021-06-21 11:24:23,472.9,1468078
2021-06-21 11:24:26,472.9,1468088
2021-06-21 11:24:28,472.9,1468088
2021-06-21 11:24:31,472.9,1468320
2021-06-21 11:24:34,472.9,1468345
2021-06-21 11:24:37,472.9,1468555
2021-06-21 11:24:39,472.9,1469055
2021-06-21 11:24:41,472.9,1469055
2021-06-21 11:24:43,472.75,1469071
2021-06-21 11:24:45,472.75,1469071
2021-06-21 11:24:47,472.75,1469071
2021-06-21 11:24:49,472.75,1469071
2021-06-21 11:24:50,472.75,1469071
2021-06-21 11:24:52,472.75,1469071
2021-06-21 11:24:55,472.9,1469091
2021-06-21 11:24:58,472.75,1469094
2021-06-21 11:25:00,472.9,1469124
2021-06-21 11:25:03,472.9,1469144
2021-06-21 11:25:04,472.9,1469394
2021-06-21 11:25:06,472.9,1469394
2021-06-21 11:25:08,472.9,1469394
2021-06-21 11:25:11,472.9,1469394
2021-06-21 11:25:13,472.9,1469494
2021-06-21 11:25:16,472.9,1469547
2021-06-21 11:25:21,472.9,1469562
2021-06-21 11:25:23,472.9,1469562
2021-06-21 11:25:25,472.8,1474572
2021-06-21 11:25:27,472.7,1474602
2021-06-21 11:25:29,472.7,1474602
2021-06-21 11:25:31,472.7,1474602
2021-06-21 11:25:33,472.65,1474792
2021-06-21 11:25:35,472.7,1475792
2021-06-21 11:25:37,472.9,1475793
2021-06-21 11:25:39,472.9,1475793
2021-06-21 11:25:41,472.9,1475793
2021-06-21 11:25:43,472.85,1475825
2021-06-21 11:25:45,472.85,1475826
2021-06-21 11:25:47,472.85,1475826
2021-06-21 11:25:49,472.85,1475826
2021-06-21 11:25:52,472.85,1475826
2021-06-21 11:25:54,472.85,1475826
2021-06-21 11:25:59,472.9,1475853
2021-06-21 11:26:01,472.9,1475853
2021-06-21 11:26:04,472.9,1475853
2021-06-21 11:26:06,472.9,1475853
2021-06-21 11:26:08,472.9,1475853
2021-06-21 11:26:11,472.85,1475854
2021-06-21 11:26:13,472.85,1475854
2021-06-21 11:26:16,472.8,1475855
2021-06-21 11:26:17,472.8,1475869
2021-06-21 11:26:19,472.8,1475869
2021-06-21 11:26:22,472.8,1475869
2021-06-21 11:26:24,472.7,1475923
2021-06-21 11:26:26,472.9,1475953
2021-06-21 11:26:28,472.9,1475958
2021-06-21 11:26:30,472.9,1475958
2021-06-21 11:26:33,472.9,1475958
2021-06-21 11:26:35,472.7,1475968
2021-06-21 11:26:37,472.7,1475968
2021-06-21 11:26:40,472.7,1475968
2021-06-21 11:26:42,472.7,1475968
2021-06-21 11:26:44,472.7,1475968
2021-06-21 11:26:46,472.7,1475982
2021-06-21 11:26:48,472.7,1475982
2021-06-21 11:26:50,472.7,1475982
2021-06-21 11:26:52,472.7,1476341
2021-06-21 11:26:54,472.7,1476341
2021-06-21 11:26:56,472.7,1476341
2021-06-21 11:26:58,472.7,1476341
2021-06-21 11:27:00,472.7,1476391
2021-06-21 11:27:03,472.7,1476391
2021-06-21 11:27:05,472.7,1476391
2021-06-21 11:27:07,472.7,1476391
2021-06-21 11:27:09,472.85,1476441
2021-06-21 11:27:11,472.85,1476441
2021-06-21 11:27:13,472.85,1476441
2021-06-21 11:27:15,472.85,1476441
2021-06-21 11:27:17,472.85,1476441
2021-06-21 11:27:19,472.85,1476441
2021-06-21 11:27:21,472.85,1476441
2021-06-21 11:27:24,472.85,1476441
2021-06-21 11:27:26,472.85,1476441
2021-06-21 11:27:28,472.85,1476441
2021-06-21 11:27:30,472.85,1476441
2021-06-21 11:27:32,472.85,1476441
2021-06-21 11:27:34,472.85,1476441
2021-06-21 11:27:37,472.85,1476441
2021-06-21 11:27:39,472.8,1476442
2021-06-21 11:27:42,472.8,1476442
2021-06-21 11:27:44,472.8,1476442
2021-06-21 11:27:47,472.8,1476442
2021-06-21 11:27:49,472.8,1476451
2021-06-21 11:27:51,472.8,1476451
2021-06-21 11:27:54,472.8,1476451
2021-06-21 11:27:56,472.8,1476517
2021-06-21 11:27:58,472.8,1476517
2021-06-21 11:28:01,472.85,1476523
2021-06-21 11:28:04,472.8,1476573
2021-06-21 11:28:06,472.8,1476573
2021-06-21 11:28:08,472.8,1476573
2021-06-21 11:28:10,472.8,1476573
2021-06-21 11:28:13,472.8,1476573
2021-06-21 11:28:15,472.85,1476590
2021-06-21 11:28:17,472.85,1476601
2021-06-21 11:28:19,472.8,1476694
2021-06-21 11:28:21,472.8,1476694
2021-06-21 11:28:23,472.7,1476836
2021-06-21 11:28:25,472.75,1476838
2021-06-21 11:28:27,472.75,1476888
2021-06-21 11:28:29,472.75,1476888
2021-06-21 11:28:31,472.75,1476888
2021-06-21 11:28:33,472.75,1476888
2021-06-21 11:28:35,472.75,1476888
2021-06-21 11:28:37,472.75,1476888
2021-06-21 11:28:39,472.85,1476938
2021-06-21 11:28:40,472.85,1476938
2021-06-21 11:28:42,472.85,1476966
2021-06-21 11:28:44,472.8,1476980
2021-06-21 11:28:46,472.8,1476980
2021-06-21 11:28:49,472.85,1476993
2021-06-21 11:28:52,472.85,1476994
2021-06-21 11:28:54,472.85,1476994
2021-06-21 11:28:56,472.75,1476996
2021-06-21 11:28:59,472.75,1476996
2021-06-21 11:29:01,472.75,1476996
2021-06-21 11:29:04,472.85,1477076
2021-06-21 11:29:07,472.85,1477076
2021-06-21 11:29:10,472.85,1477076
2021-06-21 11:29:12,472.85,1477078
2021-06-21 11:29:14,472.8,1477079
2021-06-21 11:29:17,472.85,1477104
2021-06-21 11:29:19,472.85,1477104
2021-06-21 11:29:21,472.8,1477108
2021-06-21 11:29:24,472.8,1477108
2021-06-21 11:29:26,472.85,1477118
2021-06-21 11:29:28,472.85,1477118
2021-06-21 11:29:31,472.5,1478044
2021-06-21 11:29:33,472.5,1478045
2021-06-21 11:29:35,472.7,1478060
2021-06-21 11:29:39,472.7,1478080
2021-06-21 11:29:42,472.7,1478080
2021-06-21 11:29:44,472.7,1478081
2021-06-21 11:29:47,472.5,1478106
2021-06-21 11:29:49,472.5,1478106
2021-06-21 11:29:51,472.5,1478106
2021-06-21 11:29:53,472.5,1478106
2021-06-21 11:29:55,472.5,1478120
2021-06-21 11:29:57,472.7,1478125
2021-06-21 11:29:59,472.7,1478125
2021-06-21 11:30:01,472.7,1478211
2021-06-21 11:30:04,472.7,1478211
2021-06-21 11:30:06,472.7,1478211
2021-06-21 11:30:09,472.7,1478212
2021-06-21 11:30:12,472.75,1478217
2021-06-21 11:30:14,472.75,1478217
2021-06-21 11:30:17,472.75,1478267
2021-06-21 11:30:19,472.75,1478267
2021-06-21 11:30:21,472.55,1478268
2021-06-21 11:30:23,472.75,1478273
2021-06-21 11:30:25,472.5,1478574
2021-06-21 11:30:28,472.5,1478574
2021-06-21 11:30:30,472.5,1478574
2021-06-21 11:30:33,472.7,1478675
2021-06-21 11:30:35,472.5,1478676
2021-06-21 11:30:37,472.7,1478698
2021-06-21 11:30:39,472.55,1478703
2021-06-21 11:30:41,473.0,1499944
2021-06-21 11:30:43,473.0,1500719
2021-06-21 11:30:45,473.0,1500719
2021-06-21 11:30:48,473.15,1501033
2021-06-21 11:30:50,473.15,1501033
2021-06-21 11:30:52,473.15,1501033
2021-06-21 11:30:54,473.15,1501033
2021-06-21 11:30:57,473.35,1501558
2021-06-21 11:31:00,473.35,1501558
2021-06-21 11:31:02,473.35,1501558
2021-06-21 11:31:05,473.35,1501568
2021-06-21 11:31:08,473.35,1501628
2021-06-21 11:31:11,473.1,1501645
2021-06-21 11:31:17,473.15,1501750
