timestamp,ltp,volume
2021-06-21 09:16:28,3594.0,6229
2021-06-21 09:16:29,3595.0,6234
2021-06-21 09:16:30,3595.0,6234
2021-06-21 09:16:31,3595.0,6234
2021-06-21 09:16:32,3595.75,6261
2021-06-21 09:16:33,3594.05,6278
2021-06-21 09:16:34,3594.05,6278
2021-06-21 09:16:35,3594.05,6278
2021-06-21 09:16:36,3594.05,6278
2021-06-21 09:16:37,3594.0,6283
2021-06-21 09:16:38,3594.0,6283
2021-06-21 09:16:42,3592.7,6333
2021-06-21 09:16:43,3592.7,6333
2021-06-21 09:16:44,3592.7,6338
2021-06-21 09:16:45,3590.0,6373
2021-06-21 09:16:47,3592.6,6393
2021-06-21 09:16:48,3590.4,6411
2021-06-21 09:16:49,3590.4,6411
2021-06-21 09:16:50,3592.6,6413
2021-06-21 09:16:51,3593.5,6543
2021-06-21 09:16:52,3593.5,6543
2021-06-21 09:16:53,3593.5,6543
2021-06-21 09:16:54,3594.0,6721
2021-06-21 09:16:57,3597.3,6851
2021-06-21 09:16:58,3597.3,6851
2021-06-21 09:17:01,3602.4,7069
2021-06-21 09:17:02,3605.0,7382
2021-06-21 09:17:03,3605.5,7383
2021-06-21 09:17:04,3605.6,7435
2021-06-21 09:17:05,3603.15,7926
2021-06-21 09:17:06,3603.35,7931
2021-06-21 09:17:07,3603.4,7935
2021-06-21 09:17:08,3603.6,7936
2021-06-21 09:17:09,3600.35,7937
2021-06-21 09:17:10,3600.35,7937
2021-06-21 09:17:11,3600.15,8007
2021-06-21 09:17:12,3600.7,8019
2021-06-21 09:17:13,3603.35,8021
2021-06-21 09:17:14,3600.65,8061
2021-06-21 09:17:15,3602.15,8164
2021-06-21 09:17:16,3602.15,8164
2021-06-21 09:17:17,3602.1,8191
2021-06-21 09:17:18,3602.1,8191
2021-06-21 09:17:20,3602.1,8191
2021-06-21 09:17:21,3598.75,8197
2021-06-21 09:17:22,3598.75,8197
2021-06-21 09:17:23,3598.75,8197
2021-06-21 09:17:24,3600.05,8214
2021-06-21 09:17:26,3603.3,8217
2021-06-21 09:17:25,3603.3,8217
2021-06-21 09:17:27,3601.95,8230
2021-06-21 09:17:28,3601.15,8248
2021-06-21 09:17:29,3601.15,8248
2021-06-21 09:17:30,3601.15,8248
2021-06-21 09:17:32,3600.35,8254
2021-06-21 09:17:34,3601.9,8255
2021-06-21 09:17:35,3600.35,8265
2021-06-21 09:17:36,3600.35,8265
2021-06-21 09:17:37,3600.35,8265
2021-06-21 09:17:38,3600.35,8265
2021-06-21 09:17:39,3600.35,8265
2021-06-21 09:17:40,3601.9,8268
2021-06-21 09:17:41,3601.9,8268
2021-06-21 09:17:43,3601.15,8284
2021-06-21 09:17:44,3602.95,8384
2021-06-21 09:17:45,3602.95,8384
2021-06-21 09:17:47,3601.9,8395
2021-06-21 09:17:48,3601.9,8395
2021-06-21 09:17:49,3601.2,8405
2021-06-21 09:17:50,3601.2,8405
2021-06-21 09:17:51,3602.95,8419
2021-06-21 09:17:52,3602.95,8419
2021-06-21 09:17:53,3602.95,8419
2021-06-21 09:17:55,3602.95,8419
2021-06-21 09:17:56,3601.0,8600
2021-06-21 09:17:57,3602.5,8610
2021-06-21 09:17:58,3600.5,8622
2021-06-21 09:17:59,3603.6,8741
2021-06-21 09:18:00,3603.6,8741
2021-06-21 09:18:01,3603.6,8741
2021-06-21 09:18:02,3600.9,8791
2021-06-21 09:18:05,3603.65,8792
2021-06-21 09:18:07,3603.65,8792
2021-06-21 09:18:10,3604.4,8865
2021-06-21 09:18:11,3604.4,8865
2021-06-21 09:18:12,3604.4,8865
2021-06-21 09:18:13,3604.4,8865
2021-06-21 09:18:14,3604.4,8865
2021-06-21 09:18:15,3604.4,8865
2021-06-21 09:18:16,3604.4,8865
2021-06-21 09:18:17,3604.4,8865
2021-06-21 09:18:18,3604.4,8865
2021-06-21 09:18:19,3604.4,8865
2021-06-21 09:18:20,3602.9,8866
2021-06-21 09:18:21,3602.9,8866
2021-06-21 09:18:22,3602.9,8866
2021-06-21 09:18:23,3605.0,8895
2021-06-21 09:18:24,3605.0,8895
2021-06-21 09:18:27,3606.25,9002
2021-06-21 09:18:28,3606.45,9004
2021-06-21 09:18:29,3606.45,9004
2021-06-21 09:18:30,3606.45,9004
2021-06-21 09:18:31,3606.45,9004
2021-06-21 09:18:32,3608.5,9070
2021-06-21 09:18:33,3608.5,9070
2021-06-21 09:18:34,3608.5,9070
2021-06-21 09:18:35,3609.95,9071
2021-06-21 09:18:36,3609.95,9071
2021-06-21 09:18:38,3609.95,9071
2021-06-21 09:18:37,3609.95,9071
2021-06-21 09:18:39,3609.95,9071
2021-06-21 09:18:40,3609.95,9071
2021-06-21 09:18:41,3609.95,9071
2021-06-21 09:18:42,3609.95,9071
2021-06-21 09:18:43,3609.95,9071
2021-06-21 09:18:44,3609.95,9071
2021-06-21 09:18:45,3610.15,9230
2021-06-21 09:18:46,3610.15,9230
2021-06-21 09:18:47,3608.65,9245
2021-06-21 09:18:48,3611.95,9249
2021-06-21 09:18:49,3611.95,9333
2021-06-21 09:18:50,3611.95,9333
2021-06-21 09:18:51,3611.95,9333
2021-06-21 09:18:52,3610.4,9378
2021-06-21 09:18:53,3610.4,9378
2021-06-21 09:18:54,3610.4,9378
2021-06-21 09:18:56,3611.9,9379
2021-06-21 09:18:57,3611.9,9379
2021-06-21 09:18:58,3611.9,9379
2021-06-21 09:18:59,3611.9,9379
2021-06-21 09:19:00,3610.0,9453
2021-06-21 09:19:01,3610.0,9453
2021-06-21 09:19:02,3610.0,9453
2021-06-21 09:19:03,3611.9,9458
2021-06-21 09:19:04,3610.15,9525
2021-06-21 09:19:05,3612.3,9526
2021-06-21 09:19:07,3610.2,9531
2021-06-21 09:19:08,3610.3,9551
2021-06-21 09:19:09,3610.3,9551
2021-06-21 09:19:09,3610.3,9551
2021-06-21 09:19:10,3613.7,9563
2021-06-21 09:19:11,3614.4,9565
2021-06-21 09:19:12,3614.4,9565
2021-06-21 09:19:13,3615.0,9594
2021-06-21 09:19:14,3615.0,9663
2021-06-21 09:19:15,3615.0,9663
2021-06-21 09:19:16,3615.0,9663
2021-06-21 09:19:18,3617.0,9668
2021-06-21 09:19:18,3617.0,9668
2021-06-21 09:19:20,3619.0,9773
2021-06-21 09:19:21,3619.0,9773
2021-06-21 09:19:22,3619.0,9773
2021-06-21 09:19:23,3617.05,9774
2021-06-21 09:19:23,3617.05,9774
2021-06-21 09:19:24,3617.05,9774
2021-06-21 09:19:25,3619.95,9803
2021-06-21 09:19:27,3620.55,9857
2021-06-21 09:19:28,3622.2,9877
2021-06-21 09:19:29,3622.2,9877
2021-06-21 09:19:31,3622.2,9877
2021-06-21 09:19:32,3622.2,9877
2021-06-21 09:19:33,3622.2,9887
2021-06-21 09:19:34,3620.2,9921
2021-06-21 09:19:35,3620.2,9921
2021-06-21 09:19:35,3620.2,9926
2021-06-21 09:19:36,3622.15,9927
2021-06-21 09:19:37,3620.25,9989
2021-06-21 09:19:38,3620.25,9989
2021-06-21 09:19:39,3620.25,9989
2021-06-21 09:19:40,3620.25,9989
2021-06-21 09:19:41,3620.35,9995
2021-06-21 09:19:42,3620.35,9997
2021-06-21 09:19:43,3618.55,10504
2021-06-21 09:19:44,3619.1,10511
2021-06-21 09:19:45,3617.25,10519
2021-06-21 09:19:46,3617.25,10523
2021-06-21 09:19:47,3613.65,10661
2021-06-21 09:19:48,3610.15,10664
2021-06-21 09:19:50,3610.15,10666
2021-06-21 09:19:52,3610.15,10669
2021-06-21 09:19:52,3610.15,10669
2021-06-21 09:19:53,3612.25,10709
2021-06-21 09:19:54,3611.9,10722
2021-06-21 09:19:55,3611.9,10722
2021-06-21 09:19:56,3610.15,10732
2021-06-21 09:19:57,3610.15,10732
2021-06-21 09:19:58,3611.9,10733
2021-06-21 09:19:59,3611.9,10733
2021-06-21 09:20:00,3610.15,10933
2021-06-21 09:20:01,3612.75,11002
2021-06-21 09:20:02,3612.75,11002
2021-06-21 09:20:03,3610.5,11139
2021-06-21 09:20:04,3610.5,11149
2021-06-21 09:20:05,3610.5,11149
2021-06-21 09:20:06,3612.2,11156
2021-06-21 09:20:07,3612.2,11156
2021-06-21 09:20:08,3612.2,11156
2021-06-21 09:20:09,3610.5,11158
2021-06-21 09:20:10,3608.9,11288
2021-06-21 09:20:11,3608.9,11288
2021-06-21 09:20:12,3608.9,11337
2021-06-21 09:20:13,3608.9,11337
2021-06-21 09:20:14,3608.9,11337
2021-06-21 09:20:15,3608.9,11337
2021-06-21 09:20:16,3608.9,11337
2021-06-21 09:20:17,3608.9,11337
2021-06-21 09:20:19,3608.9,11338
2021-06-21 09:20:21,3608.9,11338
2021-06-21 09:20:22,3608.9,11338
2021-06-21 09:20:23,3608.9,11338
2021-06-21 09:20:24,3608.05,11601
2021-06-21 09:20:25,3608.05,11603
2021-06-21 09:20:26,3608.05,11603
2021-06-21 09:20:27,3608.05,11603
2021-06-21 09:20:28,3610.8,11604
2021-06-21 09:20:29,3608.1,11605
2021-06-21 09:20:30,3608.1,11621
2021-06-21 09:20:31,3608.1,11621
2021-06-21 09:20:32,3608.1,11621
2021-06-21 09:20:33,3610.8,11626
2021-06-21 09:20:34,3610.8,11626
2021-06-21 09:20:35,3610.8,11642
2021-06-21 09:20:36,3610.8,11643
2021-06-21 09:20:36,3610.8,11643
2021-06-21 09:20:37,3610.8,11643
2021-06-21 09:20:38,3610.8,11643
2021-06-21 09:20:39,3612.25,11653
2021-06-21 09:20:40,3612.25,11653
2021-06-21 09:20:41,3615.0,11982
2021-06-21 09:20:42,3615.0,11982
2021-06-21 09:20:43,3615.0,11982
2021-06-21 09:20:44,3618.9,12035
2021-06-21 09:20:45,3617.15,12308
2021-06-21 09:20:46,3615.55,12436
2021-06-21 09:20:47,3613.7,12437
2021-06-21 09:20:48,3613.7,12437
2021-06-21 09:20:50,3616.8,12438
2021-06-21 09:20:51,3616.8,12438
2021-06-21 09:20:51,3616.8,12438
2021-06-21 09:20:52,3616.8,12438
2021-06-21 09:20:53,3613.9,12442
2021-06-21 09:20:54,3613.9,12442
2021-06-21 09:20:55,3614.05,12446
2021-06-21 09:20:56,3614.1,12450
2021-06-21 09:20:57,3614.05,12458
2021-06-21 09:20:58,3614.15,12462
2021-06-21 09:20:59,3614.1,12468
2021-06-21 09:21:00,3615.65,12481
2021-06-21 09:21:01,3616.45,12508
2021-06-21 09:21:03,3616.75,12515
2021-06-21 09:21:04,3616.75,12515
2021-06-21 09:21:05,3614.6,12520
2021-06-21 09:21:06,3616.35,12526
2021-06-21 09:21:07,3616.35,12526
2021-06-21 09:21:08,3616.6,12578
2021-06-21 09:21:09,3614.7,12584
2021-06-21 09:21:11,3614.85,12669
2021-06-21 09:21:13,3615.0,12708
2021-06-21 09:21:14,3615.0,12708
2021-06-21 09:21:16,3615.0,12710
2021-06-21 09:21:17,3615.2,12719
2021-06-21 09:21:18,3616.95,12727
2021-06-21 09:21:19,3615.25,12731
2021-06-21 09:21:20,3615.25,12795
2021-06-21 09:21:21,3615.25,12799
2021-06-21 09:21:22,3615.25,12799
2021-06-21 09:21:23,3615.25,12802
2021-06-21 09:21:24,3615.25,12806
2021-06-21 09:21:25,3615.25,12808
2021-06-21 09:21:26,3615.25,12808
2021-06-21 09:21:27,3616.6,12815
2021-06-21 09:21:28,3616.6,12816
2021-06-21 09:21:29,3616.6,12824
2021-06-21 09:21:30,3615.25,12828
2021-06-21 09:21:31,3615.25,12830
2021-06-21 09:21:32,3615.25,12834
2021-06-21 09:21:32,3616.6,12835
2021-06-21 09:21:33,3615.25,12837
2021-06-21 09:21:34,3615.25,12843
2021-06-21 09:21:35,3615.0,12855
2021-06-21 09:21:37,3615.0,13178
2021-06-21 09:21:38,3612.9,13180
2021-06-21 09:21:39,3612.9,13182
2021-06-21 09:21:40,3612.9,13186
2021-06-21 09:21:41,3612.9,13188
2021-06-21 09:21:42,3613.05,13251
2021-06-21 09:21:43,3613.05,13253
2021-06-21 09:21:44,3615.35,13278
2021-06-21 09:21:45,3613.5,13299
2021-06-21 09:21:46,3613.45,13303
2021-06-21 09:21:48,3613.5,13306
2021-06-21 09:21:49,3615.0,13308
2021-06-21 09:21:50,3615.0,13308
2021-06-21 09:21:51,3615.0,13308
2021-06-21 09:21:52,3615.0,13308
2021-06-21 09:21:53,3613.45,13340
2021-06-21 09:21:54,3613.45,13342
2021-06-21 09:21:59,3613.6,13353
2021-06-21 09:22:04,3613.45,13384
2021-06-21 09:22:09,3613.05,13391
2021-06-21 09:22:14,3613.0,13441
2021-06-21 09:22:19,3613.25,13512
2021-06-21 09:22:23,3613.0,13522
2021-06-21 09:22:28,3610.05,13550
2021-06-21 09:22:37,3610.15,13555
2021-06-21 09:22:42,3613.8,13624
2021-06-21 09:22:47,3611.7,13710
2021-06-21 09:22:52,3611.7,13717
2021-06-21 09:22:56,3611.7,13719
2021-06-21 09:23:01,3611.7,13740
2021-06-21 09:23:06,3611.85,13790
2021-06-21 09:23:11,3611.75,13820
2021-06-21 09:23:15,3614.3,13858
2021-06-21 09:23:20,3615.3,14014
2021-06-21 09:23:24,3615.35,14032
2021-06-21 09:23:29,3616.6,14041
2021-06-21 09:23:33,3615.35,14053
2021-06-21 09:23:38,3615.4,14071
2021-06-21 09:23:43,3615.55,14104
2021-06-21 09:23:47,3619.0,14120
2021-06-21 09:23:52,3616.95,14145
2021-06-21 09:23:57,3621.8,14372
2021-06-21 09:24:01,3621.8,14378
2021-06-21 09:24:06,3620.0,14437
2021-06-21 09:24:11,3621.65,14443
2021-06-21 09:24:16,3620.0,14456
2021-06-21 09:24:20,3618.8,14566
2021-06-21 09:24:25,3619.9,14684
2021-06-21 09:24:30,3620.0,14695
2021-06-21 09:24:35,3622.0,14833
2021-06-21 09:24:40,3624.0,14985
2021-06-21 09:24:45,3623.9,15011
2021-06-21 09:24:49,3623.9,15033
2021-06-21 09:24:54,3623.95,15107
2021-06-21 09:24:58,3624.95,15236
2021-06-21 09:25:03,3623.45,15316
2021-06-21 09:25:08,3626.95,15766
2021-06-21 09:25:12,3626.9,15923
2021-06-21 09:25:17,3625.05,16074
2021-06-21 09:25:21,3625.95,16205
2021-06-21 09:25:26,3625.95,16212
2021-06-21 09:25:31,3626.4,16248
2021-06-21 09:25:36,3628.45,16463
2021-06-21 09:25:41,3629.0,16601
2021-06-21 09:25:45,3627.7,16902
2021-06-21 09:25:50,3630.8,16955
2021-06-21 09:25:55,3633.65,17039
2021-06-21 09:26:04,3630.2,17194
2021-06-21 09:26:08,3634.1,17343
2021-06-21 09:26:18,3633.55,17930
2021-06-21 09:26:23,3631.3,18281
2021-06-21 09:26:27,3632.55,18296
2021-06-21 09:26:32,3632.65,18333
2021-06-21 09:26:37,3629.35,18501
2021-06-21 09:26:42,3630.0,18638
2021-06-21 09:26:47,3629.35,18757
2021-06-21 09:26:51,3630.0,18921
2021-06-21 09:26:56,3629.35,18988
2021-06-21 09:27:01,3632.55,21313
2021-06-21 09:27:06,3632.5,21335
2021-06-21 09:27:11,3632.45,21470
2021-06-21 09:27:16,3630.0,21559
2021-06-21 09:27:20,3631.8,21599
2021-06-21 09:27:34,3632.5,21999
2021-06-21 09:27:39,3630.15,22038
2021-06-21 09:27:43,3630.2,22066
2021-06-21 09:27:47,3630.2,22093
2021-06-21 09:27:52,3630.0,22241
2021-06-21 09:27:57,3629.35,22446
2021-06-21 09:28:06,3628.55,22543
2021-06-21 09:28:11,3627.5,22588
2021-06-21 09:28:15,3625.5,22689
2021-06-21 09:28:20,3625.5,22694
2021-06-21 09:28:25,3628.8,22729
2021-06-21 09:28:29,3625.5,22788
2021-06-21 09:28:34,3625.5,22788
2021-06-21 09:28:38,3626.0,22799
2021-06-21 09:28:43,3626.0,22842
2021-06-21 09:28:48,3627.0,22862
2021-06-21 09:28:57,3627.8,22953
2021-06-21 09:29:01,3628.0,23004
2021-06-21 09:29:06,3626.0,23063
2021-06-21 09:29:10,3626.0,23069
2021-06-21 09:29:14,3628.0,23086
2021-06-21 09:29:19,3628.0,23115
2021-06-21 09:29:23,3629.5,23195
2021-06-21 09:29:28,3629.95,23240
2021-06-21 09:29:33,3629.8,23344
2021-06-21 09:29:37,3631.75,23402
2021-06-21 09:29:42,3629.9,23434
2021-06-21 09:29:51,3631.75,23571
2021-06-21 09:29:56,3629.5,23629
2021-06-21 09:30:00,3631.25,23652
2021-06-21 09:30:05,3632.1,23991
2021-06-21 09:30:09,3632.3,24018
2021-06-21 09:30:14,3632.45,24029
2021-06-21 09:30:18,3632.45,24050
2021-06-21 09:30:23,3630.4,24065
2021-06-21 09:30:28,3630.65,24090
2021-06-21 09:30:32,3630.6,24459
2021-06-21 09:30:37,3630.6,24504
2021-06-21 09:30:46,3628.6,24547
2021-06-21 09:30:51,3629.05,24641
2021-06-21 09:30:56,3629.85,24645
2021-06-21 09:31:00,3628.0,24706
2021-06-21 09:31:04,3629.05,24825
2021-06-21 09:31:09,3627.7,24956
2021-06-21 09:31:13,3626.0,24962
2021-06-21 09:31:18,3626.5,25064
2021-06-21 09:31:22,3627.55,25171
2021-06-21 09:31:27,3627.45,25253
2021-06-21 09:31:31,3625.1,25291
2021-06-21 09:31:36,3626.0,25350
2021-06-21 09:31:41,3624.0,25416
2021-06-21 09:31:45,3623.8,25528
2021-06-21 09:31:50,3623.35,25553
2021-06-21 09:31:54,3623.25,25555
2021-06-21 09:31:59,3623.05,25594
2021-06-21 09:32:04,3623.05,25600
2021-06-21 09:32:08,3623.05,25601
2021-06-21 09:32:13,3625.0,25623
2021-06-21 09:32:17,3625.5,25643
2021-06-21 09:32:22,3625.0,25751
2021-06-21 09:32:26,3625.6,25762
2021-06-21 09:32:31,3625.6,25762
2021-06-21 09:32:35,3626.0,25801
2021-06-21 09:32:40,3627.0,25840
2021-06-21 09:32:44,3625.2,25845
2021-06-21 09:32:54,3625.05,26357
2021-06-21 09:33:03,3624.5,26462
2021-06-21 09:33:08,3626.7,26487
2021-06-21 09:33:12,3626.75,26493
2021-06-21 09:33:17,3625.45,26515
2021-06-21 09:33:21,3625.1,26529
2021-06-21 09:33:25,3625.25,26608
2021-06-21 09:33:29,3626.15,26718
2021-06-21 09:33:34,3627.7,26724
2021-06-21 09:33:38,3629.95,26744
2021-06-21 09:33:47,3627.7,26749
2021-06-21 09:33:51,3630.65,26854
2021-06-21 09:33:56,3630.65,26854
2021-06-21 09:34:00,3629.0,26859
2021-06-21 09:34:05,3629.9,26909
2021-06-21 09:34:09,3631.8,26966
2021-06-21 09:34:14,3629.0,27073
2021-06-21 09:34:18,3629.95,27088
2021-06-21 09:34:23,3631.55,27129
2021-06-21 09:34:27,3631.75,27169
2021-06-21 09:34:32,3631.75,27174
2021-06-21 09:34:36,3629.95,27253
2021-06-21 09:34:40,3630.0,27275
2021-06-21 09:34:45,3630.3,27340
2021-06-21 09:34:49,3630.3,27340
2021-06-21 09:34:54,3630.05,27373
2021-06-21 09:34:58,3630.25,27387
2021-06-21 09:35:03,3630.2,27394
2021-06-21 09:35:07,3628.05,27495
2021-06-21 09:35:11,3629.85,27510
2021-06-21 09:35:16,3629.85,27510
2021-06-21 09:35:21,3627.85,27530
2021-06-21 09:35:25,3627.8,27536
2021-06-21 09:35:30,3629.0,27541
2021-06-21 09:35:34,3629.85,27566
2021-06-21 09:35:38,3629.85,27578
2021-06-21 09:35:43,3629.6,27580
2021-06-21 09:35:47,3629.6,27619
2021-06-21 09:35:52,3629.75,27660
2021-06-21 09:35:56,3629.0,27735
2021-06-21 09:36:01,3629.0,27740
2021-06-21 09:36:05,3629.0,27744
2021-06-21 09:36:10,3629.0,27749
2021-06-21 09:36:14,3629.0,27801
2021-06-21 09:36:19,3629.0,28305
2021-06-21 09:36:23,3625.65,29233
2021-06-21 09:36:28,3629.0,29352
2021-06-21 09:36:32,3630.25,29402
2021-06-21 09:36:36,3630.25,29402
2021-06-21 09:36:46,3628.45,29468
2021-06-21 09:36:50,3626.0,29484
2021-06-21 09:36:54,3628.3,29487
2021-06-21 09:36:59,3626.4,30120
2021-06-21 09:37:04,3626.0,30325
2021-06-21 09:37:08,3626.0,30330
2021-06-21 09:37:13,3623.8,30380
2021-06-21 09:37:17,3625.8,30450
2021-06-21 09:37:21,3624.0,30500
2021-06-21 09:37:26,3624.0,30530
2021-06-21 09:37:34,3623.0,30580
2021-06-21 09:37:38,3623.0,30639
2021-06-21 09:37:43,3623.05,30687
2021-06-21 09:37:51,3623.05,31056
2021-06-21 09:37:55,3624.0,31136
2021-06-21 09:38:00,3625.0,31406
2021-06-21 09:38:04,3626.0,31456
2021-06-21 09:38:09,3628.25,31457
2021-06-21 09:38:14,3625.85,31476
2021-06-21 09:38:18,3625.75,31507
2021-06-21 09:38:22,3625.75,31507
2021-06-21 09:38:27,3627.75,31539
2021-06-21 09:38:31,3627.75,31620
2021-06-21 09:38:36,3629.0,31643
2021-06-21 09:38:40,3628.6,31644
2021-06-21 09:38:44,3628.6,31644
2021-06-21 09:38:48,3628.6,31645
2021-06-21 09:38:52,3627.4,31646
2021-06-21 09:38:57,3631.95,32138
2021-06-21 09:39:01,3633.0,32222
2021-06-21 09:39:05,3634.0,32287
2021-06-21 09:39:09,3634.0,32307
2021-06-21 09:39:13,3632.35,32340
2021-06-21 09:39:22,3633.05,32372
2021-06-21 09:39:27,3631.8,32423
2021-06-21 09:39:31,3632.25,32649
2021-06-21 09:39:36,3632.2,32689
2021-06-21 09:39:40,3632.2,32689
2021-06-21 09:39:44,3632.2,32689
2021-06-21 09:39:48,3634.0,32742
2021-06-21 09:39:52,3634.0,32742
2021-06-21 09:39:56,3634.0,32742
2021-06-21 09:40:00,3631.75,32772
2021-06-21 09:40:05,3633.95,32778
2021-06-21 09:40:09,3633.95,32778
2021-06-21 09:40:13,3633.9,32782
2021-06-21 09:40:18,3633.85,32793
2021-06-21 09:40:22,3633.85,32820
2021-06-21 09:40:26,3633.85,32820
2021-06-21 09:40:30,3631.7,32886
2021-06-21 09:40:35,3633.75,32942
2021-06-21 09:40:39,3633.0,32945
2021-06-21 09:40:43,3631.7,32962
2021-06-21 09:40:47,3633.0,32984
2021-06-21 09:40:52,3631.7,33087
2021-06-21 09:40:56,3633.0,33137
2021-06-21 09:41:00,3631.7,33138
2021-06-21 09:41:04,3631.7,33145
2021-06-21 09:41:08,3633.0,33155
2021-06-21 09:41:13,3630.7,33251
2021-06-21 09:41:17,3630.05,33390
2021-06-21 09:41:21,3632.35,33406
2021-06-21 09:41:26,3632.35,33406
2021-06-21 09:41:30,3630.2,33490
2021-06-21 09:41:38,3632.2,33496
2021-06-21 09:41:42,3632.2,33496
2021-06-21 09:41:46,3630.5,33504
2021-06-21 09:41:50,3630.5,33544
2021-06-21 09:41:54,3630.5,33550
2021-06-21 09:41:58,3630.0,33605
2021-06-21 09:42:02,3630.8,33665
2021-06-21 09:42:11,3632.95,33688
2021-06-21 09:42:18,3632.9,34025
2021-06-21 09:42:22,3632.1,34639
2021-06-21 09:42:26,3632.1,34648
2021-06-21 09:42:30,3634.35,34656
2021-06-21 09:42:34,3631.7,34657
2021-06-21 09:42:38,3632.1,34661
2021-06-21 09:42:47,3632.1,34798
2021-06-21 09:42:51,3632.1,34798
2021-06-21 09:42:55,3632.5,34808
2021-06-21 09:42:59,3632.5,34869
2021-06-21 09:43:03,3632.5,34869
2021-06-21 09:43:07,3630.75,34935
2021-06-21 09:43:10,3632.0,34953
2021-06-21 09:43:14,3630.6,35026
2021-06-21 09:43:17,3632.4,35033
2021-06-21 09:43:21,3630.5,35138
2021-06-21 09:43:25,3630.5,35138
2021-06-21 09:43:29,3632.85,35204
2021-06-21 09:43:33,3632.8,35206
2021-06-21 09:43:37,3632.95,35215
2021-06-21 09:43:45,3632.9,35225
2021-06-21 09:43:49,3632.95,35226
2021-06-21 09:43:53,3633.0,35277
2021-06-21 09:44:01,3632.95,35289
2021-06-21 09:44:05,3632.85,35313
2021-06-21 09:44:09,3632.85,35313
2021-06-21 09:44:13,3632.85,35315
2021-06-21 09:44:17,3632.0,35321
2021-06-21 09:44:21,3632.5,35433
2021-06-21 09:44:25,3632.0,35436
2021-06-21 09:44:30,3630.0,35473
2021-06-21 09:44:34,3631.95,35598
2021-06-21 09:44:39,3628.95,35601
2021-06-21 09:44:43,3629.8,35648
2021-06-21 09:44:48,3629.0,35679
2021-06-21 09:44:52,3630.2,35789
2021-06-21 09:44:56,3627.9,35799
2021-06-21 09:45:00,3630.25,35850
2021-06-21 09:45:08,3628.1,35871
2021-06-21 09:45:12,3630.9,35876
2021-06-21 09:45:16,3630.9,35876
2021-06-21 09:45:20,3630.0,35880
2021-06-21 09:45:25,3630.0,35893
2021-06-21 09:45:29,3628.05,35955
2021-06-21 09:45:33,3630.0,36056
2021-06-21 09:45:38,3630.0,36058
2021-06-21 09:45:42,3630.0,36068
2021-06-21 09:45:46,3628.3,36152
2021-06-21 09:45:50,3628.3,36152
2021-06-21 09:45:54,3628.3,36152
2021-06-21 09:45:58,3630.0,36191
2021-06-21 09:46:02,3628.3,36204
2021-06-21 09:46:06,3630.0,36214
2021-06-21 09:46:15,3630.4,36237
2021-06-21 09:46:19,3628.7,36293
2021-06-21 09:46:23,3628.0,36303
2021-06-21 09:46:27,3630.0,36329
2021-06-21 09:46:31,3630.2,36330
2021-06-21 09:46:35,3630.1,36335
2021-06-21 09:46:39,3630.6,36338
2021-06-21 09:46:44,3630.6,36338
2021-06-21 09:46:48,3630.6,36338
2021-06-21 09:46:56,3630.0,36415
2021-06-21 09:46:59,3630.0,36544
2021-06-21 09:47:03,3630.0,36544
2021-06-21 09:47:06,3629.95,36574
2021-06-21 09:47:14,3629.95,36631
2021-06-21 09:47:17,3630.0,36659
2021-06-21 09:47:21,3627.45,36668
2021-06-21 09:47:25,3627.45,36668
2021-06-21 09:47:29,3627.45,36668
2021-06-21 09:47:34,3627.45,36669
2021-06-21 09:47:37,3629.65,36683
2021-06-21 09:47:41,3627.5,36704
2021-06-21 09:47:45,3627.5,36704
2021-06-21 09:47:49,3629.5,36728
2021-06-21 09:47:53,3627.55,36730
2021-06-21 09:47:57,3627.35,36749
2021-06-21 09:48:01,3626.0,36877
2021-06-21 09:48:05,3626.0,36877
2021-06-21 09:48:09,3626.1,36915
2021-06-21 09:48:13,3626.1,36929
2021-06-21 09:48:21,3627.0,36936
2021-06-21 09:48:25,3626.0,36973
2021-06-21 09:48:29,3626.0,36978
2021-06-21 09:48:33,3627.0,36995
2021-06-21 09:48:37,3627.0,37092
2021-06-21 09:48:40,3627.0,37112
2021-06-21 09:48:44,3627.0,37209
2021-06-21 09:48:48,3627.0,37209
2021-06-21 09:48:52,3627.0,37209
2021-06-21 09:48:55,3627.0,37210
2021-06-21 09:48:59,3627.0,37260
2021-06-21 09:49:03,3628.9,37319
2021-06-21 09:49:10,3628.9,37327
2021-06-21 09:49:14,3628.9,37330
2021-06-21 09:49:18,3629.4,37370
2021-06-21 09:49:22,3629.4,37370
2021-06-21 09:49:26,3629.35,37398
2021-06-21 09:49:30,3629.2,37403
2021-06-21 09:49:33,3629.0,37407
2021-06-21 09:49:37,3627.0,37408
2021-06-21 09:49:42,3628.95,37428
2021-06-21 09:49:46,3628.95,37433
2021-06-21 09:49:50,3627.05,37440
2021-06-21 09:49:54,3628.9,37444
2021-06-21 09:49:58,3627.05,37446
2021-06-21 09:50:01,3627.05,37446
2021-06-21 09:50:05,3627.05,37446
2021-06-21 09:50:09,3627.0,37462
2021-06-21 09:50:13,3628.4,37589
2021-06-21 09:50:17,3629.4,37715
2021-06-21 09:50:21,3627.2,37725
2021-06-21 09:50:29,3627.15,37766
2021-06-21 09:50:33,3629.15,37786
2021-06-21 09:50:37,3629.1,37787
2021-06-21 09:50:41,3629.1,37787
2021-06-21 09:50:45,3627.0,37857
2021-06-21 09:50:48,3628.85,37864
2021-06-21 09:50:53,3628.85,37864
2021-06-21 09:50:57,3629.4,38106
2021-06-21 09:51:01,3629.5,38117
2021-06-21 09:51:05,3629.5,38121
2021-06-21 09:51:09,3629.5,38125
2021-06-21 09:51:13,3627.8,38140
2021-06-21 09:51:17,3627.7,38149
2021-06-21 09:51:20,3627.7,38149
2021-06-21 09:51:24,3627.75,38166
2021-06-21 09:51:32,3629.35,38189
2021-06-21 09:51:36,3629.35,38190
2021-06-21 09:51:40,3627.75,38192
2021-06-21 09:51:44,3627.05,38214
2021-06-21 09:51:48,3627.75,38226
2021-06-21 09:51:52,3627.75,38232
2021-06-21 09:51:56,3627.75,38232
2021-06-21 09:52:00,3627.75,38234
2021-06-21 09:52:12,3627.65,38428
2021-06-21 09:52:16,3626.4,38429
2021-06-21 09:52:20,3627.75,38436
2021-06-21 09:52:25,3628.15,38536
2021-06-21 09:52:29,3628.55,38537
2021-06-21 09:52:33,3628.55,38537
2021-06-21 09:52:37,3626.15,38563
2021-06-21 09:52:41,3628.4,38570
2021-06-21 09:52:45,3628.45,38631
2021-06-21 09:52:48,3626.7,38646
2021-06-21 09:52:52,3628.35,38655
2021-06-21 09:52:56,3628.25,38709
2021-06-21 09:53:04,3628.35,38742
2021-06-21 09:53:08,3628.35,38743
2021-06-21 09:53:11,3628.35,38752
2021-06-21 09:53:15,3629.4,38953
2021-06-21 09:53:19,3629.35,38968
2021-06-21 09:53:23,3629.3,38981
2021-06-21 09:53:27,3629.3,38981
2021-06-21 09:53:34,3628.0,39003
2021-06-21 09:53:38,3628.0,39003
2021-06-21 09:53:43,3628.0,39003
2021-06-21 09:53:46,3628.0,39003
2021-06-21 09:53:50,3628.0,39003
2021-06-21 09:53:54,3628.0,39003
2021-06-21 09:53:58,3628.8,39058
2021-06-21 09:54:01,3628.75,39085
2021-06-21 09:54:05,3628.75,39118
2021-06-21 09:54:08,3628.75,39118
2021-06-21 09:54:12,3628.75,39118
2021-06-21 09:54:17,3628.5,39186
2021-06-21 09:54:21,3626.3,39226
2021-06-21 09:54:25,3628.0,39229
2021-06-21 09:54:28,3626.0,39250
2021-06-21 09:54:32,3626.0,39370
2021-06-21 09:54:36,3626.0,39378
2021-06-21 09:54:40,3627.45,39389
2021-06-21 09:54:44,3625.85,39441
2021-06-21 09:54:48,3627.5,39443
2021-06-21 09:54:52,3627.55,39555
2021-06-21 09:54:56,3625.35,39579
2021-06-21 09:55:00,3625.35,39605
2021-06-21 09:55:07,3627.0,39664
2021-06-21 09:55:11,3627.0,39669
2021-06-21 09:55:15,3627.0,39669
2021-06-21 09:55:19,3628.0,39670
2021-06-21 09:55:23,3627.0,39673
2021-06-21 09:55:28,3628.95,39759
2021-06-21 09:55:32,3629.0,39765
2021-06-21 09:55:36,3629.0,39786
2021-06-21 09:55:40,3627.7,39830
2021-06-21 09:55:44,3627.05,39836
2021-06-21 09:55:48,3627.4,39918
2021-06-21 09:55:52,3627.4,39928
2021-06-21 09:55:56,3627.4,39931
2021-06-21 09:56:00,3627.4,39971
2021-06-21 09:56:04,3627.05,39977
2021-06-21 09:56:12,3627.85,40017
2021-06-21 09:56:15,3627.85,40017
2021-06-21 09:56:19,3628.35,40021
2021-06-21 09:56:34,3628.35,40032
2021-06-21 09:56:38,3628.35,40032
2021-06-21 09:56:41,3628.4,40033
2021-06-21 09:56:45,3628.8,40168
2021-06-21 09:56:49,3628.25,40171
2021-06-21 09:56:53,3628.5,40215
2021-06-21 09:56:57,3628.5,40215
2021-06-21 09:57:01,3628.0,40220
2021-06-21 09:57:08,3628.5,40221
2021-06-21 09:57:12,3628.85,40267
2021-06-21 09:57:15,3632.0,40415
2021-06-21 09:57:19,3631.65,40416
2021-06-21 09:57:22,3631.7,40418
2021-06-21 09:57:26,3631.6,40438
2021-06-21 09:57:30,3633.0,40551
2021-06-21 09:57:34,3633.0,40551
2021-06-21 09:57:38,3634.0,40553
2021-06-21 09:57:45,3634.0,40564
2021-06-21 09:57:49,3634.0,40611
2021-06-21 09:57:53,3635.5,41089
2021-06-21 09:57:56,3634.3,41469
2021-06-21 09:58:00,3636.0,41497
2021-06-21 09:58:04,3635.5,41722
2021-06-21 09:58:12,3636.0,41803
2021-06-21 09:58:15,3636.0,41843
2021-06-21 09:58:19,3636.0,41948
2021-06-21 09:58:24,3635.7,42319
2021-06-21 09:58:28,3638.4,42398
2021-06-21 09:58:36,3637.75,42445
2021-06-21 09:58:40,3638.15,42481
2021-06-21 09:58:48,3637.0,42523
2021-06-21 09:58:51,3637.0,42523
2021-06-21 09:58:55,3639.0,42648
2021-06-21 09:58:58,3639.0,42648
2021-06-21 09:59:05,3638.85,42695
2021-06-21 09:59:10,3638.85,42695
2021-06-21 09:59:13,3638.75,42717
2021-06-21 09:59:17,3636.0,42918
2021-06-21 09:59:21,3636.0,42918
2021-06-21 09:59:24,3636.0,42928
2021-06-21 09:59:28,3636.0,42934
2021-06-21 09:59:31,3636.4,43015
2021-06-21 09:59:38,3636.4,43015
2021-06-21 09:59:42,3636.4,43015
2021-06-21 09:59:46,3635.0,43025
2021-06-21 09:59:50,3636.0,43028
2021-06-21 09:59:53,3636.0,43044
2021-06-21 09:59:57,3636.4,43105
2021-06-21 10:00:01,3636.4,43105
2021-06-21 10:00:08,3637.7,43321
2021-06-21 10:00:12,3637.6,43371
2021-06-21 10:00:16,3636.0,43394
2021-06-21 10:00:19,3636.0,43395
2021-06-21 10:00:23,3636.0,43417
2021-06-21 10:00:26,3636.0,43417
2021-06-21 10:00:30,3636.0,43447
2021-06-21 10:00:34,3636.2,43450
2021-06-21 10:00:37,3635.0,43470
2021-06-21 10:00:41,3636.4,43471
2021-06-21 10:00:45,3636.4,43503
2021-06-21 10:00:49,3635.1,43506
2021-06-21 10:00:53,3635.1,43506
2021-06-21 10:00:57,3636.6,43583
2021-06-21 10:01:01,3637.0,43594
2021-06-21 10:01:05,3637.0,43594
2021-06-21 10:01:09,3635.55,43601
2021-06-21 10:01:12,3637.0,43603
2021-06-21 10:01:16,3637.0,43603
2021-06-21 10:01:20,3637.0,43603
2021-06-21 10:01:24,3637.0,43603
2021-06-21 10:01:28,3637.0,43604
2021-06-21 10:01:32,3635.1,43654
2021-06-21 10:01:35,3635.4,43661
2021-06-21 10:01:39,3635.0,43676
2021-06-21 10:01:42,3635.0,43676
2021-06-21 10:01:46,3635.0,43676
2021-06-21 10:01:50,3635.35,43679
2021-06-21 10:01:53,3635.0,43685
2021-06-21 10:01:57,3635.35,43687
2021-06-21 10:02:00,3635.35,43728
2021-06-21 10:02:04,3635.0,43743
2021-06-21 10:02:08,3635.4,43767
2021-06-21 10:02:12,3635.7,43777
2021-06-21 10:02:19,3635.35,43781
2021-06-21 10:02:23,3635.35,43783
2021-06-21 10:02:27,3635.35,43783
2021-06-21 10:02:30,3635.35,43783
2021-06-21 10:02:34,3635.35,43786
2021-06-21 10:02:38,3635.35,43786
2021-06-21 10:02:41,3635.7,43795
2021-06-21 10:02:45,3635.2,43813
2021-06-21 10:02:48,3635.2,43818
2021-06-21 10:02:52,3635.7,43832
2021-06-21 10:02:56,3635.95,43960
2021-06-21 10:02:59,3635.85,43965
2021-06-21 10:03:03,3635.35,43966
2021-06-21 10:03:07,3635.0,43975
2021-06-21 10:03:11,3635.0,43975
2021-06-21 10:03:14,3635.0,44085
2021-06-21 10:03:18,3635.0,44085
2021-06-21 10:03:21,3635.65,44221
2021-06-21 10:03:25,3635.4,44226
2021-06-21 10:03:28,3635.4,44226
2021-06-21 10:03:32,3635.4,44226
2021-06-21 10:03:35,3635.4,44226
2021-06-21 10:03:38,3635.4,44226
2021-06-21 10:03:42,3635.4,44226
2021-06-21 10:03:45,3635.4,44227
2021-06-21 10:03:48,3635.4,44227
2021-06-21 10:03:51,3635.4,44227
2021-06-21 10:03:55,3635.4,44281
2021-06-21 10:03:58,3635.4,44282
2021-06-21 10:04:02,3635.4,44286
2021-06-21 10:04:05,3635.4,44288
2021-06-21 10:04:09,3633.3,44291
2021-06-21 10:04:12,3634.35,44309
2021-06-21 10:04:15,3633.2,44322
2021-06-21 10:04:18,3633.25,44343
2021-06-21 10:04:22,3633.25,44351
2021-06-21 10:04:26,3634.35,44354
2021-06-21 10:04:29,3632.55,44406
2021-06-21 10:04:32,3633.75,44408
2021-06-21 10:04:36,3633.75,44408
2021-06-21 10:04:39,3631.1,44578
2021-06-21 10:04:43,3631.25,44603
2021-06-21 10:04:46,3631.25,44616
2021-06-21 10:04:50,3631.45,44685
2021-06-21 10:04:53,3630.5,44701
2021-06-21 10:04:57,3631.25,44709
2021-06-21 10:05:00,3631.25,44709
2021-06-21 10:05:03,3631.0,44710
2021-06-21 10:05:07,3631.0,44710
2021-06-21 10:05:10,3630.5,44731
2021-06-21 10:05:13,3630.25,44736
2021-06-21 10:05:16,3631.0,44847
2021-06-21 10:05:20,3630.0,44860
2021-06-21 10:05:24,3630.75,44918
2021-06-21 10:05:27,3631.0,44943
2021-06-21 10:05:34,3630.6,44960
2021-06-21 10:05:38,3630.25,44964
2021-06-21 10:05:44,3630.0,44999
2021-06-21 10:05:48,3630.0,44999
2021-06-21 10:05:51,3629.2,45011
2021-06-21 10:05:54,3629.2,45011
2021-06-21 10:05:57,3629.2,45011
2021-06-21 10:06:01,3629.2,45021
2021-06-21 10:06:04,3629.2,45052
2021-06-21 10:06:08,3629.2,45052
2021-06-21 10:06:15,3629.2,45084
2021-06-21 10:06:19,3629.2,45084
2021-06-21 10:06:22,3629.6,45096
2021-06-21 10:06:25,3629.6,45096
2021-06-21 10:06:29,3629.6,45096
2021-06-21 10:06:33,3629.6,45106
2021-06-21 10:06:36,3629.6,45106
2021-06-21 10:06:39,3629.6,45106
2021-06-21 10:06:43,3629.6,45106
2021-06-21 10:06:49,3626.6,45369
2021-06-21 10:06:52,3627.35,45384
2021-06-21 10:06:55,3629.3,45417
2021-06-21 10:06:58,3629.3,45417
2021-06-21 10:07:01,3629.3,45417
2021-06-21 10:07:04,3627.35,45422
2021-06-21 10:07:07,3627.35,45422
2021-06-21 10:07:10,3627.35,45422
2021-06-21 10:07:13,3628.35,45427
2021-06-21 10:07:16,3626.9,45482
2021-06-21 10:07:19,3626.9,45484
2021-06-21 10:07:22,3626.9,45484
2021-06-21 10:07:25,3626.9,45485
2021-06-21 10:07:31,3627.35,45492
2021-06-21 10:07:35,3629.15,45591
2021-06-21 10:07:38,3627.05,45670
2021-06-21 10:07:42,3629.2,45682
2021-06-21 10:07:46,3627.7,45688
2021-06-21 10:07:49,3627.35,45698
2021-06-21 10:07:52,3627.3,45709
2021-06-21 10:07:55,3627.3,45709
2021-06-21 10:07:59,3629.55,45713
2021-06-21 10:08:02,3629.55,45763
2021-06-21 10:08:05,3629.95,45827
2021-06-21 10:08:08,3629.95,45827
2021-06-21 10:08:11,3629.4,45835
2021-06-21 10:08:15,3629.4,45835
2021-06-21 10:08:18,3629.4,45835
2021-06-21 10:08:22,3629.4,45835
2021-06-21 10:08:25,3627.95,45856
2021-06-21 10:08:28,3627.95,45856
2021-06-21 10:08:31,3627.95,45856
2021-06-21 10:08:35,3627.95,45856
2021-06-21 10:08:38,3627.95,45856
2021-06-21 10:08:41,3629.5,45860
2021-06-21 10:08:45,3629.0,45875
2021-06-21 10:08:48,3630.0,45876
2021-06-21 10:08:51,3630.0,45898
2021-06-21 10:08:54,3629.0,45900
2021-06-21 10:08:58,3629.0,45902
2021-06-21 10:09:01,3629.0,45902
2021-06-21 10:09:05,3629.0,45904
2021-06-21 10:09:08,3629.0,45904
2021-06-21 10:09:12,3629.0,45904
2021-06-21 10:09:15,3629.5,45923
2021-06-21 10:09:18,3629.5,45925
2021-06-21 10:09:21,3629.5,45925
2021-06-21 10:09:24,3629.5,45925
2021-06-21 10:09:27,3629.5,45925
2021-06-21 10:09:30,3629.5,45925
2021-06-21 10:09:33,3629.5,45925
2021-06-21 10:09:37,3629.5,45925
2021-06-21 10:09:43,3627.35,45946
2021-06-21 10:09:46,3628.85,45968
2021-06-21 10:09:53,3628.8,45984
2021-06-21 10:09:56,3628.85,45988
2021-06-21 10:09:59,3628.45,46024
2021-06-21 10:10:03,3628.85,46064
2021-06-21 10:10:06,3627.05,46121
2021-06-21 10:10:09,3627.05,46121
2021-06-21 10:10:13,3628.5,46197
2021-06-21 10:10:16,3628.5,46197
2021-06-21 10:10:19,3629.0,46199
2021-06-21 10:10:23,3629.0,46203
2021-06-21 10:10:26,3629.4,46280
2021-06-21 10:10:29,3629.4,46283
2021-06-21 10:10:33,3629.4,46283
2021-06-21 10:10:36,3629.4,46283
2021-06-21 10:10:39,3629.4,46283
2021-06-21 10:10:42,3629.4,46283
2021-06-21 10:10:45,3627.3,46304
2021-06-21 10:10:48,3627.3,46304
2021-06-21 10:10:51,3627.3,46304
2021-06-21 10:10:54,3627.3,46304
2021-06-21 10:10:57,3627.3,46304
2021-06-21 10:11:01,3627.3,46304
2021-06-21 10:11:06,3628.65,46305
2021-06-21 10:11:10,3628.65,46306
2021-06-21 10:11:13,3628.65,46306
2021-06-21 10:11:16,3628.2,46342
2021-06-21 10:11:19,3628.2,46342
2021-06-21 10:11:22,3627.9,46354
2021-06-21 10:11:25,3627.9,46354
2021-06-21 10:11:28,3627.9,46361
2021-06-21 10:11:31,3627.9,46361
2021-06-21 10:11:34,3628.2,46388
2021-06-21 10:11:37,3628.2,46388
2021-06-21 10:11:41,3627.8,46403
2021-06-21 10:11:44,3627.0,46476
2021-06-21 10:11:47,3628.2,46480
2021-06-21 10:11:50,3628.2,46480
2021-06-21 10:11:53,3627.4,46485
2021-06-21 10:11:56,3627.4,46486
2021-06-21 10:11:59,3628.5,46533
2021-06-21 10:12:02,3628.5,46533
2021-06-21 10:12:05,3628.5,46533
2021-06-21 10:12:09,3627.45,46534
2021-06-21 10:12:12,3627.9,46592
2021-06-21 10:12:16,3627.9,46592
2021-06-21 10:12:19,3627.9,46592
2021-06-21 10:12:22,3627.9,46592
2021-06-21 10:12:26,3628.35,46717
2021-06-21 10:12:29,3628.35,46721
2021-06-21 10:12:33,3628.35,46736
2021-06-21 10:12:36,3628.35,46736
2021-06-21 10:12:39,3628.35,46736
2021-06-21 10:12:42,3628.35,46736
2021-06-21 10:12:45,3627.4,46786
2021-06-21 10:12:48,3627.4,46786
2021-06-21 10:12:55,3627.9,46810
2021-06-21 10:12:58,3627.9,46811
2021-06-21 10:13:01,3627.9,46811
2021-06-21 10:13:04,3627.9,46811
2021-06-21 10:13:07,3627.9,46811
2021-06-21 10:13:10,3627.9,46815
2021-06-21 10:13:13,3627.9,46875
2021-06-21 10:13:15,3627.0,47116
2021-06-21 10:13:19,3627.65,47136
2021-06-21 10:13:22,3627.5,47160
2021-06-21 10:13:25,3627.5,47160
2021-06-21 10:13:29,3627.5,47161
2021-06-21 10:13:32,3627.5,47162
2021-06-21 10:13:36,3627.5,47163
2021-06-21 10:13:39,3625.7,47220
2021-06-21 10:13:45,3625.35,47379
2021-06-21 10:13:48,3625.35,47442
2021-06-21 10:13:52,3625.35,47442
2021-06-21 10:13:55,3625.35,47442
2021-06-21 10:13:57,3624.55,48199
2021-06-21 10:14:00,3623.0,48357
2021-06-21 10:14:04,3624.6,48557
2021-06-21 10:14:08,3622.75,48582
2021-06-21 10:14:11,3624.45,48592
2021-06-21 10:14:14,3624.45,48602
2021-06-21 10:14:18,3622.1,48627
2021-06-21 10:14:22,3622.0,48653
2021-06-21 10:14:25,3622.0,48660
2021-06-21 10:14:28,3622.0,48660
2021-06-21 10:14:31,3622.0,48661
2021-06-21 10:14:34,3622.0,48661
2021-06-21 10:14:37,3622.0,48661
2021-06-21 10:14:40,3623.0,48711
2021-06-21 10:14:42,3622.0,48851
2021-06-21 10:14:46,3622.0,48851
2021-06-21 10:14:49,3621.2,49443
2021-06-21 10:14:52,3620.75,49474
2021-06-21 10:14:55,3618.9,49624
2021-06-21 10:14:58,3618.8,49675
2021-06-21 10:15:02,3616.55,49679
2021-06-21 10:15:05,3616.15,49687
2021-06-21 10:15:08,3617.1,49706
2021-06-21 10:15:12,3617.1,49706
2021-06-21 10:15:16,3618.0,49795
2021-06-21 10:15:19,3618.0,49795
2021-06-21 10:15:22,3616.5,49819
2021-06-21 10:15:28,3615.0,50003
2021-06-21 10:15:31,3616.45,50021
2021-06-21 10:15:35,3614.0,50337
2021-06-21 10:15:38,3614.0,50432
2021-06-21 10:15:41,3616.35,50443
2021-06-21 10:15:44,3614.0,50637
2021-06-21 10:15:47,3615.6,50755
2021-06-21 10:15:50,3615.75,50903
2021-06-21 10:15:53,3615.75,50937
2021-06-21 10:15:56,3615.7,50947
2021-06-21 10:15:59,3616.0,50988
2021-06-21 10:16:03,3616.0,51024
2021-06-21 10:16:06,3616.0,51142
2021-06-21 10:16:09,3617.35,51152
2021-06-21 10:16:12,3616.8,51193
2021-06-21 10:16:15,3614.75,51247
2021-06-21 10:16:18,3614.25,51252
2021-06-21 10:16:21,3615.0,51255
2021-06-21 10:16:24,3616.25,51257
2021-06-21 10:16:27,3616.25,51257
2021-06-21 10:16:30,3616.65,51261
2021-06-21 10:16:33,3620.05,51439
2021-06-21 10:16:36,3619.7,51489
2021-06-21 10:16:39,3619.7,51489
2021-06-21 10:16:42,3620.15,51549
2021-06-21 10:16:45,3617.55,51551
2021-06-21 10:16:48,3617.55,51551
2021-06-21 10:16:51,3617.55,51551
2021-06-21 10:16:54,3617.55,51551
2021-06-21 10:16:55,3617.55,51551
2021-06-21 10:16:55,3617.55,51551
2021-06-21 10:16:56,3620.25,51556
2021-06-21 10:16:58,3620.25,51558
2021-06-21 10:16:59,3620.25,51558
2021-06-21 10:17:00,3620.25,51558
2021-06-21 10:17:01,3617.9,51568
2021-06-21 10:17:03,3620.0,51571
2021-06-21 10:17:04,3620.0,51571
2021-06-21 10:17:05,3620.0,51571
2021-06-21 10:17:06,3620.0,51571
2021-06-21 10:17:08,3620.0,51571
2021-06-21 10:17:09,3620.0,51571
2021-06-21 10:17:10,3620.0,51571
2021-06-21 10:17:11,3620.0,51571
2021-06-21 10:17:12,3618.95,51575
2021-06-21 10:17:13,3618.95,51575
2021-06-21 10:17:13,3617.8,51588
2021-06-21 10:17:14,3619.35,51590
2021-06-21 10:17:15,3619.35,51590
2021-06-21 10:17:16,3619.35,51590
2021-06-21 10:17:17,3619.35,51591
2021-06-21 10:17:18,3619.35,51591
2021-06-21 10:17:19,3619.35,51591
2021-06-21 10:17:20,3619.35,51591
2021-06-21 10:17:21,3619.35,51591
2021-06-21 10:17:22,3619.35,51591
2021-06-21 10:17:24,3619.35,51593
2021-06-21 10:17:26,3619.35,51593
2021-06-21 10:17:27,3619.35,51593
2021-06-21 10:17:28,3619.35,51593
2021-06-21 10:17:29,3619.65,51613
2021-06-21 10:17:30,3619.65,51613
2021-06-21 10:17:31,3619.65,51613
2021-06-21 10:17:32,3619.65,51633
2021-06-21 10:17:33,3619.65,51633
2021-06-21 10:17:34,3619.65,51633
2021-06-21 10:17:35,3620.0,51663
2021-06-21 10:17:36,3620.0,51663
2021-06-21 10:17:37,3620.0,51663
2021-06-21 10:17:38,3620.0,51663
2021-06-21 10:17:39,3620.0,51663
2021-06-21 10:17:40,3620.0,51663
2021-06-21 10:17:42,3620.0,51663
2021-06-21 10:17:42,3620.0,51663
2021-06-21 10:17:44,3620.0,51663
2021-06-21 10:17:45,3620.0,51663
2021-06-21 10:17:46,3619.35,51673
2021-06-21 10:17:47,3619.5,51676
2021-06-21 10:17:48,3619.5,51676
2021-06-21 10:17:49,3619.5,51676
2021-06-21 10:17:49,3619.5,51676
2021-06-21 10:17:50,3619.5,51676
2021-06-21 10:17:52,3620.4,51686
2021-06-21 10:17:52,3620.4,51686
2021-06-21 10:17:53,3620.4,51686
2021-06-21 10:17:55,3620.4,51686
2021-06-21 10:17:56,3620.4,51686
2021-06-21 10:17:57,3620.4,51686
2021-06-21 10:17:58,3620.4,51686
2021-06-21 10:17:59,3620.4,51686
2021-06-21 10:18:00,3621.45,51896
2021-06-21 10:18:02,3621.45,51896
2021-06-21 10:18:03,3621.45,51896
2021-06-21 10:18:04,3621.45,51896
2021-06-21 10:18:05,3620.4,51897
2021-06-21 10:18:06,3622.0,51912
2021-06-21 10:18:07,3622.0,51912
2021-06-21 10:18:08,3622.0,51914
2021-06-21 10:18:09,3622.0,51916
2021-06-21 10:18:10,3622.0,51916
2021-06-21 10:18:11,3622.0,51916
2021-06-21 10:18:12,3622.0,51916
2021-06-21 10:18:13,3622.0,51923
2021-06-21 10:18:14,3622.0,51923
2021-06-21 10:18:16,3622.0,51923
2021-06-21 10:18:17,3622.0,51923
2021-06-21 10:18:18,3622.0,51923
2021-06-21 10:18:19,3622.0,51925
2021-06-21 10:18:19,3622.0,51925
2021-06-21 10:18:20,3620.75,52026
2021-06-21 10:18:21,3620.75,52026
2021-06-21 10:18:22,3620.75,52026
2021-06-21 10:18:23,3620.75,52026
2021-06-21 10:18:24,3620.75,52026
2021-06-21 10:18:25,3620.7,52039
2021-06-21 10:18:27,3620.7,52039
2021-06-21 10:18:28,3620.7,52039
2021-06-21 10:18:29,3621.0,52040
2021-06-21 10:18:30,3621.0,52050
2021-06-21 10:18:31,3621.0,52050
2021-06-21 10:18:32,3621.0,52061
2021-06-21 10:18:33,3621.4,52076
2021-06-21 10:18:33,3621.4,52076
2021-06-21 10:18:34,3622.0,52086
2021-06-21 10:18:35,3622.0,52086
2021-06-21 10:18:37,3622.0,52086
2021-06-21 10:18:38,3621.1,52096
2021-06-21 10:18:38,3621.1,52175
2021-06-21 10:18:39,3622.0,52179
2021-06-21 10:18:40,3622.0,52229
2021-06-21 10:18:41,3622.0,52229
2021-06-21 10:18:42,3622.0,52229
2021-06-21 10:18:44,3622.0,52229
2021-06-21 10:18:45,3621.0,52237
2021-06-21 10:18:48,3621.0,52237
2021-06-21 10:18:50,3621.0,52237
2021-06-21 10:18:51,3621.0,52237
2021-06-21 10:18:52,3622.1,52248
2021-06-21 10:18:53,3622.1,52248
2021-06-21 10:18:54,3622.1,52248
2021-06-21 10:18:55,3622.1,52248
2021-06-21 10:18:56,3622.1,52248
2021-06-21 10:18:57,3621.05,52250
2021-06-21 10:18:58,3621.05,52250
2021-06-21 10:19:00,3621.05,52250
2021-06-21 10:19:00,3621.05,52250
2021-06-21 10:19:01,3621.05,52250
2021-06-21 10:19:03,3621.05,52250
2021-06-21 10:19:04,3621.05,52252
2021-06-21 10:19:05,3621.15,52253
2021-06-21 10:19:06,3622.35,52268
2021-06-21 10:19:06,3622.35,52268
2021-06-21 10:19:07,3622.35,52268
2021-06-21 10:19:09,3622.35,52268
2021-06-21 10:19:10,3621.2,52466
2021-06-21 10:19:12,3622.2,52506
2021-06-21 10:19:13,3622.2,52506
2021-06-21 10:19:13,3622.2,52506
2021-06-21 10:19:15,3622.2,52506
2021-06-21 10:19:18,3621.5,52507
2021-06-21 10:19:18,3621.5,52507
2021-06-21 10:19:19,3621.5,52507
2021-06-21 10:19:20,3621.5,52507
2021-06-21 10:19:21,3621.5,52507
2021-06-21 10:19:23,3621.5,52518
2021-06-21 10:19:23,3621.5,52519
2021-06-21 10:19:24,3621.5,52519
2021-06-21 10:19:25,3621.5,52520
2021-06-21 10:19:26,3621.5,52521
2021-06-21 10:19:28,3622.5,52523
2021-06-21 10:19:29,3622.5,52523
2021-06-21 10:19:30,3621.9,52542
2021-06-21 10:19:30,3621.9,52542
2021-06-21 10:19:32,3621.9,52542
2021-06-21 10:19:33,3621.9,52542
2021-06-21 10:19:34,3621.9,52542
2021-06-21 10:19:35,3622.5,52547
2021-06-21 10:19:36,3622.0,52555
2021-06-21 10:19:40,3622.9,52663
2021-06-21 10:19:41,3622.9,52663
2021-06-21 10:19:42,3622.9,52663
2021-06-21 10:19:43,3622.05,52664
2021-06-21 10:19:44,3622.05,52665
2021-06-21 10:19:45,3622.05,52665
2021-06-21 10:19:46,3623.7,52666
2021-06-21 10:19:47,3622.0,52686
2021-06-21 10:19:48,3622.0,52686
2021-06-21 10:19:49,3622.0,52686
2021-06-21 10:19:50,3622.0,52686
2021-06-21 10:19:51,3623.7,52703
2021-06-21 10:19:52,3623.7,52703
2021-06-21 10:19:53,3623.3,52706
2021-06-21 10:19:54,3623.3,52706
2021-06-21 10:19:56,3623.3,52706
2021-06-21 10:19:56,3623.3,52706
2021-06-21 10:19:58,3622.9,52707
2021-06-21 10:19:58,3622.9,52707
2021-06-21 10:20:01,3622.9,52707
2021-06-21 10:20:02,3622.9,52707
2021-06-21 10:20:03,3622.9,52707
2021-06-21 10:20:04,3623.25,52717
2021-06-21 10:20:05,3623.9,52798
2021-06-21 10:20:06,3623.3,52799
2021-06-21 10:20:06,3623.3,52799
2021-06-21 10:20:08,3623.3,52799
2021-06-21 10:20:10,3623.3,52801
2021-06-21 10:20:11,3623.3,52803
2021-06-21 10:20:13,3623.3,52803
2021-06-21 10:20:14,3623.3,52803
2021-06-21 10:20:15,3623.3,52803
2021-06-21 10:20:16,3623.3,52803
2021-06-21 10:20:17,3622.95,53064
2021-06-21 10:20:18,3622.95,53064
2021-06-21 10:20:19,3622.95,53064
2021-06-21 10:20:20,3624.7,53068
2021-06-21 10:20:21,3622.35,53146
2021-06-21 10:20:23,3622.35,53146
2021-06-21 10:20:23,3622.35,53146
2021-06-21 10:20:24,3622.35,53146
2021-06-21 10:20:25,3622.35,53146
2021-06-21 10:20:26,3622.35,53146
2021-06-21 10:20:27,3622.35,53156
2021-06-21 10:20:28,3622.35,53156
2021-06-21 10:20:30,3622.35,53158
2021-06-21 10:20:31,3624.0,53179
2021-06-21 10:20:32,3624.15,53187
2021-06-21 10:20:36,3624.15,53187
2021-06-21 10:20:38,3622.35,53235
2021-06-21 10:20:39,3622.35,53235
2021-06-21 10:20:39,3623.0,53236
2021-06-21 10:20:42,3623.0,53236
2021-06-21 10:20:43,3623.0,53236
2021-06-21 10:20:44,3624.1,53256
2021-06-21 10:20:45,3624.1,53256
2021-06-21 10:20:46,3624.1,53256
2021-06-21 10:20:48,3623.0,53257
2021-06-21 10:20:49,3623.0,53257
2021-06-21 10:20:50,3623.0,53257
2021-06-21 10:20:52,3622.1,53264
2021-06-21 10:20:55,3623.0,53267
2021-06-21 10:20:56,3622.1,53268
2021-06-21 10:20:57,3622.1,53268
2021-06-21 10:20:58,3622.1,53268
2021-06-21 10:20:59,3622.1,53268
2021-06-21 10:21:00,3622.1,53268
2021-06-21 10:21:01,3622.1,53268
2021-06-21 10:21:02,3622.1,53268
2021-06-21 10:21:03,3622.1,53268
2021-06-21 10:21:05,3623.0,53288
2021-06-21 10:21:06,3623.0,53288
2021-06-21 10:21:06,3623.0,53290
2021-06-21 10:21:08,3623.0,53290
2021-06-21 10:21:09,3622.1,53324
2021-06-21 10:21:10,3622.1,53324
2021-06-21 10:21:11,3622.0,53326
2021-06-21 10:21:12,3622.0,53326
2021-06-21 10:21:13,3621.05,53341
2021-06-21 10:21:14,3621.1,53342
2021-06-21 10:21:16,3621.3,53555
2021-06-21 10:21:17,3621.3,53555
2021-06-21 10:21:18,3621.3,53555
2021-06-21 10:21:19,3621.3,53555
2021-06-21 10:21:20,3621.3,53560
2021-06-21 10:21:21,3621.3,53560
2021-06-21 10:21:22,3620.4,53562
2021-06-21 10:21:23,3620.4,53563
2021-06-21 10:21:24,3621.25,53666
2021-06-21 10:21:25,3621.25,53676
2021-06-21 10:21:26,3621.25,53676
2021-06-21 10:21:27,3621.25,53676
2021-06-21 10:21:28,3619.25,53714
2021-06-21 10:21:29,3619.25,53714
2021-06-21 10:21:30,3619.25,53714
2021-06-21 10:21:31,3619.95,53719
2021-06-21 10:21:32,3618.35,53729
2021-06-21 10:21:33,3618.35,53730
2021-06-21 10:21:35,3618.35,53730
2021-06-21 10:21:36,3618.35,53730
2021-06-21 10:21:37,3618.35,53733
2021-06-21 10:21:38,3618.35,53733
2021-06-21 10:21:39,3619.15,53745
2021-06-21 10:21:40,3619.15,53745
2021-06-21 10:21:41,3619.95,53800
2021-06-21 10:21:42,3619.95,53800
2021-06-21 10:21:43,3619.95,53800
2021-06-21 10:21:44,3619.95,53800
2021-06-21 10:21:45,3620.0,53811
2021-06-21 10:21:46,3620.0,53811
2021-06-21 10:21:47,3620.0,53811
2021-06-21 10:21:48,3620.0,53821
2021-06-21 10:21:49,3620.0,53821
2021-06-21 10:21:50,3620.0,53821
2021-06-21 10:21:51,3620.0,53821
2021-06-21 10:21:52,3620.0,53821
2021-06-21 10:21:53,3620.0,53823
2021-06-21 10:21:54,3618.0,53824
2021-06-21 10:21:57,3617.75,53831
2021-06-21 10:21:59,3619.7,53832
2021-06-21 10:22:02,3619.6,53834
2021-06-21 10:22:05,3619.6,53834
2021-06-21 10:22:08,3618.0,53836
2021-06-21 10:22:11,3618.7,53838
2021-06-21 10:22:14,3618.0,53856
2021-06-21 10:22:17,3619.35,53860
2021-06-21 10:22:20,3619.35,53861
2021-06-21 10:22:22,3619.35,53911
2021-06-21 10:22:25,3618.0,53912
2021-06-21 10:22:28,3619.4,53917
2021-06-21 10:22:31,3619.4,53922
2021-06-21 10:22:34,3618.0,54006
2021-06-21 10:22:38,3618.0,54006
2021-06-21 10:22:40,3617.75,54045
2021-06-21 10:22:43,3616.0,54055
2021-06-21 10:22:46,3616.0,54076
2021-06-21 10:22:49,3616.0,54102
2021-06-21 10:22:52,3616.4,54214
2021-06-21 10:22:55,3616.4,54218
2021-06-21 10:22:58,3616.05,54221
2021-06-21 10:23:00,3615.4,54292
2021-06-21 10:23:03,3615.4,54292
2021-06-21 10:23:06,3615.55,54296
2021-06-21 10:23:09,3615.55,54296
2021-06-21 10:23:12,3615.8,54300
2021-06-21 10:23:15,3616.2,54364
2021-06-21 10:23:19,3615.95,54395
2021-06-21 10:23:22,3617.8,54403
2021-06-21 10:23:24,3616.05,54423
2021-06-21 10:23:27,3617.95,54429
2021-06-21 10:23:30,3616.2,54468
2021-06-21 10:23:33,3616.2,54470
2021-06-21 10:23:36,3616.2,54470
2021-06-21 10:23:39,3617.95,54471
2021-06-21 10:23:42,3617.1,54476
2021-06-21 10:23:45,3616.25,54492
2021-06-21 10:23:48,3617.5,54508
2021-06-21 10:23:51,3615.95,54549
2021-06-21 10:23:57,3615.9,54557
2021-06-21 10:23:59,3615.9,54557
2021-06-21 10:24:02,3616.05,54559
2021-06-21 10:24:05,3616.05,54559
2021-06-21 10:24:08,3617.8,54561
2021-06-21 10:24:10,3617.8,54561
2021-06-21 10:24:13,3617.8,54561
2021-06-21 10:24:15,3617.3,54578
2021-06-21 10:24:20,3617.3,54579
2021-06-21 10:24:23,3617.3,54580
2021-06-21 10:24:25,3616.0,54607
2021-06-21 10:24:28,3616.05,54610
2021-06-21 10:24:33,3616.05,54610
2021-06-21 10:24:36,3617.3,54611
2021-06-21 10:24:38,3617.3,54611
2021-06-21 10:24:40,3616.7,54612
2021-06-21 10:24:43,3616.7,54612
2021-06-21 10:24:46,3617.0,54634
2021-06-21 10:24:49,3617.0,54634
2021-06-21 10:24:52,3617.0,54634
2021-06-21 10:24:54,3617.0,54634
2021-06-21 10:24:57,3617.0,54634
2021-06-21 10:25:00,3616.1,54636
2021-06-21 10:25:03,3616.1,54737
2021-06-21 10:25:06,3617.45,54837
2021-06-21 10:25:09,3617.45,54837
2021-06-21 10:25:12,3617.45,54837
2021-06-21 10:25:14,3617.45,54837
2021-06-21 10:25:17,3617.45,54837
2021-06-21 10:25:19,3617.45,54838
2021-06-21 10:25:22,3617.45,54838
2021-06-21 10:25:25,3616.5,54843
2021-06-21 10:25:28,3617.45,54844
2021-06-21 10:25:30,3617.45,54844
2021-06-21 10:25:33,3617.45,54844
2021-06-21 10:25:36,3617.45,54844
2021-06-21 10:25:38,3615.0,55054
2021-06-21 10:25:41,3615.0,55054
2021-06-21 10:25:44,3615.0,55054
2021-06-21 10:25:46,3615.7,55115
2021-06-21 10:25:49,3614.45,55122
2021-06-21 10:25:52,3614.45,55122
2021-06-21 10:25:55,3615.0,55125
2021-06-21 10:25:58,3614.45,55136
2021-06-21 10:26:01,3614.95,55346
2021-06-21 10:26:04,3614.95,55346
2021-06-21 10:26:06,3614.95,55346
2021-06-21 10:26:09,3614.95,55346
2021-06-21 10:26:12,3614.95,55346
2021-06-21 10:26:15,3613.2,55432
2021-06-21 10:26:20,3613.2,55432
2021-06-21 10:26:23,3613.2,55432
2021-06-21 10:26:26,3614.7,55433
2021-06-21 10:26:29,3614.7,55433
2021-06-21 10:26:32,3614.7,55433
2021-06-21 10:26:35,3614.7,55433
2021-06-21 10:26:37,3614.7,55433
2021-06-21 10:26:41,3614.75,55500
2021-06-21 10:26:44,3614.75,55517
2021-06-21 10:26:47,3614.7,55531
2021-06-21 10:26:50,3614.7,55531
2021-06-21 10:26:52,3614.7,55580
2021-06-21 10:26:55,3614.75,55585
2021-06-21 10:26:58,3615.1,55738
2021-06-21 10:27:03,3615.5,55788
2021-06-21 10:27:06,3615.65,55792
2021-06-21 10:27:09,3617.45,55793
2021-06-21 10:27:12,3616.55,55794
2021-06-21 10:27:14,3615.35,55812
2021-06-21 10:27:17,3615.45,55827
2021-06-21 10:27:20,3615.45,55827
2021-06-21 10:27:22,3615.45,55827
2021-06-21 10:27:25,3615.45,55827
2021-06-21 10:27:29,3615.45,55827
2021-06-21 10:27:33,3616.95,55834
2021-06-21 10:27:36,3616.95,55837
2021-06-21 10:27:39,3619.1,56136
2021-06-21 10:27:43,3623.45,56138
2021-06-21 10:27:46,3623.45,56142
2021-06-21 10:27:50,3621.65,56152
2021-06-21 10:27:53,3623.75,56158
2021-06-21 10:27:56,3623.75,56158
2021-06-21 10:27:59,3621.95,56159
2021-06-21 10:28:03,3623.0,56171
2021-06-21 10:28:06,3623.0,56172
2021-06-21 10:28:10,3623.0,56220
2021-06-21 10:28:13,3621.85,56222
2021-06-21 10:28:17,3621.1,56223
2021-06-21 10:28:20,3621.1,56223
2021-06-21 10:28:23,3621.5,56230
2021-06-21 10:28:27,3621.85,56234
2021-06-21 10:28:34,3621.85,56244
2021-06-21 10:28:37,3621.85,56245
2021-06-21 10:28:42,3621.7,56263
2021-06-21 10:28:45,3620.0,56273
2021-06-21 10:28:48,3620.0,56273
2021-06-21 10:28:54,3621.45,56274
2021-06-21 10:28:56,3621.45,56274
2021-06-21 10:28:59,3619.15,56302
2021-06-21 10:29:02,3620.5,56304
2021-06-21 10:29:05,3620.5,56304
2021-06-21 10:29:08,3620.5,56304
2021-06-21 10:29:11,3618.25,56305
2021-06-21 10:29:14,3619.0,56315
2021-06-21 10:29:17,3619.0,56315
2021-06-21 10:29:20,3619.6,56429
2021-06-21 10:29:23,3618.45,56441
2021-06-21 10:29:26,3619.6,56443
2021-06-21 10:29:29,3619.6,56443
2021-06-21 10:29:32,3619.6,56446
2021-06-21 10:29:35,3619.6,56448
2021-06-21 10:29:37,3619.6,56448
2021-06-21 10:29:40,3619.6,56448
2021-06-21 10:29:43,3619.3,56463
2021-06-21 10:29:46,3619.0,56467
2021-06-21 10:29:49,3619.0,56467
2021-06-21 10:29:51,3619.0,56467
2021-06-21 10:29:54,3619.4,56472
2021-06-21 10:29:57,3619.4,56484
2021-06-21 10:30:00,3619.4,56488
2021-06-21 10:30:03,3619.4,56488
2021-06-21 10:30:05,3619.4,56597
2021-06-21 10:30:09,3619.4,56597
2021-06-21 10:30:13,3619.6,56598
2021-06-21 10:30:16,3618.35,56600
2021-06-21 10:30:20,3618.35,56600
2021-06-21 10:30:23,3621.25,56910
2021-06-21 10:30:26,3619.05,56930
2021-06-21 10:30:29,3619.05,56930
2021-06-21 10:30:32,3621.15,56933
2021-06-21 10:30:34,3621.15,56934
2021-06-21 10:30:37,3621.15,56934
2021-06-21 10:30:39,3621.15,56934
2021-06-21 10:30:42,3620.1,56944
2021-06-21 10:30:48,3620.35,57070
2021-06-21 10:30:51,3620.35,57070
2021-06-21 10:30:54,3618.45,57120
2021-06-21 10:30:57,3620.35,57124
2021-06-21 10:31:00,3620.35,57124
2021-06-21 10:31:03,3620.35,57124
2021-06-21 10:31:06,3618.5,57132
2021-06-21 10:31:09,3618.5,57142
2021-06-21 10:31:12,3618.75,57204
2021-06-21 10:31:15,3618.75,57204
2021-06-21 10:31:18,3617.75,57259
2021-06-21 10:31:20,3617.75,57259
2021-06-21 10:31:23,3617.75,57259
2021-06-21 10:31:26,3620.55,57270
2021-06-21 10:31:29,3620.55,57270
2021-06-21 10:31:32,3620.55,57270
2021-06-21 10:31:35,3620.55,57270
2021-06-21 10:31:38,3620.85,57280
2021-06-21 10:31:41,3620.85,57280
2021-06-21 10:31:44,3618.8,57301
2021-06-21 10:31:48,3620.15,57303
2021-06-21 10:31:52,3620.15,57305
2021-06-21 10:31:55,3620.15,57307
2021-06-21 10:31:58,3620.15,57307
2021-06-21 10:32:03,3620.75,57432
2021-06-21 10:32:06,3620.75,57433
2021-06-21 10:32:08,3620.75,57433
2021-06-21 10:32:11,3621.1,57458
2021-06-21 10:32:13,3619.15,57477
2021-06-21 10:32:16,3619.15,57477
2021-06-21 10:32:19,3618.85,57478
2021-06-21 10:32:24,3618.85,57478
2021-06-21 10:32:27,3620.95,57481
2021-06-21 10:32:30,3620.95,57481
2021-06-21 10:32:33,3620.95,57481
2021-06-21 10:32:36,3620.95,57481
2021-06-21 10:32:38,3618.85,57516
2021-06-21 10:32:44,3618.85,57536
2021-06-21 10:32:46,3618.85,57536
2021-06-21 10:32:49,3618.85,57536
2021-06-21 10:32:52,3619.6,57537
2021-06-21 10:32:55,3619.6,57537
2021-06-21 10:32:57,3619.6,57537
2021-06-21 10:33:00,3619.6,57537
2021-06-21 10:33:03,3619.6,57539
2021-06-21 10:33:05,3619.6,57555
2021-06-21 10:33:08,3619.6,57555
2021-06-21 10:33:10,3619.6,57555
2021-06-21 10:33:15,3619.0,57558
2021-06-21 10:33:18,3619.5,57565
2021-06-21 10:33:20,3619.55,57570
2021-06-21 10:33:27,3619.55,57571
2021-06-21 10:33:30,3619.55,57571
2021-06-21 10:33:33,3619.55,57576
2021-06-21 10:33:35,3619.55,57601
2021-06-21 10:33:38,3619.6,57602
2021-06-21 10:33:42,3619.0,57603
2021-06-21 10:33:44,3619.0,57603
2021-06-21 10:33:47,3619.0,57603
2021-06-21 10:33:50,3620.0,57719
2021-06-21 10:33:53,3620.0,57719
2021-06-21 10:33:56,3621.0,57721
2021-06-21 10:33:59,3621.0,57721
2021-06-21 10:34:01,3619.6,57723
2021-06-21 10:34:04,3619.6,57723
2021-06-21 10:34:07,3619.6,57723
2021-06-21 10:34:10,3619.6,57723
2021-06-21 10:34:12,3620.3,57726
2021-06-21 10:34:15,3620.7,57745
2021-06-21 10:34:18,3620.7,57746
2021-06-21 10:34:20,3620.7,57746
2021-06-21 10:34:23,3620.7,57750
2021-06-21 10:34:26,3619.6,57755
2021-06-21 10:34:28,3619.6,57755
2021-06-21 10:34:31,3620.7,57758
2021-06-21 10:34:34,3620.7,57760
2021-06-21 10:34:37,3619.6,57771
2021-06-21 10:34:39,3620.15,57781
2021-06-21 10:34:42,3620.15,57785
2021-06-21 10:34:44,3620.7,57804
2021-06-21 10:34:47,3620.55,57880
2021-06-21 10:34:50,3621.5,57944
2021-06-21 10:34:52,3622.65,57978
2021-06-21 10:34:55,3622.75,57992
2021-06-21 10:34:58,3622.75,58005
2021-06-21 10:35:00,3622.7,58012
2021-06-21 10:35:06,3622.7,58019
2021-06-21 10:35:09,3622.7,58112
2021-06-21 10:35:12,3623.0,58133
2021-06-21 10:35:16,3623.0,58138
2021-06-21 10:35:19,3621.3,58173
2021-06-21 10:35:23,3621.3,58173
2021-06-21 10:35:26,3621.3,58173
2021-06-21 10:35:29,3622.95,58198
2021-06-21 10:35:32,3623.15,58282
2021-06-21 10:35:34,3622.65,58285
2021-06-21 10:35:37,3622.8,58297
2021-06-21 10:35:40,3621.2,58307
2021-06-21 10:35:43,3622.85,58308
2021-06-21 10:35:46,3622.85,58310
2021-06-21 10:35:48,3622.85,58310
2021-06-21 10:35:51,3622.85,58319
2021-06-21 10:35:53,3622.85,58319
2021-06-21 10:35:56,3622.85,58319
2021-06-21 10:35:59,3622.85,58319
2021-06-21 10:36:01,3623.0,58408
2021-06-21 10:36:04,3622.85,58409
2021-06-21 10:36:07,3622.85,58411
2021-06-21 10:36:10,3623.15,58419
2021-06-21 10:36:13,3623.15,58435
2021-06-21 10:36:16,3623.15,58435
2021-06-21 10:36:19,3623.15,58435
2021-06-21 10:36:22,3623.15,58435
2021-06-21 10:36:24,3623.15,58459
2021-06-21 10:36:27,3622.0,58483
2021-06-21 10:36:30,3622.0,58483
2021-06-21 10:36:33,3623.15,58503
2021-06-21 10:36:36,3623.15,58504
2021-06-21 10:36:40,3623.15,58504
2021-06-21 10:36:43,3622.6,58505
2021-06-21 10:36:49,3622.6,58585
2021-06-21 10:36:52,3621.25,58626
2021-06-21 10:36:55,3621.25,58632
2021-06-21 10:36:58,3621.25,58714
2021-06-21 10:37:04,3621.95,58718
2021-06-21 10:37:07,3621.95,58744
2021-06-21 10:37:11,3620.9,58807
2021-06-21 10:37:17,3620.25,59031
2021-06-21 10:37:20,3618.85,59053
2021-06-21 10:37:23,3618.85,59053
2021-06-21 10:37:26,3618.0,59065
2021-06-21 10:37:29,3616.25,59418
2021-06-21 10:37:31,3618.25,59422
2021-06-21 10:37:34,3616.3,59424
2021-06-21 10:37:37,3618.2,59454
2021-06-21 10:37:40,3618.2,59454
2021-06-21 10:37:43,3617.2,59455
2021-06-21 10:37:45,3617.2,59473
2021-06-21 10:37:48,3616.0,59475
2021-06-21 10:37:51,3616.0,59475
2021-06-21 10:37:54,3616.0,59475
2021-06-21 10:37:57,3616.0,59475
2021-06-21 10:38:01,3617.2,59484
2021-06-21 10:38:04,3617.2,59484
2021-06-21 10:38:07,3617.2,59500
2021-06-21 10:38:10,3616.0,59551
2021-06-21 10:38:13,3617.1,59554
2021-06-21 10:38:16,3617.1,59573
2021-06-21 10:38:18,3617.2,59575
2021-06-21 10:38:21,3617.1,59779
2021-06-21 10:38:23,3617.15,59790
2021-06-21 10:38:26,3615.15,59818
2021-06-21 10:38:29,3615.15,59833
2021-06-21 10:38:32,3616.0,59834
2021-06-21 10:38:35,3616.0,59849
2021-06-21 10:38:37,3616.0,59849
2021-06-21 10:38:40,3616.0,59849
2021-06-21 10:38:43,3616.0,59849
2021-06-21 10:38:45,3614.5,60106
2021-06-21 10:38:48,3614.5,60106
2021-06-21 10:38:51,3613.05,60160
2021-06-21 10:38:53,3614.45,60190
2021-06-21 10:38:56,3614.45,60190
2021-06-21 10:38:59,3614.45,60190
2021-06-21 10:39:02,3614.45,60190
2021-06-21 10:39:05,3612.5,60205
2021-06-21 10:39:08,3612.5,60205
2021-06-21 10:39:10,3612.5,60205
2021-06-21 10:39:13,3612.5,60223
2021-06-21 10:39:16,3611.0,60555
2021-06-21 10:39:19,3611.0,60577
2021-06-21 10:39:22,3616.35,61023
2021-06-21 10:39:25,3616.45,61223
2021-06-21 10:39:28,3616.45,61223
2021-06-21 10:39:31,3616.45,61223
2021-06-21 10:39:34,3615.3,61235
2021-06-21 10:39:37,3615.3,61235
2021-06-21 10:39:40,3615.3,61235
2021-06-21 10:39:43,3616.15,61246
2021-06-21 10:39:46,3614.65,61251
2021-06-21 10:39:49,3614.65,61251
2021-06-21 10:39:52,3614.65,61251
2021-06-21 10:39:55,3616.4,61252
2021-06-21 10:39:58,3614.6,61288
2021-06-21 10:40:02,3616.5,61291
2021-06-21 10:40:05,3616.5,61311
2021-06-21 10:40:08,3616.45,61313
2021-06-21 10:40:11,3616.1,61914
2021-06-21 10:40:14,3616.1,61914
2021-06-21 10:40:17,3618.1,61919
2021-06-21 10:40:20,3618.1,61919
2021-06-21 10:40:23,3618.1,61920
2021-06-21 10:40:25,3616.1,61941
2021-06-21 10:40:28,3616.1,61941
2021-06-21 10:40:33,3618.0,61944
2021-06-21 10:40:36,3618.4,61985
2021-06-21 10:40:39,3618.4,61985
2021-06-21 10:40:41,3618.4,61985
2021-06-21 10:40:43,3618.45,61986
2021-06-21 10:40:46,3618.4,62005
2021-06-21 10:40:48,3618.4,62005
2021-06-21 10:40:50,3618.4,62005
2021-06-21 10:40:52,3618.4,62005
2021-06-21 10:40:54,3618.85,62008
2021-06-21 10:40:57,3618.85,62008
2021-06-21 10:41:00,3618.85,62008
2021-06-21 10:41:03,3618.85,62008
2021-06-21 10:41:06,3618.85,62008
2021-06-21 10:41:09,3618.85,62008
2021-06-21 10:41:12,3618.85,62008
2021-06-21 10:41:15,3616.4,62022
2021-06-21 10:41:18,3615.75,62042
2021-06-21 10:41:21,3616.4,62046
2021-06-21 10:41:23,3616.8,62047
2021-06-21 10:41:26,3618.85,62259
2021-06-21 10:41:28,3620.0,62367
2021-06-21 10:41:31,3621.0,62372
2021-06-21 10:41:34,3621.0,62372
2021-06-21 10:41:36,3621.0,62372
2021-06-21 10:41:38,3621.0,62372
2021-06-21 10:41:40,3621.0,62372
2021-06-21 10:41:43,3623.0,62464
2021-06-21 10:41:47,3623.0,62464
2021-06-21 10:41:50,3623.0,62471
2021-06-21 10:41:53,3623.0,62471
2021-06-21 10:41:55,3623.0,62671
2021-06-21 10:41:58,3623.0,62671
2021-06-21 10:42:00,3623.0,62671
2021-06-21 10:42:03,3623.0,62673
2021-06-21 10:42:06,3620.7,62674
2021-06-21 10:42:09,3621.85,62676
2021-06-21 10:42:12,3621.85,62676
2021-06-21 10:42:15,3620.4,62694
2021-06-21 10:42:17,3620.4,62694
2021-06-21 10:42:20,3620.75,62695
2021-06-21 10:42:23,3621.1,62726
2021-06-21 10:42:25,3621.1,62726
2021-06-21 10:42:27,3621.1,62726
2021-06-21 10:42:30,3621.45,62735
2021-06-21 10:42:32,3621.45,62738
2021-06-21 10:42:35,3621.45,62738
2021-06-21 10:42:38,3621.45,62757
2021-06-21 10:42:41,3619.1,62774
2021-06-21 10:42:43,3619.1,62774
2021-06-21 10:42:46,3618.75,62782
2021-06-21 10:42:49,3618.75,62782
2021-06-21 10:42:51,3620.45,62784
2021-06-21 10:42:54,3620.45,62784
2021-06-21 10:42:57,3620.45,62784
2021-06-21 10:42:59,3618.95,62797
2021-06-21 10:43:02,3620.5,62799
2021-06-21 10:43:04,3618.85,62835
2021-06-21 10:43:07,3620.45,62843
2021-06-21 10:43:09,3619.6,62849
2021-06-21 10:43:12,3618.5,62872
2021-06-21 10:43:16,3618.5,62884
2021-06-21 10:43:18,3618.55,62886
2021-06-21 10:43:21,3618.55,62886
2021-06-21 10:43:23,3618.05,62891
2021-06-21 10:43:26,3618.05,62891
2021-06-21 10:43:29,3618.55,62895
2021-06-21 10:43:31,3618.55,62895
2021-06-21 10:43:33,3618.55,62898
2021-06-21 10:43:36,3618.55,62915
2021-06-21 10:43:38,3618.55,62915
2021-06-21 10:43:41,3617.85,62918
2021-06-21 10:43:43,3617.85,62918
2021-06-21 10:43:46,3616.4,62930
2021-06-21 10:43:48,3616.4,62957
2021-06-21 10:43:51,3616.4,63004
2021-06-21 10:43:54,3616.4,63004
2021-06-21 10:43:57,3616.4,63004
2021-06-21 10:44:00,3616.4,63004
2021-06-21 10:44:03,3616.6,63037
2021-06-21 10:44:06,3616.6,63038
2021-06-21 10:44:09,3617.0,63046
2021-06-21 10:44:12,3617.0,63050
2021-06-21 10:44:16,3617.0,63081
2021-06-21 10:44:19,3617.9,63153
2021-06-21 10:44:21,3617.9,63153
2021-06-21 10:44:24,3617.85,63156
2021-06-21 10:44:27,3617.85,63156
2021-06-21 10:44:29,3616.3,63161
2021-06-21 10:44:32,3617.85,63164
2021-06-21 10:44:35,3617.85,63171
2021-06-21 10:44:38,3617.85,63175
2021-06-21 10:44:40,3617.85,63175
2021-06-21 10:44:43,3618.7,63228
2021-06-21 10:44:46,3618.7,63243
2021-06-21 10:44:48,3618.65,63276
2021-06-21 10:44:51,3618.65,63276
2021-06-21 10:44:53,3618.65,63276
2021-06-21 10:44:56,3618.95,63280
2021-06-21 10:44:59,3618.95,63284
2021-06-21 10:45:02,3618.95,63284
2021-06-21 10:45:05,3618.95,63284
2021-06-21 10:45:08,3618.95,63287
2021-06-21 10:45:11,3619.05,63334
2021-06-21 10:45:14,3619.05,63338
2021-06-21 10:45:16,3619.05,63338
2021-06-21 10:45:19,3619.05,63338
2021-06-21 10:45:21,3619.05,63338
2021-06-21 10:45:27,3619.35,63345
2021-06-21 10:45:30,3619.35,63349
2021-06-21 10:45:33,3619.35,63354
2021-06-21 10:45:35,3619.35,63358
2021-06-21 10:45:38,3619.35,63360
2021-06-21 10:45:40,3618.45,63363
2021-06-21 10:45:43,3618.45,63367
2021-06-21 10:45:46,3618.85,63385
2021-06-21 10:45:49,3618.85,63399
2021-06-21 10:45:52,3618.85,63399
2021-06-21 10:45:55,3618.0,63405
2021-06-21 10:45:57,3618.85,63408
2021-06-21 10:46:00,3618.85,63411
2021-06-21 10:46:02,3618.85,63438
2021-06-21 10:46:05,3619.25,63484
2021-06-21 10:46:08,3619.25,63499
2021-06-21 10:46:11,3618.0,63514
2021-06-21 10:46:14,3619.65,63539
2021-06-21 10:46:16,3619.65,63555
2021-06-21 10:46:19,3620.0,63660
2021-06-21 10:46:21,3620.0,63667
2021-06-21 10:46:24,3620.0,63670
2021-06-21 10:46:27,3620.0,63671
2021-06-21 10:46:30,3620.0,63671
2021-06-21 10:46:33,3620.0,63672
2021-06-21 10:46:36,3619.0,63677
2021-06-21 10:46:39,3619.5,63688
2021-06-21 10:46:42,3619.5,63691
2021-06-21 10:46:44,3619.0,63721
2021-06-21 10:46:47,3619.0,63731
2021-06-21 10:46:50,3620.0,63734
2021-06-21 10:46:53,3620.0,63734
2021-06-21 10:46:54,3620.0,63734
2021-06-21 10:46:54,3619.0,63740
2021-06-21 10:46:55,3619.0,63740
2021-06-21 10:46:56,3620.0,63744
2021-06-21 10:46:58,3620.0,63744
2021-06-21 10:47:00,3620.0,63744
2021-06-21 10:47:04,3620.0,63744
2021-06-21 10:47:04,3620.0,63744
2021-06-21 10:47:05,3619.0,63765
2021-06-21 10:47:06,3619.0,63765
2021-06-21 10:47:08,3619.0,63765
2021-06-21 10:47:08,3619.0,63765
2021-06-21 10:47:09,3619.0,63765
2021-06-21 10:47:10,3619.0,63765
2021-06-21 10:47:14,3619.0,63786
2021-06-21 10:47:17,3619.0,63786
2021-06-21 10:47:18,3619.0,63786
2021-06-21 10:47:21,3619.0,63786
2021-06-21 10:47:22,3619.0,63786
2021-06-21 10:47:23,3619.85,63789
2021-06-21 10:47:24,3619.0,63801
2021-06-21 10:47:25,3619.0,63801
2021-06-21 10:47:28,3619.0,63801
2021-06-21 10:47:29,3619.0,63801
2021-06-21 10:47:30,3619.0,63802
2021-06-21 10:47:31,3619.0,63804
2021-06-21 10:47:33,3619.0,63805
2021-06-21 10:47:34,3619.0,63806
2021-06-21 10:47:35,3619.0,63806
2021-06-21 10:47:37,3619.0,63806
2021-06-21 10:47:39,3619.0,63806
2021-06-21 10:47:39,3619.0,63806
2021-06-21 10:47:40,3618.5,63809
2021-06-21 10:47:41,3618.5,63809
2021-06-21 10:47:42,3618.5,63809
2021-06-21 10:47:45,3618.5,63824
2021-06-21 10:47:46,3618.5,63824
2021-06-21 10:47:47,3618.5,63827
2021-06-21 10:47:47,3618.5,63827
2021-06-21 10:47:48,3618.5,63842
2021-06-21 10:47:50,3618.5,63842
2021-06-21 10:47:51,3618.5,63845
2021-06-21 10:47:51,3618.5,63845
2021-06-21 10:47:52,3618.5,63859
2021-06-21 10:47:53,3618.5,63859
2021-06-21 10:47:54,3618.5,63859
2021-06-21 10:47:55,3618.5,63859
2021-06-21 10:47:58,3618.5,63859
2021-06-21 10:47:58,3618.5,63859
2021-06-21 10:47:59,3617.15,63879
2021-06-21 10:48:01,3617.15,63879
2021-06-21 10:48:03,3618.5,63880
2021-06-21 10:48:04,3618.5,63880
2021-06-21 10:48:05,3618.5,63898
2021-06-21 10:48:06,3618.5,63899
2021-06-21 10:48:07,3618.5,63902
2021-06-21 10:48:08,3618.5,63902
2021-06-21 10:48:08,3617.0,64363
2021-06-21 10:48:09,3617.0,64363
2021-06-21 10:48:10,3617.85,64366
2021-06-21 10:48:11,3617.85,64371
2021-06-21 10:48:12,3617.0,64380
2021-06-21 10:48:13,3616.1,64390
2021-06-21 10:48:14,3616.1,64390
2021-06-21 10:48:15,3617.0,64391
2021-06-21 10:48:16,3616.1,64399
2021-06-21 10:48:18,3616.1,64400
2021-06-21 10:48:18,3616.1,64400
2021-06-21 10:48:19,3616.1,64400
2021-06-21 10:48:21,3616.1,64400
2021-06-21 10:48:22,3616.1,64400
2021-06-21 10:48:23,3617.1,64401
2021-06-21 10:48:24,3617.1,64404
2021-06-21 10:48:24,3617.1,64404
2021-06-21 10:48:25,3617.1,64407
2021-06-21 10:48:26,3617.1,64408
2021-06-21 10:48:27,3617.1,64408
2021-06-21 10:48:28,3617.1,64415
2021-06-21 10:48:29,3617.1,64416
2021-06-21 10:48:30,3617.1,64421
2021-06-21 10:48:33,3617.1,64421
2021-06-21 10:48:34,3617.1,64421
2021-06-21 10:48:35,3617.1,64421
2021-06-21 10:48:37,3616.1,64430
2021-06-21 10:48:38,3616.1,64430
2021-06-21 10:48:39,3616.6,64438
2021-06-21 10:48:40,3616.6,64441
2021-06-21 10:48:41,3616.6,64441
2021-06-21 10:48:42,3616.6,64441
2021-06-21 10:48:43,3616.6,64441
2021-06-21 10:48:43,3616.1,64459
2021-06-21 10:48:44,3616.1,64459
2021-06-21 10:48:45,3616.1,64459
2021-06-21 10:48:46,3616.1,64459
2021-06-21 10:48:48,3615.55,64479
2021-06-21 10:48:49,3615.55,64479
2021-06-21 10:48:50,3616.6,64482
2021-06-21 10:48:52,3616.6,64490
2021-06-21 10:48:53,3616.6,64490
2021-06-21 10:48:53,3616.6,64493
2021-06-21 10:48:56,3616.6,64493
2021-06-21 10:48:57,3616.5,64495
2021-06-21 10:48:59,3616.5,64497
2021-06-21 10:48:59,3616.5,64497
2021-06-21 10:49:00,3616.5,64497
2021-06-21 10:49:04,3616.5,64498
2021-06-21 10:49:05,3616.5,64502
2021-06-21 10:49:06,3616.0,64512
2021-06-21 10:49:07,3616.0,64512
2021-06-21 10:49:08,3616.5,64515
2021-06-21 10:49:09,3616.5,64515
2021-06-21 10:49:10,3616.5,64515
2021-06-21 10:49:13,3616.5,64515
2021-06-21 10:49:14,3615.1,64516
2021-06-21 10:49:15,3615.1,64516
2021-06-21 10:49:16,3615.1,64516
2021-06-21 10:49:17,3615.1,64521
2021-06-21 10:49:18,3615.1,64524
2021-06-21 10:49:19,3615.1,64527
2021-06-21 10:49:20,3615.1,64527
2021-06-21 10:49:21,3615.0,64540
2021-06-21 10:49:22,3615.1,64547
2021-06-21 10:49:24,3615.1,64553
2021-06-21 10:49:24,3615.1,64557
2021-06-21 10:49:25,3615.1,64557
2021-06-21 10:49:26,3615.1,64557
2021-06-21 10:49:27,3615.1,64563
2021-06-21 10:49:30,3615.1,64563
2021-06-21 10:49:30,3615.1,64563
2021-06-21 10:49:31,3615.1,64563
2021-06-21 10:49:33,3615.1,64566
2021-06-21 10:49:34,3615.1,64566
2021-06-21 10:49:35,3615.1,64572
2021-06-21 10:49:37,3615.1,64572
2021-06-21 10:49:38,3615.1,64572
2021-06-21 10:49:39,3615.0,64600
2021-06-21 10:49:40,3615.0,64600
2021-06-21 10:49:41,3615.1,64607
2021-06-21 10:49:42,3615.5,64753
2021-06-21 10:49:42,3615.5,64753
2021-06-21 10:49:43,3618.3,64953
2021-06-21 10:49:44,3618.3,64953
2021-06-21 10:49:45,3618.25,64957
2021-06-21 10:49:46,3618.25,64957
2021-06-21 10:49:48,3618.3,64970
2021-06-21 10:49:50,3618.3,64970
2021-06-21 10:49:51,3618.2,65032
2021-06-21 10:49:52,3618.2,65032
2021-06-21 10:49:53,3618.2,65032
2021-06-21 10:49:55,3618.2,65032
2021-06-21 10:49:56,3618.2,65035
2021-06-21 10:49:57,3618.2,65035
2021-06-21 10:49:58,3618.2,65040
2021-06-21 10:49:59,3618.2,65043
2021-06-21 10:50:01,3618.2,65050
2021-06-21 10:50:02,3618.2,65050
2021-06-21 10:50:03,3618.0,65053
2021-06-21 10:50:04,3618.0,65053
2021-06-21 10:50:05,3618.0,65053
2021-06-21 10:50:06,3618.0,65054
2021-06-21 10:50:07,3618.0,65058
2021-06-21 10:50:08,3618.0,65058
2021-06-21 10:50:08,3618.0,65058
2021-06-21 10:50:09,3617.05,65062
2021-06-21 10:50:11,3617.05,65062
2021-06-21 10:50:12,3617.05,65063
2021-06-21 10:50:13,3617.05,65063
2021-06-21 10:50:14,3617.35,65101
2021-06-21 10:50:15,3615.7,65103
2021-06-21 10:50:16,3615.7,65103
2021-06-21 10:50:21,3615.65,65132
2021-06-21 10:50:22,3615.65,65132
2021-06-21 10:50:23,3615.65,65132
2021-06-21 10:50:24,3617.4,65136
2021-06-21 10:50:25,3617.4,65137
2021-06-21 10:50:26,3617.4,65137
2021-06-21 10:50:27,3617.4,65138
2021-06-21 10:50:29,3617.4,65138
2021-06-21 10:50:30,3617.4,65138
2021-06-21 10:50:31,3615.8,65152
2021-06-21 10:50:33,3615.8,65152
2021-06-21 10:50:34,3615.8,65153
2021-06-21 10:50:35,3617.4,65167
2021-06-21 10:50:36,3617.4,65167
2021-06-21 10:50:38,3617.45,65170
2021-06-21 10:50:39,3617.45,65170
2021-06-21 10:50:40,3617.5,65173
2021-06-21 10:50:41,3617.5,65173
2021-06-21 10:50:42,3617.0,65178
2021-06-21 10:50:43,3617.0,65178
2021-06-21 10:50:44,3617.0,65178
2021-06-21 10:50:45,3617.0,65178
2021-06-21 10:50:46,3617.0,65178
2021-06-21 10:50:49,3618.4,65316
2021-06-21 10:50:49,3618.4,65316
2021-06-21 10:50:50,3618.4,65316
2021-06-21 10:50:51,3618.4,65316
2021-06-21 10:50:52,3619.0,65323
2021-06-21 10:50:56,3619.0,65323
2021-06-21 10:50:57,3619.0,65323
2021-06-21 10:50:58,3619.0,65326
2021-06-21 10:50:59,3619.0,65326
2021-06-21 10:51:00,3619.0,65326
2021-06-21 10:51:01,3619.3,65328
2021-06-21 10:51:02,3619.3,65328
2021-06-21 10:51:02,3618.9,65338
2021-06-21 10:51:04,3618.9,65338
2021-06-21 10:51:06,3618.9,65343
2021-06-21 10:51:07,3619.0,65354
2021-06-21 10:51:07,3619.0,65354
2021-06-21 10:51:09,3619.2,65374
2021-06-21 10:51:10,3619.2,65374
2021-06-21 10:51:11,3619.2,65374
2021-06-21 10:51:12,3619.2,65374
2021-06-21 10:51:14,3619.2,65388
2021-06-21 10:51:16,3619.2,65388
2021-06-21 10:51:18,3619.2,65388
2021-06-21 10:51:19,3619.2,65388
2021-06-21 10:51:20,3619.2,65391
2021-06-21 10:51:21,3619.4,65400
2021-06-21 10:51:22,3619.4,65401
2021-06-21 10:51:23,3619.4,65401
2021-06-21 10:51:24,3619.4,65401
2021-06-21 10:51:25,3619.4,65404
2021-06-21 10:51:26,3619.4,65404
2021-06-21 10:51:28,3619.4,65404
2021-06-21 10:51:29,3619.4,65407
2021-06-21 10:51:30,3619.4,65407
2021-06-21 10:51:32,3619.4,65407
2021-06-21 10:51:33,3619.35,65417
2021-06-21 10:51:33,3619.4,65420
2021-06-21 10:51:34,3617.55,65422
2021-06-21 10:51:36,3617.55,65422
2021-06-21 10:51:37,3617.55,65422
2021-06-21 10:51:37,3619.4,65426
2021-06-21 10:51:38,3619.4,65429
2021-06-21 10:51:39,3619.4,65429
2021-06-21 10:51:41,3617.5,65439
2021-06-21 10:51:42,3618.45,65444
2021-06-21 10:51:43,3618.45,65445
2021-06-21 10:51:44,3617.5,65453
2021-06-21 10:51:45,3617.5,65453
2021-06-21 10:51:46,3617.5,65453
2021-06-21 10:51:47,3617.5,65453
2021-06-21 10:51:48,3617.5,65453
2021-06-21 10:51:49,3617.5,65453
2021-06-21 10:51:50,3617.5,65459
2021-06-21 10:51:51,3617.5,65459
2021-06-21 10:51:52,3617.5,65459
2021-06-21 10:51:53,3617.5,65459
2021-06-21 10:51:54,3617.5,65459
2021-06-21 10:51:56,3617.6,65463
2021-06-21 10:51:59,3617.6,65463
2021-06-21 10:52:01,3617.6,65463
2021-06-21 10:52:04,3617.6,65463
2021-06-21 10:52:06,3617.6,65463
2021-06-21 10:52:09,3616.2,65519
2021-06-21 10:52:11,3616.2,65519
2021-06-21 10:52:14,3616.2,65537
2021-06-21 10:52:16,3616.2,65537
2021-06-21 10:52:18,3616.2,65537
2021-06-21 10:52:21,3618.0,65567
2021-06-21 10:52:25,3618.15,65698
2021-06-21 10:52:28,3618.55,65862
2021-06-21 10:52:30,3618.85,65864
2021-06-21 10:52:33,3618.85,65864
2021-06-21 10:52:35,3618.85,65865
2021-06-21 10:52:37,3618.85,65867
2021-06-21 10:52:40,3618.85,65867
2021-06-21 10:52:43,3617.8,65870
2021-06-21 10:52:45,3617.0,65914
2021-06-21 10:52:48,3617.0,65914
2021-06-21 10:52:50,3617.0,65914
2021-06-21 10:52:52,3617.0,65914
2021-06-21 10:52:55,3618.2,65915
2021-06-21 10:52:57,3618.2,65915
2021-06-21 10:53:00,3617.0,65916
2021-06-21 10:53:02,3618.2,65924
2021-06-21 10:53:05,3618.2,65927
2021-06-21 10:53:08,3618.2,65927
2021-06-21 10:53:10,3618.2,65927
2021-06-21 10:53:12,3618.2,65927
2021-06-21 10:53:15,3617.0,65956
2021-06-21 10:53:17,3617.9,65960
2021-06-21 10:53:19,3617.9,65960
2021-06-21 10:53:22,3617.9,65960
2021-06-21 10:53:25,3617.9,65960
2021-06-21 10:53:27,3617.9,65960
2021-06-21 10:53:30,3617.0,65965
2021-06-21 10:53:32,3617.9,65966
2021-06-21 10:53:35,3617.9,65966
2021-06-21 10:53:37,3617.9,65966
2021-06-21 10:53:40,3618.4,66052
2021-06-21 10:53:43,3618.4,66052
2021-06-21 10:53:45,3618.7,66059
2021-06-21 10:53:47,3618.7,66059
2021-06-21 10:53:49,3618.7,66059
2021-06-21 10:53:53,3619.05,66062
2021-06-21 10:53:55,3619.05,66062
2021-06-21 10:53:58,3619.05,66062
2021-06-21 10:54:01,3619.0,66066
2021-06-21 10:54:03,3619.0,66066
2021-06-21 10:54:06,3619.0,66066
2021-06-21 10:54:08,3619.0,66066
2021-06-21 10:54:10,3619.0,66066
2021-06-21 10:54:13,3618.0,66068
2021-06-21 10:54:15,3617.5,66086
2021-06-21 10:54:18,3617.5,66086
2021-06-21 10:54:20,3617.5,66086
2021-06-21 10:54:22,3617.05,66095
2021-06-21 10:54:24,3618.3,66096
2021-06-21 10:54:27,3618.3,66096
2021-06-21 10:54:32,3618.3,66096
2021-06-21 10:54:34,3618.3,66096
2021-06-21 10:54:38,3618.3,66096
2021-06-21 10:54:41,3617.65,66099
2021-06-21 10:54:43,3617.0,66101
2021-06-21 10:54:46,3618.0,66154
2021-06-21 10:54:49,3618.0,66154
2021-06-21 10:54:52,3617.0,66160
2021-06-21 10:54:55,3617.05,66170
2021-06-21 10:54:58,3617.05,66170
2021-06-21 10:55:01,3617.05,66174
2021-06-21 10:55:04,3618.05,66176
2021-06-21 10:55:07,3618.05,66176
2021-06-21 10:55:10,3618.05,66176
2021-06-21 10:55:12,3618.05,66176
2021-06-21 10:55:15,3617.05,66195
2021-06-21 10:55:17,3617.05,66195
2021-06-21 10:55:19,3617.8,66201
2021-06-21 10:55:22,3617.85,66203
2021-06-21 10:55:25,3617.85,66203
2021-06-21 10:55:30,3617.85,66203
2021-06-21 10:55:33,3617.95,66204
2021-06-21 10:55:35,3617.95,66204
2021-06-21 10:55:38,3617.95,66204
2021-06-21 10:55:40,3617.95,66204
2021-06-21 10:55:43,3617.5,66207
2021-06-21 10:55:45,3617.05,66222
2021-06-21 10:55:47,3617.05,66222
2021-06-21 10:55:50,3617.05,66222
2021-06-21 10:55:53,3617.05,66222
2021-06-21 10:55:55,3617.05,66222
2021-06-21 10:55:58,3617.05,66239
2021-06-21 10:56:00,3617.05,66244
2021-06-21 10:56:03,3617.05,66245
2021-06-21 10:56:07,3617.05,66245
2021-06-21 10:56:10,3617.05,66245
2021-06-21 10:56:12,3617.25,66250
2021-06-21 10:56:15,3616.95,66492
2021-06-21 10:56:17,3615.05,66504
2021-06-21 10:56:20,3616.5,66505
2021-06-21 10:56:23,3616.4,66510
2021-06-21 10:56:25,3615.05,66536
2021-06-21 10:56:28,3616.4,66538
2021-06-21 10:56:31,3616.4,66538
2021-06-21 10:56:33,3616.4,66538
2021-06-21 10:56:36,3616.4,66538
2021-06-21 10:56:38,3616.4,66538
2021-06-21 10:56:40,3616.4,66538
2021-06-21 10:56:42,3616.4,66538
2021-06-21 10:56:45,3615.05,66560
2021-06-21 10:56:48,3615.7,66569
2021-06-21 10:56:50,3615.7,66573
2021-06-21 10:56:52,3615.7,66573
2021-06-21 10:56:55,3615.7,66576
2021-06-21 10:56:57,3615.1,66582
2021-06-21 10:57:00,3615.1,66582
2021-06-21 10:57:02,3616.3,66804
2021-06-21 10:57:05,3616.3,66804
2021-06-21 10:57:07,3616.3,66811
2021-06-21 10:57:09,3616.3,66811
2021-06-21 10:57:12,3616.3,66811
2021-06-21 10:57:14,3615.15,66820
2021-06-21 10:57:17,3615.25,66824
2021-06-21 10:57:19,3616.2,66837
2021-06-21 10:57:22,3616.3,66843
2021-06-21 10:57:25,3616.3,66847
2021-06-21 10:57:27,3616.3,66857
2021-06-21 10:57:29,3616.7,66890
2021-06-21 10:57:31,3615.2,66892
2021-06-21 10:57:33,3616.7,66893
2021-06-21 10:57:35,3615.15,66897
2021-06-21 10:57:37,3616.7,66900
2021-06-21 10:57:39,3616.7,66900
2021-06-21 10:57:41,3616.7,66900
2021-06-21 10:57:43,3615.95,66902
2021-06-21 10:57:46,3615.1,66911
2021-06-21 10:57:48,3616.35,66918
2021-06-21 10:57:50,3616.35,66925
2021-06-21 10:57:52,3615.5,66951
2021-06-21 10:57:55,3616.35,66965
2021-06-21 10:57:57,3616.35,66966
2021-06-21 10:57:59,3616.35,66966
2021-06-21 10:58:02,3616.35,66973
2021-06-21 10:58:05,3615.5,66974
2021-06-21 10:58:07,3616.35,66983
2021-06-21 10:58:09,3616.7,66997
2021-06-21 10:58:12,3617.1,67026
2021-06-21 10:58:15,3617.1,67047
2021-06-21 10:58:18,3617.4,67065
2021-06-21 10:58:20,3617.4,67068
2021-06-21 10:58:23,3617.8,67078
2021-06-21 10:58:26,3617.8,67081
2021-06-21 10:58:28,3617.8,67084
2021-06-21 10:58:31,3615.8,67101
2021-06-21 10:58:33,3617.75,67108
2021-06-21 10:58:36,3617.8,67114
2021-06-21 10:58:38,3617.45,67122
2021-06-21 10:58:41,3615.95,67135
2021-06-21 10:58:43,3617.95,67137
2021-06-21 10:58:45,3617.9,67141
2021-06-21 10:58:47,3617.9,67141
2021-06-21 10:58:49,3615.8,67145
2021-06-21 10:58:51,3615.8,67145
2021-06-21 10:58:53,3617.95,67150
2021-06-21 10:58:56,3617.95,67154
2021-06-21 10:58:58,3617.95,67158
2021-06-21 10:59:00,3617.95,67158
2021-06-21 10:59:03,3617.9,67161
2021-06-21 10:59:05,3617.85,67164
2021-06-21 10:59:07,3617.75,67199
2021-06-21 10:59:10,3617.8,67210
2021-06-21 10:59:12,3616.85,67217
2021-06-21 10:59:15,3616.85,67217
2021-06-21 10:59:17,3615.8,67221
2021-06-21 10:59:19,3615.8,67221
2021-06-21 10:59:21,3615.5,67235
2021-06-21 10:59:28,3617.3,67237
2021-06-21 10:59:31,3615.55,67241
2021-06-21 10:59:34,3617.7,67355
2021-06-21 10:59:37,3617.65,67360
2021-06-21 10:59:39,3617.65,67360
2021-06-21 10:59:42,3617.65,67360
2021-06-21 10:59:44,3617.9,67363
2021-06-21 10:59:47,3617.9,67363
2021-06-21 10:59:50,3621.0,67822
2021-06-21 10:59:52,3621.0,67822
2021-06-21 10:59:55,3621.0,67822
2021-06-21 10:59:57,3618.9,67834
2021-06-21 11:00:00,3618.9,67834
2021-06-21 11:00:02,3620.9,67843
2021-06-21 11:00:06,3621.0,67865
2021-06-21 11:00:09,3620.85,67897
2021-06-21 11:00:12,3620.8,67898
2021-06-21 11:00:15,3620.95,67899
2021-06-21 11:00:18,3620.95,67899
2021-06-21 11:00:21,3620.95,67899
2021-06-21 11:00:24,3619.15,67908
2021-06-21 11:00:26,3620.85,67912
2021-06-21 11:00:29,3618.85,67920
2021-06-21 11:00:31,3620.9,67923
2021-06-21 11:00:34,3619.1,67928
2021-06-21 11:00:36,3620.85,67931
2021-06-21 11:00:38,3620.9,67936
2021-06-21 11:00:41,3618.8,67941
2021-06-21 11:00:44,3618.8,67956
2021-06-21 11:00:47,3620.45,67962
2021-06-21 11:00:50,3620.45,67968
2021-06-21 11:00:53,3618.75,67975
2021-06-21 11:00:56,3618.75,67975
2021-06-21 11:00:59,3619.1,67985
2021-06-21 11:01:02,3619.1,67992
2021-06-21 11:01:06,3619.1,68000
2021-06-21 11:01:10,3619.1,68000
2021-06-21 11:01:13,3618.75,68003
2021-06-21 11:01:16,3618.95,68022
2021-06-21 11:01:19,3618.95,68022
2021-06-21 11:01:22,3618.95,68029
2021-06-21 11:01:25,3619.05,68080
2021-06-21 11:01:27,3619.05,68080
2021-06-21 11:01:30,3619.1,68096
2021-06-21 11:01:33,3619.1,68102
2021-06-21 11:01:36,3619.0,68110
2021-06-21 11:01:39,3619.0,68110
2021-06-21 11:01:41,3618.2,68113
2021-06-21 11:01:45,3617.05,68126
2021-06-21 11:01:51,3618.6,68146
2021-06-21 11:01:54,3618.6,68147
2021-06-21 11:01:55,3618.6,68147
2021-06-21 11:01:58,3618.6,68151
2021-06-21 11:01:59,3618.6,68154
2021-06-21 11:02:00,3618.6,68154
2021-06-21 11:02:01,3618.6,68154
2021-06-21 11:02:04,3618.6,68154
2021-06-21 11:02:05,3618.6,68157
2021-06-21 11:02:06,3617.05,68161
2021-06-21 11:02:07,3617.05,68161
2021-06-21 11:02:09,3617.05,68161
2021-06-21 11:02:09,3617.85,68167
2021-06-21 11:02:10,3617.05,68174
2021-06-21 11:02:11,3617.05,68174
2021-06-21 11:02:12,3617.05,68174
2021-06-21 11:02:14,3617.05,68181
2021-06-21 11:02:15,3617.05,68181
2021-06-21 11:02:16,3617.05,68181
2021-06-21 11:02:17,3617.05,68181
2021-06-21 11:02:18,3618.05,68185
2021-06-21 11:02:19,3618.05,68198
2021-06-21 11:02:20,3618.05,68206
2021-06-21 11:02:22,3618.15,68222
2021-06-21 11:02:23,3618.05,68227
2021-06-21 11:02:23,3618.05,68227
2021-06-21 11:02:28,3615.75,68265
2021-06-21 11:02:28,3615.75,68265
2021-06-21 11:02:30,3618.0,68268
2021-06-21 11:02:32,3618.0,68268
2021-06-21 11:02:33,3618.0,68268
2021-06-21 11:02:34,3618.0,68271
2021-06-21 11:02:35,3618.0,68274
2021-06-21 11:02:36,3615.75,68318
2021-06-21 11:02:37,3615.75,68318
2021-06-21 11:02:39,3615.05,68518
2021-06-21 11:02:40,3615.05,68518
2021-06-21 11:02:41,3615.05,68518
2021-06-21 11:02:42,3615.05,68518
2021-06-21 11:02:43,3616.7,68525
2021-06-21 11:02:44,3615.05,68546
2021-06-21 11:02:46,3615.05,68546
2021-06-21 11:02:47,3615.05,68546
2021-06-21 11:02:48,3616.85,68597
2021-06-21 11:02:49,3616.85,68597
2021-06-21 11:02:51,3617.25,68600
2021-06-21 11:02:52,3617.25,68600
2021-06-21 11:02:53,3617.25,68600
2021-06-21 11:02:53,3617.25,68604
2021-06-21 11:02:54,3617.25,68611
2021-06-21 11:02:56,3617.25,68611
2021-06-21 11:02:57,3617.25,68611
2021-06-21 11:02:58,3617.25,68614
2021-06-21 11:03:01,3617.25,68615
2021-06-21 11:03:03,3617.25,68615
2021-06-21 11:03:04,3617.25,68615
2021-06-21 11:03:04,3617.25,68615
2021-06-21 11:03:05,3617.25,68618
2021-06-21 11:03:06,3617.25,68618
2021-06-21 11:03:07,3617.25,68618
2021-06-21 11:03:08,3617.25,68618
2021-06-21 11:03:09,3616.65,68620
2021-06-21 11:03:10,3616.65,68620
2021-06-21 11:03:11,3616.65,68620
2021-06-21 11:03:12,3616.65,68620
2021-06-21 11:03:13,3616.65,68620
2021-06-21 11:03:15,3616.25,68636
2021-06-21 11:03:16,3616.65,68644
2021-06-21 11:03:17,3618.05,68906
2021-06-21 11:03:18,3620.95,69109
2021-06-21 11:03:19,3620.95,69109
2021-06-21 11:03:19,3620.95,69109
2021-06-21 11:03:20,3620.95,69109
2021-06-21 11:03:22,3620.95,69112
2021-06-21 11:03:23,3620.95,69117
2021-06-21 11:03:24,3620.95,69117
2021-06-21 11:03:25,3618.85,69123
2021-06-21 11:03:26,3620.9,69125
2021-06-21 11:03:27,3620.95,69128
2021-06-21 11:03:28,3620.95,69128
2021-06-21 11:03:29,3620.95,69128
2021-06-21 11:03:30,3620.95,69128
2021-06-21 11:03:31,3620.95,69128
2021-06-21 11:03:32,3620.95,69131
2021-06-21 11:03:33,3620.95,69131
2021-06-21 11:03:34,3620.95,69131
2021-06-21 11:03:35,3620.95,69131
2021-06-21 11:03:36,3620.95,69134
2021-06-21 11:03:37,3620.95,69134
2021-06-21 11:03:39,3621.0,69229
2021-06-21 11:03:39,3621.0,69232
2021-06-21 11:03:41,3620.0,69233
2021-06-21 11:03:42,3619.5,69246
2021-06-21 11:03:42,3619.5,69246
2021-06-21 11:03:44,3619.5,69246
2021-06-21 11:03:45,3619.55,69256
2021-06-21 11:03:47,3620.0,69257
2021-06-21 11:03:48,3619.45,69258
2021-06-21 11:03:49,3619.45,69258
2021-06-21 11:03:50,3619.45,69258
2021-06-21 11:03:51,3621.0,69285
2021-06-21 11:03:52,3621.0,69285
2021-06-21 11:03:53,3621.0,69288
2021-06-21 11:03:54,3621.0,69294
2021-06-21 11:03:54,3621.0,69294
2021-06-21 11:03:56,3621.0,69294
2021-06-21 11:03:57,3621.3,69298
2021-06-21 11:03:58,3621.3,69298
2021-06-21 11:03:59,3621.3,69298
2021-06-21 11:04:01,3621.3,69298
2021-06-21 11:04:04,3621.3,69298
2021-06-21 11:04:06,3621.0,69308
2021-06-21 11:04:07,3621.3,69311
2021-06-21 11:04:08,3621.7,69394
2021-06-21 11:04:09,3621.7,69394
2021-06-21 11:04:10,3621.7,69394
2021-06-21 11:04:11,3621.7,69394
2021-06-21 11:04:12,3622.85,69397
2021-06-21 11:04:13,3622.85,69397
2021-06-21 11:04:14,3621.5,69398
2021-06-21 11:04:16,3621.5,69398
2021-06-21 11:04:17,3621.5,69398
2021-06-21 11:04:18,3623.3,69408
2021-06-21 11:04:19,3623.3,69408
2021-06-21 11:04:20,3623.3,69408
2021-06-21 11:04:21,3623.3,69408
2021-06-21 11:04:22,3623.3,69408
2021-06-21 11:04:23,3623.3,69408
2021-06-21 11:04:24,3623.3,69408
2021-06-21 11:04:25,3623.3,69408
2021-06-21 11:04:26,3624.85,69416
2021-06-21 11:04:27,3624.9,69458
2021-06-21 11:04:28,3624.9,69458
2021-06-21 11:04:29,3625.0,69518
2021-06-21 11:04:30,3625.0,69520
2021-06-21 11:04:31,3625.0,69581
2021-06-21 11:04:32,3625.0,69591
2021-06-21 11:04:33,3625.25,69593
2021-06-21 11:04:34,3625.25,69606
2021-06-21 11:04:35,3625.25,69609
2021-06-21 11:04:36,3625.25,69609
2021-06-21 11:04:37,3625.25,69612
2021-06-21 11:04:38,3625.25,69612
2021-06-21 11:04:39,3625.25,69612
2021-06-21 11:04:40,3625.65,69619
2021-06-21 11:04:41,3625.65,69619
2021-06-21 11:04:42,3625.65,69624
2021-06-21 11:04:43,3626.05,69636
2021-06-21 11:04:44,3626.05,69636
2021-06-21 11:04:45,3626.05,69636
2021-06-21 11:04:46,3626.05,69639
2021-06-21 11:04:47,3626.05,69653
2021-06-21 11:04:48,3626.05,69653
2021-06-21 11:04:49,3626.05,69661
2021-06-21 11:04:50,3627.9,69706
2021-06-21 11:04:51,3627.9,69706
2021-06-21 11:04:52,3627.85,69716
2021-06-21 11:04:53,3627.85,69716
2021-06-21 11:04:54,3627.85,69716
2021-06-21 11:04:55,3627.85,69716
2021-06-21 11:04:56,3627.85,69716
2021-06-21 11:04:58,3627.65,69768
2021-06-21 11:05:00,3627.65,69768
2021-06-21 11:05:01,3628.55,69985
2021-06-21 11:05:02,3628.5,69986
2021-06-21 11:05:04,3628.5,69986
2021-06-21 11:05:05,3625.6,69993
2021-06-21 11:05:06,3625.6,69993
2021-06-21 11:05:08,3625.6,69993
2021-06-21 11:05:09,3625.6,69993
2021-06-21 11:05:10,3628.45,69996
2021-06-21 11:05:11,3628.45,69996
2021-06-21 11:05:12,3628.45,69999
2021-06-21 11:05:13,3628.45,69999
2021-06-21 11:05:14,3628.4,70052
2021-06-21 11:05:15,3628.35,70062
2021-06-21 11:05:16,3628.35,70074
2021-06-21 11:05:17,3628.35,70074
2021-06-21 11:05:18,3628.35,70074
2021-06-21 11:05:19,3628.35,70079
2021-06-21 11:05:20,3628.35,70085
2021-06-21 11:05:21,3625.65,70086
2021-06-21 11:05:22,3625.65,70086
2021-06-21 11:05:23,3628.3,70089
2021-06-21 11:05:24,3628.3,70089
2021-06-21 11:05:26,3628.35,70092
2021-06-21 11:05:25,3628.35,70092
2021-06-21 11:05:27,3628.35,70092
2021-06-21 11:05:28,3628.35,70092
2021-06-21 11:05:29,3626.35,70102
2021-06-21 11:05:30,3626.35,70102
2021-06-21 11:05:31,3626.35,70102
2021-06-21 11:05:32,3628.25,70103
2021-06-21 11:05:33,3628.25,70103
2021-06-21 11:05:34,3628.25,70103
2021-06-21 11:05:35,3628.25,70103
2021-06-21 11:05:36,3628.25,70103
2021-06-21 11:05:38,3628.25,70103
2021-06-21 11:05:39,3628.25,70103
2021-06-21 11:05:41,3628.25,70103
2021-06-21 11:05:42,3628.1,70158
2021-06-21 11:05:43,3628.05,70159
2021-06-21 11:05:45,3628.05,70159
2021-06-21 11:05:48,3627.75,70255
2021-06-21 11:05:47,3627.75,70255
2021-06-21 11:05:49,3627.75,70255
2021-06-21 11:05:50,3627.75,70255
2021-06-21 11:05:51,3627.75,70255
2021-06-21 11:05:52,3627.75,70255
2021-06-21 11:05:53,3627.75,70255
2021-06-21 11:05:56,3627.75,70255
2021-06-21 11:05:58,3627.75,70255
2021-06-21 11:05:57,3627.75,70255
2021-06-21 11:05:59,3627.75,70255
2021-06-21 11:06:00,3627.75,70255
2021-06-21 11:06:03,3625.6,70256
2021-06-21 11:06:04,3627.7,70257
2021-06-21 11:06:06,3627.7,70257
2021-06-21 11:06:07,3627.7,70257
2021-06-21 11:06:08,3627.7,70257
2021-06-21 11:06:09,3626.6,70260
2021-06-21 11:06:10,3626.6,70260
2021-06-21 11:06:11,3626.6,70260
2021-06-21 11:06:12,3626.6,70260
2021-06-21 11:06:13,3626.6,70260
2021-06-21 11:06:14,3625.6,70262
2021-06-21 11:06:15,3625.6,70262
2021-06-21 11:06:16,3625.6,70262
2021-06-21 11:06:17,3625.6,70262
2021-06-21 11:06:18,3625.6,70262
2021-06-21 11:06:21,3625.1,70264
2021-06-21 11:06:23,3625.0,70384
2021-06-21 11:06:23,3625.25,70391
2021-06-21 11:06:24,3625.3,70441
2021-06-21 11:06:25,3624.25,70483
2021-06-21 11:06:26,3624.25,70483
2021-06-21 11:06:27,3624.25,70483
2021-06-21 11:06:28,3623.95,70563
2021-06-21 11:06:29,3623.95,70563
2021-06-21 11:06:30,3623.95,70563
2021-06-21 11:06:31,3623.95,70563
2021-06-21 11:06:32,3623.95,70563
2021-06-21 11:06:34,3623.95,70563
2021-06-21 11:06:34,3623.95,70563
2021-06-21 11:06:35,3623.95,70563
2021-06-21 11:06:36,3624.8,70566
2021-06-21 11:06:37,3624.8,70566
2021-06-21 11:06:38,3624.8,70566
2021-06-21 11:06:39,3623.85,70596
2021-06-21 11:06:40,3623.85,70596
2021-06-21 11:06:41,3623.85,70596
2021-06-21 11:06:42,3623.85,70596
2021-06-21 11:06:43,3623.85,70596
2021-06-21 11:06:45,3623.85,70596
2021-06-21 11:06:46,3623.85,70596
2021-06-21 11:06:47,3623.85,70596
2021-06-21 11:06:48,3623.85,70596
2021-06-21 11:06:50,3623.85,70596
2021-06-21 11:06:50,3623.85,70596
2021-06-21 11:06:52,3622.0,70598
2021-06-21 11:06:53,3622.0,70598
2021-06-21 11:06:55,3622.0,70598
2021-06-21 11:06:55,3622.0,70598
2021-06-21 11:06:56,3623.75,70599
2021-06-21 11:06:57,3623.75,70601
2021-06-21 11:06:58,3623.8,70606
2021-06-21 11:06:59,3623.8,70606
2021-06-21 11:07:00,3623.8,70606
2021-06-21 11:07:02,3623.8,70606
2021-06-21 11:07:03,3623.8,70606
2021-06-21 11:07:04,3623.8,70606
2021-06-21 11:07:05,3623.8,70606
2021-06-21 11:07:06,3623.8,70606
2021-06-21 11:07:06,3623.8,70606
2021-06-21 11:07:07,3623.7,70609
2021-06-21 11:07:08,3623.7,70609
2021-06-21 11:07:09,3622.85,70615
2021-06-21 11:07:11,3622.85,70617
2021-06-21 11:07:11,3622.85,70617
2021-06-21 11:07:12,3622.0,70618
2021-06-21 11:07:13,3622.85,70621
2021-06-21 11:07:14,3623.2,70630
2021-06-21 11:07:15,3623.2,70630
2021-06-21 11:07:16,3623.2,70630
2021-06-21 11:07:17,3623.2,70630
2021-06-21 11:07:18,3623.2,70630
2021-06-21 11:07:19,3623.2,70630
2021-06-21 11:07:20,3623.2,70630
2021-06-21 11:07:21,3623.2,70632
2021-06-21 11:07:22,3623.2,70632
2021-06-21 11:07:23,3623.2,70632
2021-06-21 11:07:24,3623.2,70632
2021-06-21 11:07:25,3623.2,70632
2021-06-21 11:07:27,3623.5,70712
2021-06-21 11:07:28,3623.5,70712
2021-06-21 11:07:29,3623.5,70712
2021-06-21 11:07:30,3623.5,70712
2021-06-21 11:07:31,3623.5,70712
2021-06-21 11:07:32,3623.5,70712
2021-06-21 11:07:35,3623.5,70712
2021-06-21 11:07:39,3623.5,70712
2021-06-21 11:07:39,3623.5,70712
2021-06-21 11:07:40,3623.5,70712
2021-06-21 11:07:42,3623.5,70712
2021-06-21 11:07:43,3623.5,70712
2021-06-21 11:07:44,3622.0,70728
2021-06-21 11:07:46,3622.0,70728
2021-06-21 11:07:47,3622.0,70728
2021-06-21 11:07:48,3622.0,70728
2021-06-21 11:07:49,3622.0,70728
2021-06-21 11:07:52,3622.0,70728
2021-06-21 11:07:53,3622.0,70728
2021-06-21 11:07:54,3622.0,70728
2021-06-21 11:07:55,3622.0,70728
2021-06-21 11:07:57,3623.2,70729
2021-06-21 11:07:57,3623.2,70729
2021-06-21 11:07:58,3623.2,70729
2021-06-21 11:07:59,3623.2,70729
2021-06-21 11:08:01,3623.2,70729
2021-06-21 11:08:01,3623.2,70729
2021-06-21 11:08:02,3623.2,70729
2021-06-21 11:08:03,3623.2,70729
2021-06-21 11:08:04,3623.2,70729
2021-06-21 11:08:06,3623.0,70732
2021-06-21 11:08:07,3623.0,70732
2021-06-21 11:08:08,3623.0,70732
2021-06-21 11:08:08,3622.0,70740
2021-06-21 11:08:09,3622.0,70740
2021-06-21 11:08:10,3622.0,70740
2021-06-21 11:08:11,3622.0,70741
2021-06-21 11:08:12,3622.0,70741
2021-06-21 11:08:13,3622.0,70741
2021-06-21 11:08:14,3621.7,70742
2021-06-21 11:08:16,3621.0,70764
2021-06-21 11:08:17,3621.0,70764
2021-06-21 11:08:18,3621.7,70767
2021-06-21 11:08:21,3621.0,70885
2021-06-21 11:08:22,3621.0,70885
2021-06-21 11:08:23,3621.65,70889
2021-06-21 11:08:24,3621.65,70892
2021-06-21 11:08:25,3621.65,70899
2021-06-21 11:08:26,3621.65,70902
2021-06-21 11:08:27,3620.5,70904
2021-06-21 11:08:28,3620.5,70904
2021-06-21 11:08:30,3620.5,70904
2021-06-21 11:08:34,3621.45,70959
2021-06-21 11:08:35,3621.45,70959
2021-06-21 11:08:39,3620.1,70974
2021-06-21 11:08:40,3620.8,70977
2021-06-21 11:08:40,3620.0,71014
2021-06-21 11:08:41,3620.0,71014
2021-06-21 11:08:43,3620.0,71014
2021-06-21 11:08:44,3618.7,71031
2021-06-21 11:08:45,3620.65,71034
2021-06-21 11:08:45,3620.65,71037
2021-06-21 11:08:47,3620.65,71037
2021-06-21 11:08:48,3620.65,71037
2021-06-21 11:08:49,3618.7,71060
2021-06-21 11:08:50,3620.0,71064
2021-06-21 11:08:50,3620.0,71064
2021-06-21 11:08:52,3620.0,71067
2021-06-21 11:08:53,3620.0,71067
2021-06-21 11:08:54,3620.0,71067
2021-06-21 11:08:54,3620.0,71073
2021-06-21 11:08:55,3620.0,71073
2021-06-21 11:08:56,3620.0,71073
2021-06-21 11:08:58,3620.0,71076
2021-06-21 11:09:00,3620.0,71076
2021-06-21 11:09:01,3620.0,71079
2021-06-21 11:09:02,3620.0,71109
2021-06-21 11:09:03,3620.0,71109
2021-06-21 11:09:04,3620.0,71112
2021-06-21 11:09:04,3620.0,71112
2021-06-21 11:09:05,3620.0,71142
2021-06-21 11:09:07,3620.0,71142
2021-06-21 11:09:08,3620.0,71143
2021-06-21 11:09:09,3618.6,71144
2021-06-21 11:09:09,3618.6,71144
2021-06-21 11:09:10,3618.6,71144
2021-06-21 11:09:11,3619.3,71147
2021-06-21 11:09:12,3619.3,71147
2021-06-21 11:09:13,3618.6,71151
2021-06-21 11:09:14,3618.6,71151
2021-06-21 11:09:16,3619.3,71154
2021-06-21 11:09:17,3618.6,71164
2021-06-21 11:09:18,3618.6,71174
2021-06-21 11:09:19,3618.6,71174
2021-06-21 11:09:23,3618.6,71174
2021-06-21 11:09:24,3618.6,71174
2021-06-21 11:09:25,3619.3,71180
2021-06-21 11:09:27,3619.3,71180
2021-06-21 11:09:28,3617.0,71205
2021-06-21 11:09:29,3619.25,71206
2021-06-21 11:09:30,3619.25,71206
2021-06-21 11:09:32,3619.25,71206
2021-06-21 11:09:34,3617.0,71207
2021-06-21 11:09:36,3617.0,71207
2021-06-21 11:09:38,3617.0,71208
2021-06-21 11:09:38,3617.0,71208
2021-06-21 11:09:39,3617.0,71208
2021-06-21 11:09:40,3617.0,71258
2021-06-21 11:09:42,3617.0,71258
2021-06-21 11:09:43,3617.0,71258
2021-06-21 11:09:44,3617.0,71279
2021-06-21 11:09:45,3617.0,71279
2021-06-21 11:09:46,3617.0,71279
2021-06-21 11:09:46,3618.15,71303
2021-06-21 11:09:48,3618.15,71303
2021-06-21 11:09:49,3618.15,71303
2021-06-21 11:09:51,3617.0,71381
2021-06-21 11:09:51,3617.0,71381
2021-06-21 11:09:52,3617.0,71381
2021-06-21 11:09:53,3617.0,71381
2021-06-21 11:09:55,3617.0,71381
2021-06-21 11:09:55,3617.0,71381
2021-06-21 11:09:59,3617.0,71381
2021-06-21 11:10:00,3617.0,71381
2021-06-21 11:10:01,3617.0,71381
2021-06-21 11:10:02,3617.0,71381
2021-06-21 11:10:03,3617.5,71389
2021-06-21 11:10:04,3616.0,71405
2021-06-21 11:10:04,3616.0,71405
2021-06-21 11:10:05,3616.0,71405
2021-06-21 11:10:06,3617.2,71407
2021-06-21 11:10:08,3617.2,71407
2021-06-21 11:10:09,3617.2,71407
2021-06-21 11:10:10,3615.3,71424
2021-06-21 11:10:11,3616.3,71430
2021-06-21 11:10:12,3615.05,71451
2021-06-21 11:10:14,3615.05,71469
2021-06-21 11:10:14,3615.05,71469
2021-06-21 11:10:15,3615.05,71469
2021-06-21 11:10:16,3615.05,71472
2021-06-21 11:10:19,3615.05,71472
2021-06-21 11:10:20,3615.05,71472
2021-06-21 11:10:20,3615.05,71511
2021-06-21 11:10:22,3615.05,71511
2021-06-21 11:10:23,3615.05,71511
2021-06-21 11:10:24,3616.3,71516
2021-06-21 11:10:25,3615.05,71518
2021-06-21 11:10:26,3615.05,71518
2021-06-21 11:10:27,3615.0,71632
2021-06-21 11:10:27,3616.7,71699
2021-06-21 11:10:28,3616.05,71709
2021-06-21 11:10:29,3616.05,71709
2021-06-21 11:10:30,3616.7,71712
2021-06-21 11:10:31,3616.7,71712
2021-06-21 11:10:32,3616.7,71712
2021-06-21 11:10:33,3616.7,71712
2021-06-21 11:10:35,3616.7,71712
2021-06-21 11:10:36,3616.7,71712
2021-06-21 11:10:37,3616.7,71712
2021-06-21 11:10:38,3616.7,71712
2021-06-21 11:10:39,3616.7,71712
2021-06-21 11:10:40,3616.7,71745
2021-06-21 11:10:41,3616.7,71745
2021-06-21 11:10:42,3616.7,71745
2021-06-21 11:10:45,3616.7,71745
2021-06-21 11:10:47,3616.7,71745
2021-06-21 11:10:48,3616.7,71745
2021-06-21 11:10:50,3616.7,71745
2021-06-21 11:10:51,3616.7,71745
2021-06-21 11:10:52,3616.7,71745
2021-06-21 11:10:53,3616.7,71745
2021-06-21 11:10:54,3616.7,71745
2021-06-21 11:10:56,3616.7,71745
2021-06-21 11:10:59,3617.3,71844
2021-06-21 11:11:00,3617.3,71844
2021-06-21 11:11:01,3617.3,71844
2021-06-21 11:11:02,3617.3,71844
2021-06-21 11:11:03,3617.3,71844
2021-06-21 11:11:04,3616.75,71848
2021-06-21 11:11:05,3616.75,71848
2021-06-21 11:11:06,3616.75,71848
2021-06-21 11:11:07,3616.75,71848
2021-06-21 11:11:09,3616.75,71848
2021-06-21 11:11:10,3617.7,71853
2021-06-21 11:11:11,3617.7,71853
2021-06-21 11:11:12,3616.6,71857
2021-06-21 11:11:13,3617.7,71858
2021-06-21 11:11:14,3616.5,71872
2021-06-21 11:11:15,3616.5,71872
2021-06-21 11:11:18,3616.4,71887
2021-06-21 11:11:17,3616.4,71887
2021-06-21 11:11:19,3616.4,71888
2021-06-21 11:11:20,3616.4,71888
2021-06-21 11:11:21,3616.4,71888
2021-06-21 11:11:22,3616.4,71888
2021-06-21 11:11:23,3616.4,71888
2021-06-21 11:11:23,3616.4,71888
2021-06-21 11:11:24,3616.4,71888
2021-06-21 11:11:27,3616.4,71888
2021-06-21 11:11:28,3616.3,71903
2021-06-21 11:11:29,3616.3,71903
2021-06-21 11:11:30,3618.1,71906
2021-06-21 11:11:31,3618.1,71906
2021-06-21 11:11:32,3616.3,71910
2021-06-21 11:11:33,3618.1,71911
2021-06-21 11:11:34,3618.1,71911
2021-06-21 11:11:35,3618.1,71911
2021-06-21 11:11:36,3618.1,71911
2021-06-21 11:11:37,3618.1,71911
2021-06-21 11:11:38,3618.1,71911
2021-06-21 11:11:39,3618.1,71911
2021-06-21 11:11:40,3618.1,71911
2021-06-21 11:11:41,3618.1,71911
2021-06-21 11:11:42,3618.1,71911
2021-06-21 11:11:44,3616.25,71932
2021-06-21 11:11:45,3617.5,71934
2021-06-21 11:11:46,3617.5,71934
2021-06-21 11:11:47,3617.5,71934
2021-06-21 11:11:49,3617.5,71934
2021-06-21 11:11:50,3617.5,71934
2021-06-21 11:11:51,3617.5,71934
2021-06-21 11:11:52,3617.5,71934
2021-06-21 11:11:53,3617.5,71934
2021-06-21 11:11:54,3617.5,71935
2021-06-21 11:11:56,3617.5,71935
2021-06-21 11:11:58,3617.5,71935
2021-06-21 11:12:01,3617.5,71935
2021-06-21 11:12:03,3617.5,71935
2021-06-21 11:12:05,3617.5,71935
2021-06-21 11:12:09,3617.5,71935
2021-06-21 11:12:12,3617.5,71935
2021-06-21 11:12:14,3616.25,71953
2021-06-21 11:12:16,3616.25,71953
2021-06-21 11:12:17,3616.25,71953
2021-06-21 11:12:20,3616.5,71957
2021-06-21 11:12:23,3616.5,71957
2021-06-21 11:12:25,3616.5,71957
2021-06-21 11:12:27,3617.5,72009
2021-06-21 11:12:29,3617.5,72009
2021-06-21 11:12:31,3618.2,72011
2021-06-21 11:12:33,3618.2,72011
2021-06-21 11:12:35,3618.2,72011
2021-06-21 11:12:37,3618.2,72011
2021-06-21 11:12:39,3616.5,72012
2021-06-21 11:12:42,3617.35,72013
2021-06-21 11:12:44,3617.35,72014
2021-06-21 11:12:46,3616.5,72015
2021-06-21 11:12:48,3616.5,72018
2021-06-21 11:12:51,3616.0,72025
2021-06-21 11:12:53,3615.7,72031
2021-06-21 11:12:56,3617.75,72895
2021-06-21 11:12:59,3617.75,72895
2021-06-21 11:13:01,3617.75,72895
2021-06-21 11:13:03,3617.75,72895
2021-06-21 11:13:05,3617.75,72895
2021-06-21 11:13:08,3622.35,73051
2021-06-21 11:13:10,3622.35,73051
2021-06-21 11:13:12,3619.8,73053
2021-06-21 11:13:14,3619.8,73053
2021-06-21 11:13:16,3619.8,73053
2021-06-21 11:13:20,3621.55,74023
2021-06-21 11:13:22,3623.85,74026
2021-06-21 11:13:25,3625.0,74232
2021-06-21 11:13:28,3622.0,74247
2021-06-21 11:13:31,3622.65,74252
2021-06-21 11:13:34,3625.0,74752
2021-06-21 11:13:36,3625.0,74752
2021-06-21 11:13:38,3624.0,74754
2021-06-21 11:13:40,3624.0,74754
2021-06-21 11:13:44,3625.05,74804
2021-06-21 11:13:47,3625.05,74804
2021-06-21 11:13:49,3624.4,74822
2021-06-21 11:13:51,3622.2,74922
2021-06-21 11:13:53,3622.7,74923
2021-06-21 11:13:55,3622.7,74923
2021-06-21 11:13:58,3625.4,74943
2021-06-21 11:14:00,3625.4,74943
2021-06-21 11:14:02,3625.4,74943
2021-06-21 11:14:04,3625.0,74953
2021-06-21 11:14:07,3627.4,77048
2021-06-21 11:14:09,3627.35,77049
2021-06-21 11:14:11,3627.6,77085
2021-06-21 11:14:13,3627.5,77104
2021-06-21 11:14:16,3630.45,77105
2021-06-21 11:14:18,3630.45,77105
2021-06-21 11:14:21,3630.45,77105
2021-06-21 11:14:23,3630.45,77164
2021-06-21 11:14:25,3629.95,77681
2021-06-21 11:14:27,3629.95,77681
2021-06-21 11:14:29,3630.0,78239
2021-06-21 11:14:32,3628.3,78742
2021-06-21 11:14:35,3628.1,78752
2021-06-21 11:14:38,3630.0,78820
2021-06-21 11:14:40,3630.0,78825
2021-06-21 11:14:43,3630.0,78827
2021-06-21 11:14:46,3630.0,78847
2021-06-21 11:14:48,3631.0,78848
2021-06-21 11:14:51,3631.0,78848
2021-06-21 11:14:53,3631.0,78855
2021-06-21 11:14:56,3631.0,78855
2021-06-21 11:14:58,3630.0,78857
2021-06-21 11:15:01,3630.0,78858
2021-06-21 11:15:04,3630.0,78858
2021-06-21 11:15:08,3630.0,78858
2021-06-21 11:15:10,3630.0,78887
2021-06-21 11:15:13,3630.0,78887
2021-06-21 11:15:17,3630.0,79019
2021-06-21 11:15:20,3630.95,79024
2021-06-21 11:15:23,3632.7,79706
2021-06-21 11:15:26,3631.15,79742
2021-06-21 11:15:28,3631.15,79743
2021-06-21 11:15:31,3633.65,79777
2021-06-21 11:15:35,3634.0,79809
2021-06-21 11:15:37,3634.0,79809
2021-06-21 11:15:40,3632.25,79957
2021-06-21 11:15:42,3637.0,80523
2021-06-21 11:15:44,3635.2,80533
2021-06-21 11:15:46,3635.2,80533
2021-06-21 11:15:49,3634.65,80633
2021-06-21 11:15:52,3634.3,80868
2021-06-21 11:15:54,3636.9,80873
2021-06-21 11:15:56,3636.9,80873
2021-06-21 11:15:58,3635.05,80903
2021-06-21 11:16:01,3637.0,80926
2021-06-21 11:16:04,3636.9,80927
2021-06-21 11:16:07,3636.9,80927
2021-06-21 11:16:10,3634.55,80972
2021-06-21 11:16:13,3634.55,80972
2021-06-21 11:16:15,3635.0,80988
2021-06-21 11:16:18,3635.0,81048
2021-06-21 11:16:20,3636.9,81093
2021-06-21 11:16:26,3635.5,81125
2021-06-21 11:16:29,3635.5,81125
2021-06-21 11:16:31,3635.5,81293
2021-06-21 11:16:34,3635.0,81328
2021-06-21 11:16:39,3633.0,81422
2021-06-21 11:16:41,3633.0,81422
2021-06-21 11:16:43,3633.0,81422
2021-06-21 11:16:46,3634.85,81446
2021-06-21 11:16:48,3634.85,81446
2021-06-21 11:16:50,3634.85,81461
2021-06-21 11:16:53,3634.85,81461
2021-06-21 11:16:54,3634.85,81461
2021-06-21 11:16:55,3634.85,81461
2021-06-21 11:16:56,3633.0,81477
2021-06-21 11:16:58,3633.0,81477
2021-06-21 11:16:59,3634.75,81478
2021-06-21 11:17:00,3634.75,81478
2021-06-21 11:17:02,3634.75,81488
2021-06-21 11:17:02,3631.75,81912
2021-06-21 11:17:03,3631.75,81912
2021-06-21 11:17:05,3631.75,81912
2021-06-21 11:17:06,3630.35,81916
2021-06-21 11:17:07,3630.35,81916
2021-06-21 11:17:08,3630.35,81916
2021-06-21 11:17:09,3630.35,81916
2021-06-21 11:17:10,3630.35,81916
2021-06-21 11:17:12,3630.35,81916
2021-06-21 11:17:12,3630.35,81916
2021-06-21 11:17:13,3630.35,81916
2021-06-21 11:17:14,3630.0,81934
2021-06-21 11:17:15,3630.0,81934
2021-06-21 11:17:16,3630.0,81935
2021-06-21 11:17:17,3630.0,81935
2021-06-21 11:17:18,3631.0,81940
2021-06-21 11:17:19,3631.0,81940
2021-06-21 11:17:20,3631.0,81940
2021-06-21 11:17:21,3631.0,81940
2021-06-21 11:17:22,3631.0,81941
2021-06-21 11:17:23,3631.0,81941
