timestamp,ltp,volume
2021-06-21 09:16:41,144.15,651680
2021-06-21 09:16:42,144.2,653028
2021-06-21 09:16:43,144.2,659524
2021-06-21 09:16:45,144.05,666299
2021-06-21 09:16:47,144.15,674038
2021-06-21 09:16:48,144.2,674047
2021-06-21 09:16:49,144.15,680121
2021-06-21 09:16:50,144.15,707261
2021-06-21 09:16:52,144.2,715240
2021-06-21 09:16:53,144.15,719330
2021-06-21 09:16:54,144.15,724337
2021-06-21 09:16:55,144.1,724578
2021-06-21 09:16:56,144.1,726089
2021-06-21 09:16:57,144.1,726694
2021-06-21 09:16:58,144.2,728368
2021-06-21 09:16:59,144.25,735081
2021-06-21 09:17:00,144.35,735111
2021-06-21 09:17:01,144.2,744210
2021-06-21 09:17:02,144.25,747350
2021-06-21 09:17:03,144.25,751268
2021-06-21 09:17:04,144.2,751870
2021-06-21 09:17:05,144.3,765463
2021-06-21 09:17:06,144.3,769285
2021-06-21 09:17:07,144.2,771572
2021-06-21 09:17:08,144.15,772663
2021-06-21 09:17:09,144.2,777692
2021-06-21 09:17:10,144.15,781685
2021-06-21 09:17:11,144.05,784271
2021-06-21 09:17:12,144.1,786778
2021-06-21 09:17:13,144.2,788422
2021-06-21 09:17:14,144.15,788906
2021-06-21 09:17:15,144.15,788906
2021-06-21 09:17:16,144.1,789918
2021-06-21 09:17:17,144.1,790094
2021-06-21 09:17:20,144.0,816881
2021-06-21 09:17:22,144.1,821198
2021-06-21 09:17:23,144.0,823227
2021-06-21 09:17:24,144.1,829054
2021-06-21 09:17:25,144.25,834112
2021-06-21 09:17:26,144.1,847673
2021-06-21 09:17:27,144.15,853435
2021-06-21 09:17:28,144.15,854110
2021-06-21 09:17:29,144.05,855983
2021-06-21 09:17:30,144.15,860121
2021-06-21 09:17:31,144.2,864639
2021-06-21 09:17:32,144.1,865139
2021-06-21 09:17:33,144.2,865859
2021-06-21 09:17:34,144.2,871805
2021-06-21 09:17:35,144.3,872773
2021-06-21 09:17:37,144.25,876767
2021-06-21 09:17:38,144.3,877039
2021-06-21 09:17:39,144.25,877307
2021-06-21 09:17:40,144.2,878465
2021-06-21 09:17:41,144.2,879900
2021-06-21 09:17:42,144.3,880841
2021-06-21 09:17:43,144.3,882982
2021-06-21 09:17:44,144.35,893598
2021-06-21 09:17:45,144.35,894176
2021-06-21 09:17:46,144.5,906471
2021-06-21 09:17:47,144.5,912303
2021-06-21 09:17:48,144.45,915442
2021-06-21 09:17:49,144.45,925933
2021-06-21 09:17:50,144.35,933670
2021-06-21 09:17:51,144.25,934092
2021-06-21 09:17:52,144.3,937967
2021-06-21 09:17:53,144.35,941113
2021-06-21 09:17:54,144.3,941465
2021-06-21 09:17:55,144.3,942319
2021-06-21 09:17:56,144.35,945374
2021-06-21 09:17:57,144.45,945433
2021-06-21 09:17:58,144.4,950487
2021-06-21 09:17:59,144.35,952881
2021-06-21 09:18:00,144.3,953781
2021-06-21 09:18:01,144.5,958768
2021-06-21 09:18:02,144.45,959080
2021-06-21 09:18:03,144.35,960495
2021-06-21 09:18:04,144.4,960897
2021-06-21 09:18:05,144.35,962166
2021-06-21 09:18:06,144.4,964195
2021-06-21 09:18:07,144.5,974733
2021-06-21 09:18:08,144.45,979379
2021-06-21 09:18:09,144.45,980721
2021-06-21 09:18:10,144.4,980865
2021-06-21 09:18:11,144.5,987922
2021-06-21 09:18:12,144.5,987953
2021-06-21 09:18:13,144.4,989090
2021-06-21 09:18:14,144.55,994150
2021-06-21 09:18:15,144.5,995611
2021-06-21 09:18:16,144.5,995711
2021-06-21 09:18:17,144.5,997793
2021-06-21 09:18:18,144.6,998690
2021-06-21 09:18:19,144.7,999169
2021-06-21 09:18:20,144.55,1000874
2021-06-21 09:18:21,144.6,1002686
2021-06-21 09:18:22,144.5,1008126
2021-06-21 09:18:23,144.55,1008326
2021-06-21 09:18:24,144.55,1010201
2021-06-21 09:18:25,144.55,1010701
2021-06-21 09:18:26,144.6,1011776
2021-06-21 09:18:27,144.6,1011852
2021-06-21 09:18:28,144.65,1012160
2021-06-21 09:18:29,144.6,1012170
2021-06-21 09:18:30,144.6,1014215
2021-06-21 09:18:31,144.6,1014615
2021-06-21 09:18:32,144.65,1014627
2021-06-21 09:18:33,144.65,1015277
2021-06-21 09:18:34,144.6,1015336
2021-06-21 09:18:35,144.65,1015557
2021-06-21 09:18:36,144.6,1016152
2021-06-21 09:18:37,144.65,1016471
2021-06-21 09:18:38,144.7,1017556
2021-06-21 09:18:39,144.65,1017868
2021-06-21 09:18:40,144.6,1018098
2021-06-21 09:18:41,144.7,1018348
2021-06-21 09:18:42,144.7,1019294
2021-06-21 09:18:43,144.65,1019414
2021-06-21 09:18:44,144.65,1020112
2021-06-21 09:18:45,144.7,1020883
2021-06-21 09:18:46,144.65,1020893
2021-06-21 09:18:47,144.7,1022236
2021-06-21 09:18:48,144.75,1024246
2021-06-21 09:18:49,144.75,1024877
2021-06-21 09:18:51,144.65,1025842
2021-06-21 09:18:52,144.75,1027044
2021-06-21 09:18:53,144.75,1027044
2021-06-21 09:18:54,144.75,1027144
2021-06-21 09:18:55,144.75,1027375
2021-06-21 09:18:57,144.7,1028842
2021-06-21 09:18:57,144.75,1029842
2021-06-21 09:18:58,144.75,1029860
2021-06-21 09:18:59,144.7,1030883
2021-06-21 09:19:00,144.8,1030886
2021-06-21 09:19:01,144.7,1031206
2021-06-21 09:19:02,144.7,1031819
2021-06-21 09:19:03,144.75,1032185
2021-06-21 09:19:04,144.75,1033773
2021-06-21 09:19:05,144.75,1037170
2021-06-21 09:19:06,144.8,1038845
2021-06-21 09:19:07,144.8,1043148
2021-06-21 09:19:08,144.8,1044928
2021-06-21 09:19:09,144.8,1045033
2021-06-21 09:19:11,144.8,1046833
2021-06-21 09:19:12,144.8,1047685
2021-06-21 09:19:13,144.85,1047765
2021-06-21 09:19:13,144.85,1047900
2021-06-21 09:19:14,144.8,1048460
2021-06-21 09:19:15,144.8,1053589
2021-06-21 09:19:16,144.8,1055689
2021-06-21 09:19:17,144.75,1056603
2021-06-21 09:19:18,144.65,1059648
2021-06-21 09:19:19,144.75,1060287
2021-06-21 09:19:20,144.7,1060542
2021-06-21 09:19:21,144.7,1060578
2021-06-21 09:19:22,144.75,1061929
2021-06-21 09:19:23,144.7,1062365
2021-06-21 09:19:24,144.7,1063103
2021-06-21 09:19:25,144.7,1064672
2021-06-21 09:19:26,144.7,1065760
2021-06-21 09:19:27,144.7,1065994
2021-06-21 09:19:28,144.75,1071130
2021-06-21 09:19:29,144.7,1072669
2021-06-21 09:19:30,144.75,1073228
2021-06-21 09:19:31,144.7,1073618
2021-06-21 09:19:32,144.65,1075045
2021-06-21 09:19:33,144.65,1075615
2021-06-21 09:19:34,144.75,1076695
2021-06-21 09:19:35,144.7,1077215
2021-06-21 09:19:36,144.7,1077565
2021-06-21 09:19:37,144.8,1077666
2021-06-21 09:19:38,144.7,1077892
2021-06-21 09:19:39,144.7,1077926
2021-06-21 09:19:40,144.75,1077929
2021-06-21 09:19:41,144.7,1078008
2021-06-21 09:19:42,144.8,1078299
2021-06-21 09:19:43,144.75,1079386
2021-06-21 09:19:44,144.75,1079816
2021-06-21 09:19:45,144.8,1080116
2021-06-21 09:19:46,144.85,1080929
2021-06-21 09:19:47,144.7,1083194
2021-06-21 09:19:48,144.7,1093381
2021-06-21 09:19:49,144.7,1093418
2021-06-21 09:19:51,144.65,1098990
2021-06-21 09:19:52,144.65,1108094
2021-06-21 09:19:53,144.6,1109129
2021-06-21 09:19:54,144.6,1110370
2021-06-21 09:19:55,144.5,1137927
2021-06-21 09:19:56,144.45,1139801
2021-06-21 09:19:57,144.4,1139821
2021-06-21 09:19:58,144.45,1140021
2021-06-21 09:19:59,144.45,1140485
2021-06-21 09:20:00,144.45,1144736
2021-06-21 09:20:01,144.45,1144844
2021-06-21 09:20:02,144.4,1144859
2021-06-21 09:20:03,144.35,1144895
2021-06-21 09:20:04,144.4,1146872
2021-06-21 09:20:05,144.3,1160925
2021-06-21 09:20:06,144.15,1161910
2021-06-21 09:20:07,144.2,1163029
2021-06-21 09:20:08,144.05,1176895
2021-06-21 09:20:09,144.1,1177482
2021-06-21 09:20:10,144.1,1178029
2021-06-21 09:20:11,144.1,1178080
2021-06-21 09:20:12,144.0,1180940
2021-06-21 09:20:13,144.05,1181511
2021-06-21 09:20:14,144.0,1182880
2021-06-21 09:20:15,144.0,1209210
2021-06-21 09:20:16,143.9,1211038
2021-06-21 09:20:17,143.9,1211443
2021-06-21 09:20:19,143.9,1217186
2021-06-21 09:20:20,143.7,1229540
2021-06-21 09:20:21,143.7,1229947
2021-06-21 09:20:22,143.75,1230972
2021-06-21 09:20:23,143.8,1231603
2021-06-21 09:20:24,143.7,1233193
2021-06-21 09:20:25,143.75,1234655
2021-06-21 09:20:26,143.75,1237263
2021-06-21 09:20:27,143.85,1238077
2021-06-21 09:20:28,143.85,1238378
2021-06-21 09:20:29,143.85,1238378
2021-06-21 09:20:30,143.9,1244177
2021-06-21 09:20:31,143.9,1244198
2021-06-21 09:20:32,143.9,1248343
2021-06-21 09:20:33,143.9,1249379
2021-06-21 09:20:34,144.0,1253690
2021-06-21 09:20:35,143.95,1254730
2021-06-21 09:20:37,143.9,1255080
2021-06-21 09:20:38,143.9,1257030
2021-06-21 09:20:39,144.0,1257755
2021-06-21 09:20:40,143.95,1259559
2021-06-21 09:20:41,143.85,1259959
2021-06-21 09:20:42,143.9,1262665
2021-06-21 09:20:43,143.9,1263215
2021-06-21 09:20:44,144.05,1268895
2021-06-21 09:20:45,144.05,1269225
2021-06-21 09:20:46,143.95,1270325
2021-06-21 09:20:47,144.0,1271366
2021-06-21 09:20:48,144.0,1271581
2021-06-21 09:20:49,144.1,1274401
2021-06-21 09:20:50,144.0,1274654
2021-06-21 09:20:51,144.05,1275664
2021-06-21 09:20:52,144.05,1276515
2021-06-21 09:20:53,144.05,1277203
2021-06-21 09:20:54,144.1,1279016
2021-06-21 09:20:55,144.1,1279288
2021-06-21 09:20:56,144.0,1279583
2021-06-21 09:20:57,144.1,1280344
2021-06-21 09:20:58,144.0,1280916
2021-06-21 09:20:59,144.0,1282532
2021-06-21 09:21:00,144.1,1283166
2021-06-21 09:21:01,144.1,1283332
2021-06-21 09:21:02,144.1,1287456
2021-06-21 09:21:03,144.1,1290073
2021-06-21 09:21:04,144.1,1295094
2021-06-21 09:21:05,144.15,1295150
2021-06-21 09:21:06,144.05,1296585
2021-06-21 09:21:07,144.05,1296658
2021-06-21 09:21:08,144.1,1298702
2021-06-21 09:21:10,144.15,1298790
2021-06-21 09:21:11,144.1,1299047
2021-06-21 09:21:12,144.05,1300234
2021-06-21 09:21:12,144.1,1300439
2021-06-21 09:21:13,144.05,1302355
2021-06-21 09:21:14,144.1,1304422
2021-06-21 09:21:15,144.1,1304822
2021-06-21 09:21:16,144.15,1305038
2021-06-21 09:21:17,144.05,1305302
2021-06-21 09:21:18,144.1,1307108
2021-06-21 09:21:20,144.1,1312883
2021-06-21 09:21:21,144.05,1314558
2021-06-21 09:21:21,144.15,1320651
2021-06-21 09:21:22,144.15,1321147
2021-06-21 09:21:23,144.1,1321333
2021-06-21 09:21:24,144.1,1321814
2021-06-21 09:21:25,144.2,1323822
2021-06-21 09:21:26,144.1,1324323
2021-06-21 09:21:27,144.15,1324330
2021-06-21 09:21:28,144.1,1324546
2021-06-21 09:21:30,144.2,1325218
2021-06-21 09:21:30,144.15,1325290
2021-06-21 09:21:31,144.25,1326851
2021-06-21 09:21:32,144.35,1332165
2021-06-21 09:21:34,144.35,1332923
2021-06-21 09:21:34,144.3,1333060
2021-06-21 09:21:35,144.35,1334419
2021-06-21 09:21:37,144.4,1334728
2021-06-21 09:21:37,144.4,1334802
2021-06-21 09:21:39,144.35,1338176
2021-06-21 09:21:39,144.25,1340814
2021-06-21 09:21:40,144.25,1341981
2021-06-21 09:21:41,144.3,1346767
2021-06-21 09:21:42,144.5,1354828
2021-06-21 09:21:43,144.55,1356769
2021-06-21 09:21:44,144.45,1356907
2021-06-21 09:21:45,144.45,1362218
2021-06-21 09:21:46,144.6,1364221
2021-06-21 09:21:48,144.55,1365530
2021-06-21 09:21:48,144.55,1365966
2021-06-21 09:21:49,144.55,1366016
2021-06-21 09:21:50,144.65,1369384
2021-06-21 09:21:51,144.7,1369947
2021-06-21 09:21:52,144.7,1371476
2021-06-21 09:21:53,144.65,1371916
2021-06-21 09:21:54,144.7,1372627
2021-06-21 09:21:55,144.6,1372862
2021-06-21 09:21:56,144.7,1374276
2021-06-21 09:21:57,144.7,1374348
2021-06-21 09:21:58,144.65,1380022
2021-06-21 09:21:59,144.7,1381735
2021-06-21 09:22:00,144.75,1387469
2021-06-21 09:22:01,144.8,1387512
2021-06-21 09:22:02,144.85,1390028
2021-06-21 09:22:03,144.8,1390301
2021-06-21 09:22:04,144.8,1390804
2021-06-21 09:22:05,144.75,1390921
2021-06-21 09:22:06,144.85,1399980
2021-06-21 09:22:07,144.75,1400090
2021-06-21 09:22:08,144.8,1402588
2021-06-21 09:22:10,144.85,1405098
2021-06-21 09:22:10,144.85,1406106
2021-06-21 09:22:11,144.85,1407369
2021-06-21 09:22:13,144.85,1407494
2021-06-21 09:22:13,144.8,1407560
2021-06-21 09:22:14,144.85,1407863
2021-06-21 09:22:15,144.9,1410022
2021-06-21 09:22:16,144.9,1411116
2021-06-21 09:22:17,144.85,1417295
2021-06-21 09:22:18,145.1,1467149
2021-06-21 09:22:19,145.0,1469302
2021-06-21 09:22:20,145.05,1472256
2021-06-21 09:22:21,144.95,1474382
2021-06-21 09:22:22,144.95,1474517
2021-06-21 09:22:23,144.9,1483983
2021-06-21 09:22:24,144.9,1485161
2021-06-21 09:22:25,145.0,1501018
2021-06-21 09:22:26,145.0,1501387
2021-06-21 09:22:27,145.0,1501549
2021-06-21 09:22:28,145.1,1507360
2021-06-21 09:22:29,145.0,1507622
2021-06-21 09:22:30,145.0,1509044
2021-06-21 09:22:31,145.15,1510135
2021-06-21 09:22:32,145.0,1510841
2021-06-21 09:22:33,144.95,1511248
2021-06-21 09:22:34,145.0,1511885
2021-06-21 09:22:35,145.05,1513152
2021-06-21 09:22:36,145.1,1513386
2021-06-21 09:22:38,145.1,1513988
2021-06-21 09:22:40,145.0,1550331
2021-06-21 09:22:41,145.05,1550526
2021-06-21 09:22:43,144.9,1554749
2021-06-21 09:22:45,144.95,1558239
2021-06-21 09:22:47,144.9,1563591
2021-06-21 09:22:48,144.85,1566343
2021-06-21 09:22:49,144.8,1566465
2021-06-21 09:22:51,144.8,1568351
2021-06-21 09:22:52,144.95,1568952
2021-06-21 09:22:53,145.0,1569213
2021-06-21 09:22:54,144.95,1569263
2021-06-21 09:22:55,145.0,1570012
2021-06-21 09:22:56,145.0,1570012
2021-06-21 09:22:57,144.95,1573688
2021-06-21 09:22:58,144.95,1574388
2021-06-21 09:22:59,145.0,1575065
2021-06-21 09:23:00,145.1,1575748
2021-06-21 09:23:01,145.1,1576773
2021-06-21 09:23:01,145.0,1576809
2021-06-21 09:23:03,145.0,1596428
2021-06-21 09:23:05,145.0,1598961
2021-06-21 09:23:09,144.95,1608407
2021-06-21 09:23:10,145.1,1625965
2021-06-21 09:23:11,145.15,1628940
2021-06-21 09:23:12,145.1,1629955
2021-06-21 09:23:13,145.1,1629988
2021-06-21 09:23:14,145.2,1632009
2021-06-21 09:23:15,145.2,1633319
2021-06-21 09:23:16,145.15,1633382
2021-06-21 09:23:17,145.1,1641565
2021-06-21 09:23:18,145.0,1642276
2021-06-21 09:23:19,145.05,1642776
2021-06-21 09:23:20,145.05,1642776
2021-06-21 09:23:21,145.15,1655456
2021-06-21 09:23:22,145.15,1656474
2021-06-21 09:23:23,145.2,1656828
2021-06-21 09:23:24,145.2,1660678
2021-06-21 09:23:25,145.25,1661873
2021-06-21 09:23:26,145.15,1663087
2021-06-21 09:23:27,145.2,1663734
2021-06-21 09:23:28,145.15,1664189
2021-06-21 09:23:29,145.15,1664261
2021-06-21 09:23:30,145.2,1665430
2021-06-21 09:23:30,145.25,1668037
2021-06-21 09:23:31,145.3,1670773
2021-06-21 09:23:32,145.2,1670928
2021-06-21 09:23:33,145.2,1671080
2021-06-21 09:23:34,145.2,1671589
2021-06-21 09:23:35,145.2,1672603
2021-06-21 09:23:37,145.3,1673622
2021-06-21 09:23:38,145.3,1674145
2021-06-21 09:23:39,145.3,1674778
2021-06-21 09:23:40,145.15,1677278
2021-06-21 09:23:41,145.3,1685436
2021-06-21 09:23:42,145.15,1687697
2021-06-21 09:23:43,145.3,1689381
2021-06-21 09:23:44,145.25,1689489
2021-06-21 09:23:45,145.2,1689757
2021-06-21 09:23:46,145.2,1689957
2021-06-21 09:23:47,145.15,1691374
2021-06-21 09:23:48,145.25,1693604
2021-06-21 09:23:49,145.3,1694604
2021-06-21 09:23:50,145.25,1695699
2021-06-21 09:23:51,145.25,1697055
2021-06-21 09:23:52,145.25,1697055
2021-06-21 09:23:53,145.3,1697537
2021-06-21 09:23:54,145.3,1697905
2021-06-21 09:23:55,145.25,1698414
2021-06-21 09:23:56,145.3,1699868
2021-06-21 09:23:57,145.25,1699888
2021-06-21 09:23:58,145.3,1701349
2021-06-21 09:24:00,145.3,1706892
2021-06-21 09:24:01,145.3,1708951
2021-06-21 09:24:02,145.25,1714707
2021-06-21 09:24:03,145.3,1714735
2021-06-21 09:24:04,145.3,1714965
2021-06-21 09:24:05,145.25,1715145
2021-06-21 09:24:06,145.25,1715552
2021-06-21 09:24:07,145.2,1715567
2021-06-21 09:24:09,145.2,1722883
2021-06-21 09:24:10,145.0,1728834
2021-06-21 09:24:11,145.0,1731539
2021-06-21 09:24:12,145.1,1731980
2021-06-21 09:24:13,145.1,1731980
2021-06-21 09:24:14,145.0,1732010
2021-06-21 09:24:15,145.0,1749549
2021-06-21 09:24:16,144.95,1749749
2021-06-21 09:24:17,144.9,1757487
2021-06-21 09:24:18,144.8,1777120
2021-06-21 09:24:19,144.75,1777630
2021-06-21 09:24:20,144.65,1781087
2021-06-21 09:24:21,144.6,1784106
2021-06-21 09:24:22,144.65,1784821
2021-06-21 09:24:23,144.6,1787627
2021-06-21 09:24:24,144.6,1789723
2021-06-21 09:24:25,144.8,1790896
2021-06-21 09:24:26,144.75,1792128
2021-06-21 09:24:27,144.75,1792139
2021-06-21 09:24:28,144.8,1793155
2021-06-21 09:24:29,144.75,1793586
2021-06-21 09:24:29,144.75,1795086
2021-06-21 09:24:30,144.85,1797587
2021-06-21 09:24:31,144.75,1800789
2021-06-21 09:24:32,144.7,1801089
2021-06-21 09:24:33,144.8,1805817
2021-06-21 09:24:34,144.8,1806386
2021-06-21 09:24:35,144.95,1807401
2021-06-21 09:24:36,144.95,1808711
2021-06-21 09:24:37,144.85,1809311
2021-06-21 09:24:38,144.85,1809732
2021-06-21 09:24:40,144.9,1810031
2021-06-21 09:24:40,144.85,1813399
2021-06-21 09:24:42,144.75,1814308
2021-06-21 09:24:43,144.7,1815663
2021-06-21 09:24:44,144.85,1816230
2021-06-21 09:24:46,144.75,1818360
2021-06-21 09:24:47,144.7,1819185
2021-06-21 09:24:48,144.7,1819415
2021-06-21 09:24:49,144.75,1821344
2021-06-21 09:24:50,144.85,1837566
2021-06-21 09:24:51,144.85,1840462
2021-06-21 09:24:52,144.8,1840498
2021-06-21 09:24:53,144.85,1840586
2021-06-21 09:24:54,144.85,1841180
2021-06-21 09:24:57,144.95,1849004
2021-06-21 09:24:58,145.0,1849725
2021-06-21 09:24:59,144.95,1850090
2021-06-21 09:24:59,145.0,1852340
2021-06-21 09:25:01,145.1,1868365
2021-06-21 09:25:02,145.0,1870327
2021-06-21 09:25:03,145.0,1872508
2021-06-21 09:25:04,145.1,1875006
2021-06-21 09:25:07,145.2,1877315
2021-06-21 09:25:08,145.1,1877615
2021-06-21 09:25:09,145.15,1878080
2021-06-21 09:25:10,145.2,1880725
2021-06-21 09:25:11,145.15,1880837
2021-06-21 09:25:12,145.2,1881999
2021-06-21 09:25:14,145.2,1887654
2021-06-21 09:25:15,145.15,1888860
2021-06-21 09:25:16,145.15,1890575
2021-06-21 09:25:17,145.0,1890775
2021-06-21 09:25:18,145.1,1890895
2021-06-21 09:25:19,145.0,1891965
2021-06-21 09:25:20,145.0,1892295
2021-06-21 09:25:21,145.1,1892965
2021-06-21 09:25:23,145.1,1893336
2021-06-21 09:25:24,144.9,1900477
2021-06-21 09:25:25,145.0,1900482
2021-06-21 09:25:27,144.9,1900942
2021-06-21 09:25:28,145.0,1903570
2021-06-21 09:25:29,145.05,1903571
2021-06-21 09:25:30,145.05,1904050
2021-06-21 09:25:31,145.0,1904117
2021-06-21 09:25:32,145.0,1904117
2021-06-21 09:25:33,145.0,1905467
2021-06-21 09:25:34,145.15,1905726
2021-06-21 09:25:35,145.15,1905741
2021-06-21 09:25:36,145.1,1906070
2021-06-21 09:25:37,145.2,1910270
2021-06-21 09:25:38,145.15,1911443
2021-06-21 09:25:39,145.1,1912052
2021-06-21 09:25:40,145.1,1912837
2021-06-21 09:25:41,145.1,1913037
2021-06-21 09:25:42,145.05,1913574
2021-06-21 09:25:43,145.05,1918645
2021-06-21 09:25:44,145.1,1920206
2021-06-21 09:25:45,145.05,1920216
2021-06-21 09:25:46,145.05,1920477
2021-06-21 09:25:47,145.0,1921268
2021-06-21 09:25:48,145.05,1921546
2021-06-21 09:25:49,145.05,1921546
2021-06-21 09:25:50,145.1,1921703
2021-06-21 09:25:51,145.0,1922895
2021-06-21 09:25:52,145.1,1922905
2021-06-21 09:25:53,145.0,1923106
2021-06-21 09:25:54,145.0,1923426
2021-06-21 09:25:55,145.1,1925438
2021-06-21 09:25:56,145.0,1927133
2021-06-21 09:25:57,145.05,1927433
2021-06-21 09:25:58,145.1,1928053
2021-06-21 09:25:59,145.05,1928179
2021-06-21 09:26:00,145.1,1928589
2021-06-21 09:26:01,145.1,1928732
2021-06-21 09:26:02,145.05,1928773
2021-06-21 09:26:03,145.0,1928923
2021-06-21 09:26:04,145.05,1928975
2021-06-21 09:26:05,145.05,1929238
2021-06-21 09:26:05,145.05,1929238
2021-06-21 09:26:06,145.0,1929257
2021-06-21 09:26:07,145.1,1929322
2021-06-21 09:26:08,145.05,1929458
2021-06-21 09:26:09,145.05,1929610
2021-06-21 09:26:11,145.05,1929962
2021-06-21 09:26:11,145.1,1931364
2021-06-21 09:26:12,145.05,1931465
2021-06-21 09:26:14,145.1,1932216
2021-06-21 09:26:15,145.1,1933622
2021-06-21 09:26:16,145.1,1933870
2021-06-21 09:26:17,145.1,1935497
2021-06-21 09:26:18,144.9,1965022
2021-06-21 09:26:18,145.0,1965372
2021-06-21 09:26:19,144.9,1967434
2021-06-21 09:26:22,144.95,1970937
2021-06-21 09:26:23,145.0,1974627
2021-06-21 09:26:24,145.05,1978969
2021-06-21 09:26:25,145.0,1979441
2021-06-21 09:26:26,145.0,1979441
2021-06-21 09:26:28,145.05,1980355
2021-06-21 09:26:30,145.0,1982436
2021-06-21 09:26:31,145.1,1995295
2021-06-21 09:26:32,145.15,1997671
2021-06-21 09:26:33,145.1,1998196
2021-06-21 09:26:34,145.1,1998286
2021-06-21 09:26:35,145.1,1999307
2021-06-21 09:26:36,145.1,1999555
2021-06-21 09:26:37,145.05,2000867
2021-06-21 09:26:39,145.05,2001735
2021-06-21 09:26:40,145.0,2003307
2021-06-21 09:26:41,145.0,2003811
2021-06-21 09:26:42,145.1,2003991
2021-06-21 09:26:43,145.1,2003996
2021-06-21 09:26:44,145.05,2004617
2021-06-21 09:26:45,145.0,2005386
2021-06-21 09:26:46,145.05,2008370
2021-06-21 09:26:47,145.0,2008655
2021-06-21 09:26:47,145.0,2008708
2021-06-21 09:26:48,144.9,2009461
2021-06-21 09:26:49,144.9,2011813
2021-06-21 09:26:50,144.9,2012687
2021-06-21 09:26:51,144.9,2012828
2021-06-21 09:26:52,144.9,2012829
2021-06-21 09:26:54,144.9,2014874
2021-06-21 09:26:55,144.85,2015359
2021-06-21 09:26:56,144.9,2015720
2021-06-21 09:26:57,144.9,2020481
2021-06-21 09:26:58,144.85,2021243
2021-06-21 09:26:59,144.8,2022683
2021-06-21 09:27:00,144.75,2023672
2021-06-21 09:27:01,144.85,2023711
2021-06-21 09:27:02,144.9,2024359
2021-06-21 09:27:03,144.9,2025059
2021-06-21 09:27:04,144.9,2025179
2021-06-21 09:27:05,144.9,2025705
2021-06-21 09:27:06,144.9,2028093
2021-06-21 09:27:07,145.0,2028183
2021-06-21 09:27:08,144.9,2028191
2021-06-21 09:27:09,144.9,2028699
2021-06-21 09:27:10,144.95,2028881
2021-06-21 09:27:11,144.9,2029910
2021-06-21 09:27:12,144.85,2030392
2021-06-21 09:27:13,144.85,2030478
2021-06-21 09:27:14,144.9,2030531
2021-06-21 09:27:15,144.9,2031075
2021-06-21 09:27:16,144.85,2031377
2021-06-21 09:27:17,144.9,2032118
2021-06-21 09:27:18,144.9,2032896
2021-06-21 09:27:19,144.95,2032915
2021-06-21 09:27:20,144.9,2032945
2021-06-21 09:27:20,144.9,2032945
2021-06-21 09:27:22,144.95,2035672
2021-06-21 09:27:24,144.9,2035697
2021-06-21 09:27:25,144.9,2035703
2021-06-21 09:27:26,144.85,2036690
2021-06-21 09:27:27,145.05,2041782
2021-06-21 09:27:29,145.05,2042923
2021-06-21 09:27:30,145.0,2043032
2021-06-21 09:27:31,145.0,2043884
2021-06-21 09:27:32,145.0,2044151
2021-06-21 09:27:33,145.1,2049781
2021-06-21 09:27:34,145.1,2050414
2021-06-21 09:27:35,145.1,2051879
2021-06-21 09:27:36,145.1,2051879
2021-06-21 09:27:37,145.1,2052029
2021-06-21 09:27:38,145.15,2052303
2021-06-21 09:27:39,145.1,2055820
2021-06-21 09:27:40,145.1,2055821
2021-06-21 09:27:41,145.15,2065526
2021-06-21 09:27:42,145.25,2081292
2021-06-21 09:27:43,145.25,2084006
2021-06-21 09:27:44,145.25,2084719
2021-06-21 09:27:45,145.15,2089907
2021-06-21 09:27:46,145.25,2090931
2021-06-21 09:27:48,145.2,2091419
2021-06-21 09:27:49,145.25,2095852
2021-06-21 09:27:50,145.25,2095988
2021-06-21 09:27:51,145.3,2096883
2021-06-21 09:27:52,145.2,2097040
2021-06-21 09:27:53,145.25,2097090
2021-06-21 09:27:54,145.3,2097540
2021-06-21 09:27:55,145.25,2103242
2021-06-21 09:27:56,145.25,2103662
2021-06-21 09:27:57,145.25,2105723
2021-06-21 09:27:58,145.25,2105723
2021-06-21 09:28:02,145.2,2106321
2021-06-21 09:28:03,145.25,2106551
2021-06-21 09:28:04,145.3,2111362
2021-06-21 09:28:05,145.25,2112873
2021-06-21 09:28:06,145.25,2113033
2021-06-21 09:28:08,145.35,2121495
2021-06-21 09:28:09,145.35,2122808
2021-06-21 09:28:10,145.35,2123083
2021-06-21 09:28:11,145.25,2123961
2021-06-21 09:28:12,145.2,2124755
2021-06-21 09:28:13,145.2,2124909
2021-06-21 09:28:14,145.3,2125891
2021-06-21 09:28:15,145.2,2126891
2021-06-21 09:28:16,145.25,2127916
2021-06-21 09:28:17,145.35,2129621
2021-06-21 09:28:18,145.35,2129671
2021-06-21 09:28:19,145.25,2130256
2021-06-21 09:28:20,145.3,2130768
2021-06-21 09:28:21,145.3,2130768
2021-06-21 09:28:22,145.3,2130778
2021-06-21 09:28:23,145.25,2130785
2021-06-21 09:28:24,145.3,2131785
2021-06-21 09:28:25,145.3,2131828
2021-06-21 09:28:26,145.25,2131853
2021-06-21 09:28:27,145.2,2132175
2021-06-21 09:28:28,145.25,2132535
2021-06-21 09:28:29,145.2,2132740
2021-06-21 09:28:30,145.3,2135361
2021-06-21 09:28:31,145.3,2136361
2021-06-21 09:28:32,145.25,2137307
2021-06-21 09:28:33,145.3,2137428
2021-06-21 09:28:34,145.3,2137478
2021-06-21 09:28:35,145.3,2137941
2021-06-21 09:28:36,145.25,2137978
2021-06-21 09:28:37,145.3,2139458
2021-06-21 09:28:38,145.25,2139507
2021-06-21 09:28:39,145.25,2140327
2021-06-21 09:28:40,145.25,2140415
2021-06-21 09:28:41,145.3,2140590
2021-06-21 09:28:42,145.3,2140635
2021-06-21 09:28:43,145.25,2142447
2021-06-21 09:28:44,145.25,2143326
2021-06-21 09:28:45,145.3,2143366
2021-06-21 09:28:46,145.3,2143399
2021-06-21 09:28:47,145.2,2143521
2021-06-21 09:28:48,145.2,2143845
2021-06-21 09:28:49,145.25,2143926
2021-06-21 09:28:50,145.3,2162810
2021-06-21 09:28:51,145.3,2168274
2021-06-21 09:28:53,145.25,2169676
2021-06-21 09:28:54,145.3,2173578
2021-06-21 09:28:55,145.2,2173632
2021-06-21 09:28:56,145.3,2174532
2021-06-21 09:28:57,145.3,2174632
2021-06-21 09:28:58,145.25,2174768
2021-06-21 09:28:59,145.25,2175274
2021-06-21 09:29:00,145.25,2175274
2021-06-21 09:29:01,145.2,2177155
2021-06-21 09:29:02,145.25,2177585
2021-06-21 09:29:03,145.3,2177846
2021-06-21 09:29:04,145.25,2178848
2021-06-21 09:29:05,145.25,2179210
2021-06-21 09:29:06,145.3,2179382
2021-06-21 09:29:07,145.2,2179494
2021-06-21 09:29:08,145.2,2179494
2021-06-21 09:29:09,145.3,2179757
2021-06-21 09:29:10,145.3,2179818
2021-06-21 09:29:11,145.3,2179823
2021-06-21 09:29:12,145.2,2180168
2021-06-21 09:29:13,145.25,2180221
2021-06-21 09:29:14,145.3,2180721
2021-06-21 09:29:15,145.3,2180996
2021-06-21 09:29:16,145.3,2181086
2021-06-21 09:29:17,145.3,2181086
2021-06-21 09:29:18,145.3,2181941
2021-06-21 09:29:19,145.3,2182151
2021-06-21 09:29:20,145.3,2182151
2021-06-21 09:29:21,145.2,2182187
2021-06-21 09:29:22,145.2,2182672
2021-06-21 09:29:23,145.2,2183709
2021-06-21 09:29:24,145.3,2185080
2021-06-21 09:29:25,145.3,2185085
2021-06-21 09:29:26,145.2,2185321
2021-06-21 09:29:27,145.2,2185693
2021-06-21 09:29:28,145.3,2185811
2021-06-21 09:29:29,145.3,2185811
2021-06-21 09:29:30,145.3,2191012
2021-06-21 09:29:31,145.3,2191378
2021-06-21 09:29:32,145.3,2192316
2021-06-21 09:29:33,145.35,2193485
2021-06-21 09:29:34,145.3,2193804
2021-06-21 09:29:35,145.3,2193804
2021-06-21 09:29:36,145.3,2194105
2021-06-21 09:29:38,145.4,2195053
2021-06-21 09:29:39,145.35,2195088
2021-06-21 09:29:40,145.35,2195190
2021-06-21 09:29:41,145.35,2195274
2021-06-21 09:29:42,145.4,2201570
2021-06-21 09:29:43,145.5,2202393
2021-06-21 09:29:44,145.4,2202905
2021-06-21 09:29:47,145.35,2205465
2021-06-21 09:29:48,145.35,2206569
2021-06-21 09:29:49,145.35,2206705
2021-06-21 09:29:51,145.35,2209127
2021-06-21 09:29:53,145.3,2210288
2021-06-21 09:29:54,145.35,2211739
2021-06-21 09:29:54,145.4,2211814
2021-06-21 09:29:55,145.4,2211817
2021-06-21 09:29:56,145.4,2211892
2021-06-21 09:29:57,145.4,2212742
2021-06-21 09:29:58,145.3,2213619
2021-06-21 09:29:59,145.4,2213632
2021-06-21 09:30:01,145.3,2213937
2021-06-21 09:30:02,145.35,2214204
2021-06-21 09:30:03,145.35,2214526
2021-06-21 09:30:04,145.35,2214551
2021-06-21 09:30:05,145.3,2220523
2021-06-21 09:30:06,145.25,2220917
2021-06-21 09:30:07,145.25,2224633
2021-06-21 09:30:08,145.25,2225428
2021-06-21 09:30:09,145.2,2225953
2021-06-21 09:30:10,145.15,2226208
2021-06-21 09:30:10,145.2,2234158
2021-06-21 09:30:12,145.15,2234479
2021-06-21 09:30:13,145.15,2234575
2021-06-21 09:30:13,145.1,2234875
2021-06-21 09:30:16,145.0,2238491
2021-06-21 09:30:18,145.05,2239048
2021-06-21 09:30:19,145.15,2243561
2021-06-21 09:30:20,145.1,2247797
2021-06-21 09:30:20,145.0,2247833
2021-06-21 09:30:22,144.9,2275097
2021-06-21 09:30:23,144.85,2275137
2021-06-21 09:30:24,144.9,2280929
2021-06-21 09:30:25,144.9,2281240
2021-06-21 09:30:25,144.9,2281500
2021-06-21 09:30:26,144.9,2281505
2021-06-21 09:30:28,144.85,2290036
2021-06-21 09:30:28,144.8,2290031
2021-06-21 09:30:29,144.85,2291237
2021-06-21 09:30:30,144.9,2292242
2021-06-21 09:30:31,144.8,2293007
2021-06-21 09:30:33,144.8,2294919
2021-06-21 09:30:34,144.8,2294919
2021-06-21 09:30:35,144.75,2295139
2021-06-21 09:30:36,144.8,2295148
2021-06-21 09:30:37,144.8,2295148
2021-06-21 09:30:38,144.8,2295183
2021-06-21 09:30:38,144.85,2295551
2021-06-21 09:30:39,144.8,2295751
2021-06-21 09:30:41,145.0,2297837
2021-06-21 09:30:41,144.85,2298828
2021-06-21 09:30:43,144.8,2300141
2021-06-21 09:30:43,144.8,2300861
2021-06-21 09:30:45,144.75,2301455
2021-06-21 09:30:46,144.8,2306247
2021-06-21 09:30:47,144.75,2308069
2021-06-21 09:30:48,144.8,2308419
2021-06-21 09:30:49,144.8,2308620
2021-06-21 09:30:50,144.8,2308979
2021-06-21 09:30:51,144.85,2309129
2021-06-21 09:30:52,144.8,2309294
2021-06-21 09:30:53,144.85,2317263
2021-06-21 09:30:54,144.75,2319376
2021-06-21 09:30:55,144.75,2320097
2021-06-21 09:30:56,144.8,2320917
2021-06-21 09:30:57,144.75,2322117
2021-06-21 09:30:58,144.8,2322697
2021-06-21 09:30:59,144.75,2323838
2021-06-21 09:31:01,144.8,2323886
2021-06-21 09:31:02,144.85,2324426
2021-06-21 09:31:03,144.8,2324676
2021-06-21 09:31:03,144.85,2325751
2021-06-21 09:31:06,144.85,2326830
2021-06-21 09:31:08,144.85,2330140
2021-06-21 09:31:09,144.85,2330771
2021-06-21 09:31:10,144.85,2330771
2021-06-21 09:31:11,144.95,2330827
2021-06-21 09:31:12,144.9,2331184
2021-06-21 09:31:13,144.95,2331189
2021-06-21 09:31:14,144.95,2331219
2021-06-21 09:31:15,144.85,2334769
2021-06-21 09:31:16,144.95,2335247
2021-06-21 09:31:17,144.85,2335869
2021-06-21 09:31:18,144.75,2337609
2021-06-21 09:31:19,144.85,2337824
2021-06-21 09:31:21,144.85,2341401
2021-06-21 09:31:22,144.85,2341501
2021-06-21 09:31:25,144.75,2342467
2021-06-21 09:31:26,144.85,2342497
2021-06-21 09:31:27,144.75,2342607
2021-06-21 09:31:28,144.75,2342607
2021-06-21 09:31:29,144.75,2342760
2021-06-21 09:31:31,144.8,2348622
2021-06-21 09:31:32,144.75,2357706
2021-06-21 09:31:33,144.75,2357951
2021-06-21 09:31:34,144.75,2359474
2021-06-21 09:31:36,144.7,2364491
2021-06-21 09:31:36,144.75,2364591
2021-06-21 09:31:37,144.75,2364596
2021-06-21 09:31:38,144.7,2365556
2021-06-21 09:31:40,144.65,2366583
2021-06-21 09:31:41,144.7,2366693
2021-06-21 09:31:41,144.75,2367879
2021-06-21 09:31:42,144.75,2367881
2021-06-21 09:31:43,144.75,2368001
2021-06-21 09:31:44,144.85,2369898
2021-06-21 09:31:45,144.75,2370161
2021-06-21 09:31:46,144.8,2370217
2021-06-21 09:31:47,144.75,2370436
2021-06-21 09:31:48,144.75,2370447
2021-06-21 09:31:49,144.75,2370597
2021-06-21 09:31:50,144.8,2370971
2021-06-21 09:31:51,144.8,2371011
2021-06-21 09:31:53,144.75,2371071
2021-06-21 09:31:54,144.8,2372303
2021-06-21 09:31:55,144.8,2372313
2021-06-21 09:31:56,144.8,2372814
2021-06-21 09:31:57,144.75,2373284
2021-06-21 09:31:58,144.8,2373294
2021-06-21 09:31:59,144.8,2374050
2021-06-21 09:32:00,144.7,2374400
2021-06-21 09:32:01,144.75,2374614
2021-06-21 09:32:01,144.7,2374826
2021-06-21 09:32:02,144.8,2375062
2021-06-21 09:32:03,144.75,2375835
2021-06-21 09:32:04,144.75,2376078
2021-06-21 09:32:05,144.8,2376748
2021-06-21 09:32:07,144.8,2376758
2021-06-21 09:32:08,144.75,2377053
2021-06-21 09:32:11,144.75,2377205
2021-06-21 09:32:13,144.75,2377252
2021-06-21 09:32:14,144.7,2379399
2021-06-21 09:32:15,144.75,2379895
2021-06-21 09:32:16,144.75,2379946
2021-06-21 09:32:17,144.75,2379946
2021-06-21 09:32:17,144.75,2380035
2021-06-21 09:32:19,144.8,2380666
2021-06-21 09:32:20,144.85,2381279
2021-06-21 09:32:21,144.85,2381745
2021-06-21 09:32:22,144.85,2381745
2021-06-21 09:32:23,144.8,2381955
2021-06-21 09:32:24,144.8,2382285
2021-06-21 09:32:25,144.85,2383285
2021-06-21 09:32:26,144.85,2384446
2021-06-21 09:32:27,144.9,2384671
2021-06-21 09:32:28,144.95,2384894
2021-06-21 09:32:30,144.9,2385065
2021-06-21 09:32:32,144.95,2385382
2021-06-21 09:32:33,144.9,2385674
2021-06-21 09:32:34,145.0,2387562
2021-06-21 09:32:35,145.0,2387563
2021-06-21 09:32:35,144.95,2387896
2021-06-21 09:32:37,144.95,2388011
2021-06-21 09:32:38,144.95,2390265
2021-06-21 09:32:39,145.0,2390677
2021-06-21 09:32:40,145.0,2390725
2021-06-21 09:32:40,145.0,2390725
2021-06-21 09:32:44,144.95,2393780
2021-06-21 09:32:47,145.0,2395872
2021-06-21 09:32:51,145.0,2398125
2021-06-21 09:32:51,145.0,2398125
2021-06-21 09:32:52,144.95,2398236
2021-06-21 09:32:53,144.9,2398364
2021-06-21 09:32:55,144.95,2398682
2021-06-21 09:32:56,144.95,2399029
2021-06-21 09:32:57,145.0,2401904
2021-06-21 09:32:58,145.0,2402105
2021-06-21 09:33:00,145.05,2402719
2021-06-21 09:33:01,145.05,2402721
2021-06-21 09:33:02,145.1,2403136
2021-06-21 09:33:03,145.05,2403184
2021-06-21 09:33:04,145.1,2404184
2021-06-21 09:33:04,145.15,2404202
2021-06-21 09:33:05,145.15,2404202
2021-06-21 09:33:07,145.1,2404338
2021-06-21 09:33:07,145.1,2404338
2021-06-21 09:33:08,145.1,2407254
2021-06-21 09:33:09,145.05,2407455
2021-06-21 09:33:10,145.2,2407955
2021-06-21 09:33:11,145.15,2410441
2021-06-21 09:33:12,145.15,2410822
2021-06-21 09:33:13,145.1,2411336
2021-06-21 09:33:14,145.1,2411903
2021-06-21 09:33:15,145.2,2419459
2021-06-21 09:33:16,145.2,2419559
2021-06-21 09:33:17,145.2,2420318
2021-06-21 09:33:18,145.15,2421820
2021-06-21 09:33:19,145.25,2421831
2021-06-21 09:33:20,145.2,2422836
2021-06-21 09:33:21,145.2,2422937
2021-06-21 09:33:22,145.2,2423023
2021-06-21 09:33:23,145.15,2423810
2021-06-21 09:33:24,145.25,2424010
2021-06-21 09:33:25,145.3,2425021
2021-06-21 09:33:26,145.25,2426079
2021-06-21 09:33:27,145.25,2429645
2021-06-21 09:33:28,145.3,2429725
2021-06-21 09:33:30,145.4,2430691
2021-06-21 09:33:31,145.4,2430741
2021-06-21 09:33:32,145.3,2430744
2021-06-21 09:33:33,145.3,2431169
2021-06-21 09:33:34,145.3,2431694
2021-06-21 09:33:35,145.3,2432445
2021-06-21 09:33:36,145.35,2432470
2021-06-21 09:33:37,145.35,2433127
2021-06-21 09:33:38,145.4,2433130
2021-06-21 09:33:39,145.4,2433254
2021-06-21 09:33:40,145.4,2433294
2021-06-21 09:33:41,145.4,2433295
2021-06-21 09:33:42,145.35,2433334
2021-06-21 09:33:42,145.35,2433334
2021-06-21 09:33:43,145.35,2433677
2021-06-21 09:33:44,145.35,2433938
2021-06-21 09:33:45,145.4,2433968
2021-06-21 09:33:47,145.4,2436058
2021-06-21 09:33:48,145.4,2437943
2021-06-21 09:33:49,145.4,2437943
2021-06-21 09:33:50,145.35,2444883
2021-06-21 09:33:52,145.4,2445373
2021-06-21 09:33:53,145.4,2445773
2021-06-21 09:33:54,145.35,2447398
2021-06-21 09:33:55,145.4,2447649
2021-06-21 09:33:56,145.35,2447650
2021-06-21 09:33:57,145.4,2448642
2021-06-21 09:33:58,145.35,2449001
2021-06-21 09:33:59,145.35,2449202
2021-06-21 09:34:00,145.4,2450052
2021-06-21 09:34:01,145.4,2450057
2021-06-21 09:34:02,145.4,2450275
2021-06-21 09:34:03,145.4,2451011
2021-06-21 09:34:04,145.35,2452011
2021-06-21 09:34:05,145.45,2454610
2021-06-21 09:34:06,145.4,2456751
2021-06-21 09:34:07,145.35,2461292
2021-06-21 09:34:08,145.35,2461393
2021-06-21 09:34:09,145.3,2462241
2021-06-21 09:34:10,145.35,2462493
2021-06-21 09:34:11,145.35,2462559
2021-06-21 09:34:12,145.3,2462662
2021-06-21 09:34:14,145.3,2464386
2021-06-21 09:34:15,145.25,2464396
2021-06-21 09:34:16,145.2,2465089
2021-06-21 09:34:17,145.25,2466096
2021-06-21 09:34:18,145.25,2466431
2021-06-21 09:34:19,145.2,2472612
2021-06-21 09:34:20,145.15,2472688
2021-06-21 09:34:21,145.2,2472689
2021-06-21 09:34:22,145.2,2474994
2021-06-21 09:34:23,145.2,2476016
2021-06-21 09:34:25,145.25,2480865
2021-06-21 09:34:26,145.3,2481295
2021-06-21 09:34:27,145.25,2482240
2021-06-21 09:34:29,145.25,2483420
2021-06-21 09:34:31,145.25,2484196
2021-06-21 09:34:32,145.4,2488274
2021-06-21 09:34:36,145.3,2497170
2021-06-21 09:34:36,145.3,2497195
2021-06-21 09:34:37,145.3,2497318
2021-06-21 09:34:39,145.35,2498596
2021-06-21 09:34:40,145.35,2500604
2021-06-21 09:34:41,145.25,2500674
2021-06-21 09:34:42,145.3,2501264
2021-06-21 09:34:43,145.3,2501284
2021-06-21 09:34:44,145.25,2501422
2021-06-21 09:34:45,145.35,2501921
2021-06-21 09:34:46,145.4,2503463
2021-06-21 09:34:47,145.4,2503466
2021-06-21 09:34:48,145.3,2504427
2021-06-21 09:34:49,145.4,2504437
2021-06-21 09:34:50,145.4,2509233
2021-06-21 09:34:51,145.4,2510600
2021-06-21 09:34:52,145.4,2510661
2021-06-21 09:34:53,145.4,2510661
2021-06-21 09:34:54,145.35,2510910
2021-06-21 09:34:55,145.4,2511809
2021-06-21 09:34:57,145.4,2512074
2021-06-21 09:34:57,145.4,2512574
2021-06-21 09:34:58,145.4,2512574
2021-06-21 09:35:02,145.45,2521765
2021-06-21 09:35:03,145.5,2523499
2021-06-21 09:35:04,145.4,2523701
2021-06-21 09:35:04,145.5,2523731
2021-06-21 09:35:05,145.4,2523842
2021-06-21 09:35:06,145.35,2523897
2021-06-21 09:35:07,145.4,2524747
2021-06-21 09:35:08,145.4,2524747
2021-06-21 09:35:09,145.4,2526779
2021-06-21 09:35:10,145.4,2528340
2021-06-21 09:35:11,145.4,2528445
2021-06-21 09:35:12,145.35,2528455
2021-06-21 09:35:14,145.35,2528973
2021-06-21 09:35:15,145.35,2529628
2021-06-21 09:35:16,145.4,2534240
2021-06-21 09:35:17,145.4,2535192
2021-06-21 09:35:18,145.4,2535242
2021-06-21 09:35:19,145.4,2535962
2021-06-21 09:35:20,145.5,2536973
2021-06-21 09:35:21,145.5,2537492
2021-06-21 09:35:23,145.45,2538949
2021-06-21 09:35:27,145.5,2540567
2021-06-21 09:35:28,145.5,2540568
2021-06-21 09:35:29,145.45,2541831
2021-06-21 09:35:32,145.5,2542182
2021-06-21 09:35:33,145.5,2544302
2021-06-21 09:35:34,145.45,2544404
2021-06-21 09:35:35,145.45,2544666
2021-06-21 09:35:36,145.45,2545459
2021-06-21 09:35:37,145.5,2545663
2021-06-21 09:35:38,145.5,2554092
2021-06-21 09:35:39,145.45,2557117
2021-06-21 09:35:40,145.55,2557281
2021-06-21 09:35:41,145.45,2557318
2021-06-21 09:35:41,145.55,2557858
2021-06-21 09:35:42,145.55,2558119
2021-06-21 09:35:44,145.5,2559242
2021-06-21 09:35:45,145.55,2559440
2021-06-21 09:35:46,145.5,2559540
2021-06-21 09:35:47,145.45,2561108
2021-06-21 09:35:48,145.5,2563239
2021-06-21 09:35:49,145.5,2563289
2021-06-21 09:35:50,145.5,2566086
2021-06-21 09:35:51,145.45,2566402
2021-06-21 09:35:52,145.4,2568674
2021-06-21 09:35:53,145.45,2568776
2021-06-21 09:35:54,145.4,2577001
2021-06-21 09:35:56,145.4,2577137
2021-06-21 09:35:57,145.4,2578689
2021-06-21 09:35:58,145.35,2579354
2021-06-21 09:35:59,145.25,2580715
2021-06-21 09:36:00,145.3,2581353
2021-06-21 09:36:01,145.3,2581363
2021-06-21 09:36:02,145.3,2583194
2021-06-21 09:36:03,145.3,2584329
2021-06-21 09:36:04,145.35,2584595
2021-06-21 09:36:05,145.35,2584715
2021-06-21 09:36:06,145.25,2584987
2021-06-21 09:36:07,145.3,2585187
2021-06-21 09:36:08,145.25,2588508
2021-06-21 09:36:08,145.25,2588508
2021-06-21 09:36:10,145.2,2589132
2021-06-21 09:36:11,145.25,2589458
2021-06-21 09:36:12,145.15,2589689
2021-06-21 09:36:13,145.2,2589785
2021-06-21 09:36:14,145.2,2589785
2021-06-21 09:36:15,145.15,2590091
2021-06-21 09:36:16,145.25,2590349
2021-06-21 09:36:17,145.2,2590426
2021-06-21 09:36:18,145.25,2590542
2021-06-21 09:36:19,145.15,2593342
2021-06-21 09:36:20,145.25,2593642
2021-06-21 09:36:21,145.1,2595142
2021-06-21 09:36:22,145.15,2595644
2021-06-21 09:36:22,145.15,2595644
2021-06-21 09:36:23,145.2,2596437
2021-06-21 09:36:24,145.2,2596487
2021-06-21 09:36:25,145.1,2596544
2021-06-21 09:36:26,145.15,2596649
2021-06-21 09:36:27,145.15,2596685
2021-06-21 09:36:28,145.1,2597785
2021-06-21 09:36:29,145.1,2598375
2021-06-21 09:36:31,145.1,2599530
2021-06-21 09:36:32,145.05,2614523
2021-06-21 09:36:34,144.95,2729713
2021-06-21 09:36:35,144.95,2729713
2021-06-21 09:36:36,144.95,2752761
2021-06-21 09:36:37,144.95,2752865
2021-06-21 09:36:38,144.95,2752865
2021-06-21 09:36:39,144.9,2753090
2021-06-21 09:36:40,144.9,2755634
2021-06-21 09:36:41,144.9,2757642
2021-06-21 09:36:43,144.9,2759777
2021-06-21 09:36:44,144.8,2760492
2021-06-21 09:36:45,144.85,2760577
2021-06-21 09:36:46,144.8,2760687
2021-06-21 09:36:47,144.8,2761173
2021-06-21 09:36:48,144.8,2761805
2021-06-21 09:36:49,144.85,2761810
2021-06-21 09:36:50,144.8,2762142
2021-06-21 09:36:51,144.85,2762587
2021-06-21 09:36:52,144.85,2762712
2021-06-21 09:36:54,144.8,2763032
2021-06-21 09:36:55,144.85,2763043
2021-06-21 09:36:56,144.8,2764487
2021-06-21 09:36:57,144.95,2768487
2021-06-21 09:36:58,145.0,2768857
2021-06-21 09:36:59,144.9,2768957
2021-06-21 09:36:59,144.9,2768957
2021-06-21 09:37:00,144.9,2769457
2021-06-21 09:37:01,144.9,2769457
2021-06-21 09:37:02,144.9,2770210
2021-06-21 09:37:03,144.9,2770502
2021-06-21 09:37:04,144.9,2770502
2021-06-21 09:37:05,144.9,2770576
2021-06-21 09:37:06,144.95,2770586
2021-06-21 09:37:08,145.0,2772228
2021-06-21 09:37:08,144.95,2772229
2021-06-21 09:37:09,144.95,2772363
2021-06-21 09:37:11,145.0,2772865
2021-06-21 09:37:12,144.95,2773060
2021-06-21 09:37:13,144.95,2773315
2021-06-21 09:37:14,144.95,2773317
2021-06-21 09:37:14,144.95,2773387
2021-06-21 09:37:15,144.95,2774522
2021-06-21 09:37:16,145.0,2775129
2021-06-21 09:37:17,145.0,2775420
2021-06-21 09:37:18,145.0,2775830
2021-06-21 09:37:19,144.95,2775889
2021-06-21 09:37:20,144.95,2775944
2021-06-21 09:37:21,144.9,2776059
2021-06-21 09:37:22,144.95,2776401
2021-06-21 09:37:23,144.9,2776479
2021-06-21 09:37:24,145.0,2777293
2021-06-21 09:37:27,144.95,2780699
2021-06-21 09:37:28,144.95,2780919
2021-06-21 09:37:29,145.0,2783919
2021-06-21 09:37:31,145.0,2784549
2021-06-21 09:37:32,144.95,2785160
2021-06-21 09:37:33,144.95,2785165
2021-06-21 09:37:34,144.95,2785325
2021-06-21 09:37:35,144.95,2786243
2021-06-21 09:37:36,145.0,2786748
2021-06-21 09:37:37,144.9,2787048
2021-06-21 09:37:38,144.9,2788028
2021-06-21 09:37:39,144.9,2788288
2021-06-21 09:37:40,144.95,2788334
2021-06-21 09:37:41,144.9,2789116
2021-06-21 09:37:42,144.95,2789433
2021-06-21 09:37:43,144.95,2789433
2021-06-21 09:37:44,144.95,2789742
2021-06-21 09:37:45,144.9,2790242
2021-06-21 09:37:46,144.95,2790289
2021-06-21 09:37:49,144.9,2795680
2021-06-21 09:37:50,144.85,2795938
2021-06-21 09:37:51,144.9,2797933
2021-06-21 09:37:52,144.9,2799387
2021-06-21 09:37:53,144.95,2800015
2021-06-21 09:37:55,144.9,2800036
2021-06-21 09:37:56,144.95,2800136
2021-06-21 09:37:57,145.0,2800727
2021-06-21 09:37:58,145.0,2800727
2021-06-21 09:37:59,145.0,2801735
2021-06-21 09:38:00,144.95,2801746
2021-06-21 09:38:01,145.05,2802776
2021-06-21 09:38:02,145.0,2813276
2021-06-21 09:38:03,145.0,2813276
2021-06-21 09:38:04,144.95,2813295
2021-06-21 09:38:05,144.95,2814125
2021-06-21 09:38:06,145.0,2814142
2021-06-21 09:38:07,144.95,2814784
2021-06-21 09:38:08,144.95,2814902
2021-06-21 09:38:08,144.95,2815478
2021-06-21 09:38:10,144.95,2815488
2021-06-21 09:38:11,144.95,2815488
2021-06-21 09:38:12,145.0,2815598
2021-06-21 09:38:13,144.95,2815687
2021-06-21 09:38:14,144.9,2816067
2021-06-21 09:38:15,144.9,2816124
2021-06-21 09:38:17,144.9,2816498
2021-06-21 09:38:18,145.0,2816747
2021-06-21 09:38:19,145.0,2816860
2021-06-21 09:38:20,145.1,2817110
2021-06-21 09:38:22,145.05,2817112
2021-06-21 09:38:21,145.05,2817112
2021-06-21 09:38:23,145.0,2817279
2021-06-21 09:38:24,145.0,2817279
2021-06-21 09:38:25,145.1,2817288
2021-06-21 09:38:26,145.0,2817298
2021-06-21 09:38:27,145.05,2819010
2021-06-21 09:38:28,145.05,2819065
2021-06-21 09:38:29,145.05,2819485
2021-06-21 09:38:30,145.05,2824386
2021-06-21 09:38:31,145.1,2825443
2021-06-21 09:38:32,145.05,2826068
2021-06-21 09:38:33,145.05,2826068
2021-06-21 09:38:34,145.1,2826083
2021-06-21 09:38:35,145.1,2826083
2021-06-21 09:38:36,145.05,2827054
2021-06-21 09:38:37,145.05,2827054
2021-06-21 09:38:38,145.1,2828054
2021-06-21 09:38:39,145.05,2828863
2021-06-21 09:38:40,145.05,2828863
2021-06-21 09:38:41,145.2,2828928
2021-06-21 09:38:42,145.15,2829025
2021-06-21 09:38:43,145.1,2829068
2021-06-21 09:38:44,145.1,2829269
2021-06-21 09:38:45,145.1,2829325
2021-06-21 09:38:46,145.15,2829510
2021-06-21 09:38:48,145.1,2829671
2021-06-21 09:38:49,145.15,2829676
2021-06-21 09:38:50,145.2,2829745
2021-06-21 09:38:51,145.15,2830606
2021-06-21 09:38:52,145.2,2831816
2021-06-21 09:38:53,145.2,2833189
2021-06-21 09:38:54,145.1,2833339
2021-06-21 09:38:55,145.25,2834950
2021-06-21 09:38:56,145.2,2836627
2021-06-21 09:38:57,145.15,2837237
2021-06-21 09:38:58,145.15,2837609
2021-06-21 09:38:59,145.15,2837671
2021-06-21 09:39:00,145.2,2837864
2021-06-21 09:39:01,145.1,2838080
2021-06-21 09:39:02,145.1,2838080
2021-06-21 09:39:03,145.2,2838115
2021-06-21 09:39:04,145.2,2838215
2021-06-21 09:39:05,145.1,2838315
2021-06-21 09:39:06,145.15,2838349
2021-06-21 09:39:07,145.2,2842033
2021-06-21 09:39:08,145.2,2842033
2021-06-21 09:39:09,145.15,2842105
2021-06-21 09:39:10,145.2,2842708
2021-06-21 09:39:11,145.1,2842903
2021-06-21 09:39:12,145.2,2843588
2021-06-21 09:39:13,145.2,2843588
2021-06-21 09:39:14,145.2,2843588
2021-06-21 09:39:15,145.25,2843721
2021-06-21 09:39:16,145.2,2843722
2021-06-21 09:39:17,145.2,2844222
2021-06-21 09:39:18,145.2,2845722
2021-06-21 09:39:19,145.25,2846123
2021-06-21 09:39:20,145.25,2846253
2021-06-21 09:39:21,145.2,2846643
2021-06-21 09:39:22,145.25,2846718
2021-06-21 09:39:23,145.2,2846829
2021-06-21 09:39:24,145.25,2846839
2021-06-21 09:39:25,145.25,2846839
2021-06-21 09:39:26,145.2,2846866
2021-06-21 09:39:27,145.25,2868681
2021-06-21 09:39:29,145.25,2868831
2021-06-21 09:39:28,145.25,2868831
2021-06-21 09:39:30,145.15,2868851
2021-06-21 09:39:32,145.15,2870888
2021-06-21 09:39:33,145.15,2870888
2021-06-21 09:39:34,145.15,2872423
2021-06-21 09:39:35,145.2,2873178
2021-06-21 09:39:36,145.1,2874248
2021-06-21 09:39:37,145.15,2874373
2021-06-21 09:39:38,145.1,2875048
2021-06-21 09:39:39,145.2,2875348
2021-06-21 09:39:40,145.2,2875348
2021-06-21 09:39:41,145.15,2875902
2021-06-21 09:39:42,145.15,2875902
2021-06-21 09:39:43,145.25,2878000
2021-06-21 09:39:44,145.15,2878900
2021-06-21 09:39:45,145.15,2878900
2021-06-21 09:39:46,145.15,2878900
2021-06-21 09:39:47,145.2,2878950
2021-06-21 09:39:48,145.2,2879192
2021-06-21 09:39:49,145.2,2879222
2021-06-21 09:39:50,145.2,2879222
2021-06-21 09:39:51,145.2,2879292
2021-06-21 09:39:52,145.2,2879296
2021-06-21 09:39:53,145.2,2879296
2021-06-21 09:39:54,145.15,2879552
2021-06-21 09:39:55,145.2,2881764
2021-06-21 09:39:56,145.2,2881774
2021-06-21 09:39:57,145.15,2881794
2021-06-21 09:39:58,145.15,2881794
2021-06-21 09:39:59,145.15,2882554
2021-06-21 09:40:00,145.2,2886079
2021-06-21 09:40:01,145.2,2886086
2021-06-21 09:40:02,145.2,2886091
2021-06-21 09:40:03,145.1,2886102
2021-06-21 09:40:04,145.2,2887151
2021-06-21 09:40:05,145.15,2887251
2021-06-21 09:40:06,145.1,2887252
2021-06-21 09:40:07,145.15,2887290
2021-06-21 09:40:08,145.1,2887373
2021-06-21 09:40:09,145.15,2888176
2021-06-21 09:40:10,145.25,2890808
2021-06-21 09:40:11,145.2,2890829
2021-06-21 09:40:12,145.2,2890854
2021-06-21 09:40:13,145.2,2890859
2021-06-21 09:40:14,145.15,2892413
2021-06-21 09:40:15,145.1,2895194
2021-06-21 09:40:18,145.2,2895358
2021-06-21 09:40:19,145.15,2895558
2021-06-21 09:40:20,145.1,2896305
2021-06-21 09:40:21,145.1,2896305
2021-06-21 09:40:22,145.1,2896305
2021-06-21 09:40:23,145.1,2896485
2021-06-21 09:40:24,145.15,2896587
2021-06-21 09:40:25,145.1,2896637
2021-06-21 09:40:26,145.1,2896637
2021-06-21 09:40:27,145.15,2896712
2021-06-21 09:40:28,145.15,2896718
2021-06-21 09:40:29,145.05,2914224
2021-06-21 09:40:31,145.1,2918706
2021-06-21 09:40:31,145.1,2918706
2021-06-21 09:40:33,145.05,2919947
2021-06-21 09:40:33,145.05,2919947
2021-06-21 09:40:34,145.05,2920468
2021-06-21 09:40:36,145.05,2921091
2021-06-21 09:40:37,145.0,2921187
2021-06-21 09:40:37,145.05,2921373
2021-06-21 09:40:38,145.1,2921374
2021-06-21 09:40:39,145.15,2921610
2021-06-21 09:40:42,145.15,2921872
2021-06-21 09:40:42,145.05,2921942
2021-06-21 09:40:44,145.15,2922352
2021-06-21 09:40:44,145.1,2922489
2021-06-21 09:40:45,145.15,2922490
2021-06-21 09:40:47,145.05,2924489
2021-06-21 09:40:46,145.1,2924141
2021-06-21 09:40:48,145.0,2924789
2021-06-21 09:40:49,145.1,2926089
2021-06-21 09:40:50,145.1,2926149
2021-06-21 09:40:51,145.1,2926601
2021-06-21 09:40:52,145.15,2926606
2021-06-21 09:40:54,145.1,2926773
2021-06-21 09:40:54,145.1,2926773
2021-06-21 09:40:55,145.05,2927173
2021-06-21 09:40:56,145.15,2928173
2021-06-21 09:40:58,145.05,2944568
2021-06-21 09:40:59,145.05,2944568
2021-06-21 09:41:00,145.0,2944573
2021-06-21 09:41:01,145.0,2944623
2021-06-21 09:41:02,145.0,2944728
2021-06-21 09:41:03,145.0,2947290
2021-06-21 09:41:03,145.0,2947315
2021-06-21 09:41:05,145.0,2948215
2021-06-21 09:41:06,144.95,2948740
2021-06-21 09:41:08,145.05,2949463
2021-06-21 09:41:10,145.0,2949990
2021-06-21 09:41:11,144.95,2951058
2021-06-21 09:41:12,145.05,2951083
2021-06-21 09:41:13,144.95,2951393
2021-06-21 09:41:14,145.0,2952522
2021-06-21 09:41:15,144.95,2952922
2021-06-21 09:41:16,145.05,2953422
2021-06-21 09:41:17,145.0,2953638
2021-06-21 09:41:19,145.0,2953651
2021-06-21 09:41:20,144.95,2953811
2021-06-21 09:41:21,145.0,2953923
2021-06-21 09:41:22,145.0,2953923
2021-06-21 09:41:23,145.0,2954064
2021-06-21 09:41:24,144.95,2954403
2021-06-21 09:41:25,144.95,2954633
2021-06-21 09:41:26,145.0,2954863
2021-06-21 09:41:27,145.05,2955739
2021-06-21 09:41:28,145.1,2955767
2021-06-21 09:41:29,145.1,2955838
2021-06-21 09:41:30,145.1,2956580
2021-06-21 09:41:31,145.1,2956580
2021-06-21 09:41:32,145.05,2958346
2021-06-21 09:41:34,145.1,2959260
2021-06-21 09:41:35,145.05,2959275
2021-06-21 09:41:36,145.05,2959275
2021-06-21 09:41:37,145.2,2966728
2021-06-21 09:41:38,145.2,2966948
2021-06-21 09:41:39,145.15,2968430
2021-06-21 09:41:40,145.15,2968430
2021-06-21 09:41:41,145.15,2968430
2021-06-21 09:41:42,145.15,2968430
2021-06-21 09:41:43,145.15,2968430
2021-06-21 09:41:45,145.2,2969034
2021-06-21 09:41:46,145.2,2969034
2021-06-21 09:41:50,145.25,2969516
2021-06-21 09:41:50,145.2,2969636
2021-06-21 09:41:52,145.25,2969736
2021-06-21 09:41:53,145.25,2969736
2021-06-21 09:41:53,145.25,2969736
2021-06-21 09:41:57,145.15,2970743
2021-06-21 09:42:01,145.15,2979646
2021-06-21 09:42:10,145.25,2986182
2021-06-21 09:42:14,145.4,2989057
2021-06-21 09:42:17,145.3,2990875
2021-06-21 09:42:21,145.35,2994470
2021-06-21 09:42:25,145.3,2994846
2021-06-21 09:42:29,145.4,2996284
2021-06-21 09:42:33,145.35,2997113
2021-06-21 09:42:37,145.35,3000680
2021-06-21 09:42:42,145.3,3005423
2021-06-21 09:42:46,145.25,3005756
2021-06-21 09:42:50,145.3,3007111
2021-06-21 09:42:54,145.3,3008244
2021-06-21 09:42:58,145.2,3008740
2021-06-21 09:43:02,145.2,3009861
2021-06-21 09:43:06,145.2,3010221
2021-06-21 09:43:13,145.35,3016892
2021-06-21 09:43:16,145.3,3018008
2021-06-21 09:43:20,145.35,3018327
2021-06-21 09:43:24,145.35,3018375
2021-06-21 09:43:28,145.35,3018911
2021-06-21 09:43:32,145.3,3020669
2021-06-21 09:43:36,145.35,3023318
2021-06-21 09:43:40,145.3,3024261
2021-06-21 09:43:44,145.35,3028490
2021-06-21 09:43:48,145.45,3032703
2021-06-21 09:43:52,145.35,3033117
2021-06-21 09:43:56,145.45,3033470
2021-06-21 09:44:00,145.45,3033816
2021-06-21 09:44:08,145.25,3039703
2021-06-21 09:44:12,145.3,3042715
2021-06-21 09:44:16,145.25,3048534
2021-06-21 09:44:20,145.2,3051557
2021-06-21 09:44:25,145.25,3056109
2021-06-21 09:44:29,145.15,3056975
2021-06-21 09:44:33,145.25,3059970
2021-06-21 09:44:38,145.2,3062835
2021-06-21 09:44:42,145.2,3064451
2021-06-21 09:44:47,145.25,3064567
2021-06-21 09:44:51,145.3,3066447
2021-06-21 09:44:55,145.25,3069059
2021-06-21 09:44:59,145.2,3072307
2021-06-21 09:45:03,145.3,3082166
2021-06-21 09:45:07,145.25,3083176
2021-06-21 09:45:11,145.25,3084114
2021-06-21 09:45:15,145.3,3084728
2021-06-21 09:45:19,145.15,3092296
2021-06-21 09:45:23,145.2,3100768
2021-06-21 09:45:28,145.15,3102197
2021-06-21 09:45:32,145.15,3106310
2021-06-21 09:45:36,145.1,3107633
2021-06-21 09:45:41,145.2,3108616
2021-06-21 09:45:45,145.15,3110717
2021-06-21 09:45:49,145.25,3113814
2021-06-21 09:45:53,145.2,3116596
2021-06-21 09:45:57,145.2,3117613
2021-06-21 09:46:01,145.2,3118071
2021-06-21 09:46:05,145.2,3118881
2021-06-21 09:46:10,145.25,3120045
2021-06-21 09:46:14,145.3,3120376
2021-06-21 09:46:18,145.2,3120796
2021-06-21 09:46:26,145.25,3121965
2021-06-21 09:46:30,145.2,3122982
2021-06-21 09:46:34,145.15,3126139
2021-06-21 09:46:38,145.1,3128276
2021-06-21 09:46:43,145.15,3128502
2021-06-21 09:46:47,145.2,3129552
2021-06-21 09:46:51,145.15,3130634
2021-06-21 09:46:55,145.15,3130844
2021-06-21 09:46:58,145.2,3131066
2021-06-21 09:47:02,145.15,3131673
2021-06-21 09:47:05,145.2,3137388
2021-06-21 09:47:09,145.2,3137573
2021-06-21 09:47:13,145.2,3140469
2021-06-21 09:47:16,145.2,3142502
2021-06-21 09:47:20,145.25,3143229
2021-06-21 09:47:24,145.2,3143422
2021-06-21 09:47:28,145.2,3145443
2021-06-21 09:47:32,145.25,3147087
2021-06-21 09:47:36,145.2,3147394
2021-06-21 09:47:40,145.2,3147907
2021-06-21 09:47:44,145.25,3149176
2021-06-21 09:47:48,145.25,3151193
2021-06-21 09:47:52,145.2,3153546
2021-06-21 09:47:56,145.2,3154409
2021-06-21 09:48:00,145.15,3156568
2021-06-21 09:48:04,145.1,3162059
2021-06-21 09:48:08,145.05,3168605
2021-06-21 09:48:12,145.05,3171596
2021-06-21 09:48:20,145.05,3177373
2021-06-21 09:48:24,144.95,3194662
2021-06-21 09:48:28,144.95,3204261
2021-06-21 09:48:32,144.95,3206798
2021-06-21 09:48:36,144.85,3210034
2021-06-21 09:48:43,145.0,3213524
2021-06-21 09:48:47,145.05,3214679
2021-06-21 09:48:51,145.0,3218989
2021-06-21 09:48:54,145.1,3220143
2021-06-21 09:48:58,145.1,3221391
2021-06-21 09:49:02,145.0,3223144
2021-06-21 09:49:06,145.05,3225823
2021-06-21 09:49:09,145.1,3228114
2021-06-21 09:49:13,145.05,3228914
2021-06-21 09:49:17,145.1,3231991
2021-06-21 09:49:21,145.0,3233032
2021-06-21 09:49:25,145.1,3237347
2021-06-21 09:49:29,145.2,3238197
2021-06-21 09:49:32,145.1,3239096
2021-06-21 09:49:36,145.2,3241332
2021-06-21 09:49:41,145.25,3243616
2021-06-21 09:49:45,145.15,3243845
2021-06-21 09:49:49,145.2,3244781
2021-06-21 09:49:53,145.2,3244927
2021-06-21 09:49:57,145.2,3245127
2021-06-21 09:50:00,145.25,3245891
2021-06-21 09:50:04,145.2,3247068
2021-06-21 09:50:08,145.2,3247450
2021-06-21 09:50:12,145.25,3247950
2021-06-21 09:50:28,145.2,3249372
2021-06-21 09:50:32,145.15,3251094
2021-06-21 09:50:36,145.25,3252937
2021-06-21 09:50:40,145.15,3256597
2021-06-21 09:50:44,145.25,3258461
2021-06-21 09:50:47,145.3,3263081
2021-06-21 09:50:52,145.25,3263879
2021-06-21 09:50:56,145.25,3267605
2021-06-21 09:51:00,145.3,3268900
2021-06-21 09:51:04,145.3,3269558
2021-06-21 09:51:08,145.35,3282642
2021-06-21 09:51:12,145.35,3292086
2021-06-21 09:51:16,145.35,3292331
2021-06-21 09:51:19,145.4,3294622
2021-06-21 09:51:23,145.3,3295649
2021-06-21 09:51:27,145.15,3320232
2021-06-21 09:51:32,145.2,3330586
2021-06-21 09:51:35,145.15,3337526
2021-06-21 09:51:43,145.2,3339595
2021-06-21 09:51:47,145.25,3339785
2021-06-21 09:51:51,145.25,3340346
2021-06-21 09:51:55,145.25,3340549
2021-06-21 09:51:59,145.2,3342742
2021-06-21 09:52:03,145.1,3348977
2021-06-21 09:52:07,145.05,3351284
2021-06-21 09:52:11,145.1,3352826
2021-06-21 09:52:15,145.05,3353294
2021-06-21 09:52:19,145.05,3354039
2021-06-21 09:52:23,145.0,3354815
2021-06-21 09:52:32,145.0,3356504
2021-06-21 09:52:36,145.05,3359236
2021-06-21 09:52:40,145.0,3361214
2021-06-21 09:52:44,145.1,3365967
2021-06-21 09:52:47,145.05,3366087
2021-06-21 09:52:51,145.1,3367555
2021-06-21 09:52:55,145.05,3369631
2021-06-21 09:53:03,145.05,3372516
2021-06-21 09:53:07,145.1,3373091
2021-06-21 09:53:10,145.3,3399602
2021-06-21 09:53:14,145.3,3408937
2021-06-21 09:53:18,145.25,3408942
2021-06-21 09:53:22,145.3,3412805
2021-06-21 09:53:26,145.3,3413750
2021-06-21 09:53:30,145.3,3413898
2021-06-21 09:53:33,145.3,3414459
2021-06-21 09:53:37,145.3,3415243
2021-06-21 09:53:41,145.35,3418556
2021-06-21 09:53:45,145.25,3423804
2021-06-21 09:53:49,145.3,3423857
2021-06-21 09:53:53,145.25,3424925
2021-06-21 09:53:57,145.3,3425425
2021-06-21 09:54:00,145.2,3436465
2021-06-21 09:54:04,145.3,3436890
2021-06-21 09:54:07,145.2,3439009
2021-06-21 09:54:11,145.25,3439412
2021-06-21 09:54:15,145.25,3439790
2021-06-21 09:54:20,145.25,3441633
2021-06-21 09:54:24,145.25,3442286
2021-06-21 09:54:27,145.3,3442730
2021-06-21 09:54:31,145.25,3442867
2021-06-21 09:54:35,145.2,3444049
2021-06-21 09:54:39,145.25,3444270
2021-06-21 09:54:43,145.2,3448538
2021-06-21 09:54:51,145.15,3452747
2021-06-21 09:54:55,145.2,3453908
2021-06-21 09:54:59,145.1,3454046
2021-06-21 09:55:03,145.2,3454271
2021-06-21 09:55:06,145.2,3454271
2021-06-21 09:55:10,145.2,3456076
2021-06-21 09:55:14,145.2,3456974
2021-06-21 09:55:27,145.2,3458390
2021-06-21 09:55:31,145.1,3558632
2021-06-21 09:55:35,145.1,3560262
2021-06-21 09:55:39,145.05,3563472
2021-06-21 09:55:43,145.05,3576791
2021-06-21 09:55:47,145.0,3578708
2021-06-21 09:55:52,144.95,3579356
2021-06-21 09:55:59,145.0,3581116
2021-06-21 09:56:03,144.9,3581614
2021-06-21 09:56:07,145.0,3582832
2021-06-21 09:56:11,144.9,3584093
2021-06-21 09:56:14,145.0,3585383
2021-06-21 09:56:21,145.0,3587405
2021-06-21 09:56:29,144.8,3656808
2021-06-21 09:56:33,144.9,3668138
2021-06-21 09:56:37,144.85,3669013
2021-06-21 09:56:40,144.9,3670616
2021-06-21 09:56:44,144.85,3670891
2021-06-21 09:56:48,144.9,3673099
2021-06-21 09:56:52,144.95,3674443
2021-06-21 09:56:56,144.85,3676486
2021-06-21 09:57:00,144.95,3677918
2021-06-21 09:57:03,144.9,3679045
2021-06-21 09:57:07,144.9,3682513
2021-06-21 09:57:11,144.95,3684381
2021-06-21 09:57:14,144.95,3685843
2021-06-21 09:57:18,144.95,3687218
2021-06-21 09:57:22,144.9,3687434
2021-06-21 09:57:25,144.95,3688881
2021-06-21 09:57:29,144.95,3689984
2021-06-21 09:57:37,145.0,3690431
2021-06-21 09:57:44,144.95,3690787
2021-06-21 09:57:48,144.95,3692917
2021-06-21 09:57:52,144.95,3696252
2021-06-21 09:57:55,144.95,3696774
2021-06-21 09:57:59,145.05,3708863
2021-06-21 09:58:02,145.0,3709400
2021-06-21 09:58:14,145.05,3713715
2021-06-21 09:58:18,145.1,3716199
2021-06-21 09:58:23,145.1,3717236
2021-06-21 09:58:27,145.1,3717412
2021-06-21 09:58:31,145.1,3717598
2021-06-21 09:58:35,145.1,3718266
2021-06-21 09:58:39,145.0,3725248
2021-06-21 09:58:43,145.05,3729166
2021-06-21 09:58:47,145.0,3730494
2021-06-21 09:58:50,145.0,3730849
2021-06-21 09:58:54,145.05,3731302
2021-06-21 09:58:57,145.05,3735407
2021-06-21 09:59:01,145.05,3736059
2021-06-21 09:59:04,145.05,3736733
2021-06-21 09:59:09,145.05,3737440
2021-06-21 09:59:12,145.15,3744638
2021-06-21 09:59:16,145.15,3744716
2021-06-21 09:59:20,145.05,3745912
2021-06-21 09:59:23,145.15,3746653
2021-06-21 09:59:27,145.05,3746773
2021-06-21 09:59:30,145.05,3747089
2021-06-21 09:59:34,145.1,3747634
2021-06-21 09:59:37,145.1,3747893
2021-06-21 09:59:41,145.15,3748053
2021-06-21 09:59:45,145.1,3748854
2021-06-21 09:59:49,145.15,3749089
2021-06-21 09:59:52,145.15,3749354
2021-06-21 09:59:56,145.1,3749954
2021-06-21 10:00:00,145.1,3751237
2021-06-21 10:00:03,145.1,3754062
2021-06-21 10:00:07,145.05,3754618
2021-06-21 10:00:11,145.05,3754727
2021-06-21 10:00:15,145.1,3755762
2021-06-21 10:00:18,145.2,3758046
2021-06-21 10:00:21,145.2,3758588
2021-06-21 10:00:25,145.15,3759676
2021-06-21 10:00:29,145.1,3759854
2021-06-21 10:00:33,145.05,3761003
2021-06-21 10:00:36,145.1,3762195
2021-06-21 10:00:40,145.1,3762687
2021-06-21 10:00:44,145.15,3763221
2021-06-21 10:00:48,145.1,3764328
2021-06-21 10:00:52,145.2,3764498
2021-06-21 10:00:56,145.15,3828308
2021-06-21 10:01:00,145.15,3838086
2021-06-21 10:01:04,145.2,3856726
2021-06-21 10:01:08,145.35,3860164
2021-06-21 10:01:11,145.3,3860474
2021-06-21 10:01:15,145.35,3861744
2021-06-21 10:01:19,145.35,3861977
2021-06-21 10:01:23,145.25,3862493
2021-06-21 10:01:27,145.35,3863810
2021-06-21 10:01:31,145.35,3864828
2021-06-21 10:01:34,145.3,3865881
2021-06-21 10:01:38,145.35,3868321
2021-06-21 10:01:41,145.35,3886978
2021-06-21 10:01:45,145.25,3887133
2021-06-21 10:01:49,145.35,3891071
2021-06-21 10:01:53,145.3,3891617
2021-06-21 10:01:56,145.35,3892251
2021-06-21 10:02:00,145.25,3893385
2021-06-21 10:02:03,145.3,3894543
2021-06-21 10:02:07,145.25,3899050
2021-06-21 10:02:11,145.25,3900254
2021-06-21 10:02:15,145.15,3901541
2021-06-21 10:02:18,145.2,3902875
2021-06-21 10:02:22,145.2,3903135
2021-06-21 10:02:26,145.2,3903288
2021-06-21 10:02:30,145.25,3905682
2021-06-21 10:02:33,145.2,3906240
2021-06-21 10:02:37,145.25,3906667
2021-06-21 10:02:41,145.15,3907016
2021-06-21 10:02:44,145.15,3907492
2021-06-21 10:02:48,145.25,3908782
2021-06-21 10:02:51,145.15,3910837
2021-06-21 10:02:55,145.15,3911351
2021-06-21 10:02:58,145.2,3912041
2021-06-21 10:03:02,145.25,3912222
2021-06-21 10:03:06,145.25,3913564
2021-06-21 10:03:10,145.2,3913578
2021-06-21 10:03:13,145.25,3913952
2021-06-21 10:03:17,145.25,3914106
2021-06-21 10:03:20,145.3,3914716
2021-06-21 10:03:24,145.3,3914868
2021-06-21 10:03:27,145.3,3914913
2021-06-21 10:03:31,145.3,3915963
2021-06-21 10:03:34,145.25,3916426
2021-06-21 10:03:38,145.3,3917745
2021-06-21 10:03:41,145.3,3919136
2021-06-21 10:03:44,145.25,3919550
2021-06-21 10:03:47,145.3,3920653
2021-06-21 10:03:50,145.3,3920826
2021-06-21 10:03:54,145.3,3921572
2021-06-21 10:03:57,145.3,3922709
2021-06-21 10:04:01,145.3,3928802
2021-06-21 10:04:05,145.35,3929878
2021-06-21 10:04:08,145.35,3930160
2021-06-21 10:04:11,145.3,3930574
2021-06-21 10:04:14,145.3,3931048
2021-06-21 10:04:18,145.3,3931206
2021-06-21 10:04:21,145.35,3932383
2021-06-21 10:04:25,145.25,3934024
2021-06-21 10:04:28,145.3,3934182
2021-06-21 10:04:32,145.3,3934756
2021-06-21 10:04:35,145.3,3935613
2021-06-21 10:04:38,145.25,3938050
2021-06-21 10:04:42,145.3,3938631
2021-06-21 10:04:45,145.3,3940182
2021-06-21 10:04:49,145.25,3941965
2021-06-21 10:04:52,145.3,3942391
2021-06-21 10:04:56,145.35,3952609
2021-06-21 10:04:59,145.3,3952679
2021-06-21 10:05:03,145.3,3954410
2021-06-21 10:05:09,145.25,3955683
2021-06-21 10:05:12,145.25,3958349
2021-06-21 10:05:16,145.25,3958776
2021-06-21 10:05:19,145.25,3959905
2021-06-21 10:05:23,145.25,3971621
2021-06-21 10:05:26,145.3,3973604
2021-06-21 10:05:30,145.25,3974510
2021-06-21 10:05:33,145.25,3975655
2021-06-21 10:05:40,145.25,3977754
2021-06-21 10:05:44,145.35,3979074
2021-06-21 10:05:47,145.35,3997627
2021-06-21 10:05:50,145.35,3997880
2021-06-21 10:05:53,145.3,4000629
2021-06-21 10:05:56,145.25,4001486
2021-06-21 10:06:00,145.3,4001773
2021-06-21 10:06:03,145.3,4001916
2021-06-21 10:06:07,145.35,4002318
2021-06-21 10:06:10,145.3,4003059
2021-06-21 10:06:18,145.3,4005819
2021-06-21 10:06:21,145.35,4006114
2021-06-21 10:06:24,145.3,4006595
2021-06-21 10:06:28,145.4,4006805
2021-06-21 10:06:32,145.35,4007305
2021-06-21 10:06:35,145.35,4008177
2021-06-21 10:06:38,145.35,4008445
2021-06-21 10:06:42,145.35,4008760
2021-06-21 10:06:45,145.35,4010008
2021-06-21 10:06:48,145.35,4011430
2021-06-21 10:06:51,145.35,4011799
2021-06-21 10:06:54,145.4,4012854
2021-06-21 10:06:57,145.35,4015393
2021-06-21 10:07:00,145.35,4016049
2021-06-21 10:07:03,145.35,4016667
2021-06-21 10:07:06,145.35,4018452
2021-06-21 10:07:09,145.35,4018736
2021-06-21 10:07:12,145.35,4018908
2021-06-21 10:07:15,145.35,4019512
2021-06-21 10:07:18,145.3,4019704
2021-06-21 10:07:24,145.3,4025645
2021-06-21 10:07:27,145.3,4025916
2021-06-21 10:07:30,145.35,4026552
2021-06-21 10:07:34,145.3,4049653
2021-06-21 10:07:37,145.3,4053334
2021-06-21 10:07:41,145.3,4055149
2021-06-21 10:07:45,145.3,4056232
2021-06-21 10:07:48,145.3,4059207
2021-06-21 10:07:51,145.35,4059710
2021-06-21 10:07:54,145.35,4061833
2021-06-21 10:07:58,145.35,4062475
2021-06-21 10:08:04,145.35,4065921
2021-06-21 10:08:07,145.35,4066729
2021-06-21 10:08:10,145.35,4066755
2021-06-21 10:08:14,145.35,4069722
2021-06-21 10:08:17,145.35,4069977
2021-06-21 10:08:21,145.3,4070366
2021-06-21 10:08:24,145.35,4070467
2021-06-21 10:08:27,145.35,4070579
2021-06-21 10:08:34,145.4,4074351
2021-06-21 10:08:37,145.35,4074452
2021-06-21 10:08:40,145.35,4075112
2021-06-21 10:08:44,145.4,4075997
2021-06-21 10:08:47,145.4,4076141
2021-06-21 10:08:50,145.35,4077131
2021-06-21 10:08:54,145.35,4077934
2021-06-21 10:08:57,145.35,4078099
2021-06-21 10:09:00,145.35,4078580
2021-06-21 10:09:04,145.35,4078847
2021-06-21 10:09:07,145.4,4080511
2021-06-21 10:09:11,145.4,4082164
2021-06-21 10:09:14,145.35,4084689
2021-06-21 10:09:17,145.35,4084891
2021-06-21 10:09:20,145.4,4085605
2021-06-21 10:09:23,145.3,4085990
2021-06-21 10:09:26,145.35,4086300
2021-06-21 10:09:29,145.3,4086951
2021-06-21 10:09:32,145.3,4088730
2021-06-21 10:09:36,145.3,4089660
2021-06-21 10:09:39,145.35,4089884
2021-06-21 10:09:42,145.35,4089953
2021-06-21 10:09:45,145.3,4090516
2021-06-21 10:09:49,145.3,4090652
2021-06-21 10:09:52,145.4,4091403
2021-06-21 10:09:55,145.35,4091662
2021-06-21 10:09:59,145.35,4094047
2021-06-21 10:10:02,145.35,4097195
2021-06-21 10:10:05,145.4,4097683
2021-06-21 10:10:09,145.4,4098345
2021-06-21 10:10:12,145.35,4100395
2021-06-21 10:10:15,145.35,4101417
2021-06-21 10:10:18,145.35,4101623
2021-06-21 10:10:22,145.35,4102387
2021-06-21 10:10:29,145.4,4114599
2021-06-21 10:10:32,145.4,4115320
2021-06-21 10:10:35,145.4,4115929
2021-06-21 10:10:38,145.4,4117071
2021-06-21 10:10:41,145.4,4117325
2021-06-21 10:10:44,145.45,4119388
2021-06-21 10:10:47,145.45,4122343
2021-06-21 10:10:50,145.65,4143428
2021-06-21 10:10:53,145.55,4144099
2021-06-21 10:10:57,145.55,4146154
2021-06-21 10:11:00,145.55,4151393
2021-06-21 10:11:03,145.5,4151438
2021-06-21 10:11:06,145.45,4152638
2021-06-21 10:11:09,145.4,4153549
2021-06-21 10:11:15,145.4,4156367
2021-06-21 10:11:18,145.45,4156817
2021-06-21 10:11:21,145.4,4161222
2021-06-21 10:11:24,145.4,4164856
2021-06-21 10:11:27,145.4,4166316
2021-06-21 10:11:30,145.45,4167933
2021-06-21 10:11:33,145.45,4170248
2021-06-21 10:11:37,145.55,4173159
2021-06-21 10:11:40,145.55,4176454
2021-06-21 10:11:43,145.55,4180011
2021-06-21 10:11:46,145.5,4180111
2021-06-21 10:11:49,145.5,4181708
2021-06-21 10:11:52,145.55,4182509
2021-06-21 10:11:55,145.5,4182737
2021-06-21 10:11:58,145.5,4183903
2021-06-21 10:12:01,145.6,4184288
2021-06-21 10:12:04,145.55,4184293
2021-06-21 10:12:08,145.5,4194794
2021-06-21 10:12:11,145.55,4195533
2021-06-21 10:12:15,145.55,4197761
2021-06-21 10:12:18,145.5,4198814
2021-06-21 10:12:25,145.5,4199910
2021-06-21 10:12:28,145.5,4200329
2021-06-21 10:12:32,145.55,4202363
2021-06-21 10:12:35,145.55,4203022
2021-06-21 10:12:39,145.6,4203401
2021-06-21 10:12:42,145.5,4204215
2021-06-21 10:12:45,145.6,4204566
2021-06-21 10:12:48,145.6,4205172
2021-06-21 10:12:51,145.6,4205592
2021-06-21 10:12:54,145.6,4206278
2021-06-21 10:12:57,145.55,4207356
2021-06-21 10:13:00,145.6,4208343
2021-06-21 10:13:03,145.65,4208759
2021-06-21 10:13:06,145.7,4220952
2021-06-21 10:13:12,145.7,4303323
2021-06-21 10:13:15,145.6,4305794
2021-06-21 10:13:18,145.7,4316232
2021-06-21 10:13:21,145.6,4318883
2021-06-21 10:13:25,145.55,4344479
2021-06-21 10:13:28,145.5,4351666
2021-06-21 10:13:31,145.5,4359889
2021-06-21 10:13:35,145.5,4369066
2021-06-21 10:13:38,145.45,4369846
2021-06-21 10:13:41,145.5,4373783
2021-06-21 10:13:44,145.55,4374833
2021-06-21 10:13:47,145.5,4378845
2021-06-21 10:13:51,145.5,4385142
2021-06-21 10:13:54,145.5,4397467
2021-06-21 10:13:57,145.5,4397792
2021-06-21 10:14:00,145.55,4403117
2021-06-21 10:14:03,145.45,4403749
2021-06-21 10:14:07,145.45,4407380
2021-06-21 10:14:11,145.5,4407419
2021-06-21 10:14:14,145.55,4408046
2021-06-21 10:14:17,145.5,4408417
2021-06-21 10:14:21,145.55,4410523
2021-06-21 10:14:24,145.55,4410943
2021-06-21 10:14:27,145.5,4411084
2021-06-21 10:14:30,145.5,4411218
2021-06-21 10:14:33,145.5,4412339
2021-06-21 10:14:36,145.45,4418379
2021-06-21 10:14:39,145.55,4425453
2021-06-21 10:14:42,145.55,4426354
2021-06-21 10:14:45,145.4,4430401
2021-06-21 10:14:48,145.45,4431295
2021-06-21 10:14:51,145.45,4432426
2021-06-21 10:14:55,145.45,4433065
2021-06-21 10:15:01,145.4,4434636
2021-06-21 10:15:07,145.3,4440647
2021-06-21 10:15:11,145.35,4441587
2021-06-21 10:15:15,145.3,4442045
2021-06-21 10:15:18,145.3,4442166
2021-06-21 10:15:22,145.35,4442860
2021-06-21 10:15:24,145.3,4443536
2021-06-21 10:15:27,145.3,4445291
2021-06-21 10:15:30,145.3,4453453
2021-06-21 10:15:34,145.25,4456575
2021-06-21 10:15:37,145.25,4461767
2021-06-21 10:15:40,145.3,4463445
2021-06-21 10:15:43,145.3,4464287
2021-06-21 10:15:46,145.35,4467519
2021-06-21 10:15:49,145.3,4467569
2021-06-21 10:15:52,145.3,4468117
2021-06-21 10:15:55,145.25,4468609
2021-06-21 10:15:58,145.3,4470302
2021-06-21 10:16:02,145.35,4471659
2021-06-21 10:16:05,145.3,4471701
2021-06-21 10:16:08,145.35,4471977
2021-06-21 10:16:11,145.35,4472129
2021-06-21 10:16:14,145.3,4472649
2021-06-21 10:16:17,145.3,4473168
2021-06-21 10:16:20,145.35,4474018
2021-06-21 10:16:23,145.35,4474845
2021-06-21 10:16:26,145.4,4475069
2021-06-21 10:16:29,145.4,4475438
2021-06-21 10:16:35,145.4,4477056
2021-06-21 10:16:41,145.4,4477604
2021-06-21 10:16:44,145.35,4477915
2021-06-21 10:16:47,145.4,4478630
2021-06-21 10:16:50,145.4,4480975
2021-06-21 10:16:53,145.4,4480976
2021-06-21 10:16:56,145.35,4482177
2021-06-21 10:16:58,145.4,4482509
2021-06-21 10:17:01,145.4,4482629
2021-06-21 10:17:04,145.35,4486928
2021-06-21 10:17:07,145.4,4490468
2021-06-21 10:17:11,145.4,4491840
2021-06-21 10:17:14,145.35,4516359
2021-06-21 10:17:18,145.25,4517485
2021-06-21 10:17:21,145.25,4520827
2021-06-21 10:17:24,145.25,4521912
2021-06-21 10:17:27,145.2,4527903
2021-06-21 10:17:30,145.15,4529231
2021-06-21 10:17:34,145.2,4530461
2021-06-21 10:17:37,145.2,4533726
2021-06-21 10:17:41,145.15,4534241
2021-06-21 10:17:44,145.1,4534911
2021-06-21 10:17:47,145.15,4536116
2021-06-21 10:17:50,145.2,4537481
2021-06-21 10:17:53,145.15,4541868
2021-06-21 10:17:57,145.15,4541868
2021-06-21 10:18:00,145.15,4542612
2021-06-21 10:18:03,145.2,4542771
2021-06-21 10:18:06,145.15,4543701
2021-06-21 10:18:09,145.1,4545193
2021-06-21 10:18:11,145.1,4545570
2021-06-21 10:18:15,145.15,4546328
2021-06-21 10:18:18,145.2,4546796
2021-06-21 10:18:21,145.2,4546875
2021-06-21 10:18:25,145.15,4546970
2021-06-21 10:18:28,145.15,4547036
2021-06-21 10:18:31,145.2,4548644
2021-06-21 10:18:35,145.2,4549424
2021-06-21 10:18:38,145.2,4550094
2021-06-21 10:18:41,145.05,4620701
2021-06-21 10:18:44,145.05,4628805
2021-06-21 10:18:47,145.15,4634126
2021-06-21 10:18:50,145.1,4634637
2021-06-21 10:18:53,145.05,4639402
2021-06-21 10:18:56,145.1,4640309
2021-06-21 10:18:59,145.05,4640712
2021-06-21 10:19:01,145.0,4640853
2021-06-21 10:19:04,145.2,4642841
2021-06-21 10:19:07,145.1,4643242
2021-06-21 10:19:10,145.1,4643694
2021-06-21 10:19:13,145.1,4644340
2021-06-21 10:19:16,145.15,4646296
2021-06-21 10:19:19,145.3,4648440
2021-06-21 10:19:22,145.25,4649536
2021-06-21 10:19:26,145.2,4650128
2021-06-21 10:19:29,145.3,4650272
2021-06-21 10:19:33,145.3,4652217
2021-06-21 10:19:37,145.35,4652514
2021-06-21 10:19:41,145.3,4652965
2021-06-21 10:19:44,145.35,4653104
2021-06-21 10:19:48,145.4,4654213
2021-06-21 10:19:51,145.35,4654630
2021-06-21 10:19:54,145.4,4654956
2021-06-21 10:19:57,145.35,4656461
2021-06-21 10:20:00,145.4,4659146
2021-06-21 10:20:04,145.4,4659964
2021-06-21 10:20:07,145.35,4661848
2021-06-21 10:20:09,145.4,4662159
2021-06-21 10:20:13,145.4,4666302
2021-06-21 10:20:16,145.4,4667674
2021-06-21 10:20:19,145.4,4668420
2021-06-21 10:20:22,145.4,4669528
2021-06-21 10:20:27,145.45,4670086
2021-06-21 10:20:30,145.4,4670222
2021-06-21 10:20:33,145.4,4670723
2021-06-21 10:20:36,145.45,4670725
2021-06-21 10:20:45,145.45,4671892
2021-06-21 10:20:48,145.5,4672346
2021-06-21 10:20:51,145.5,4672636
2021-06-21 10:20:54,145.45,4672861
2021-06-21 10:20:57,145.45,4672960
2021-06-21 10:21:00,145.5,4673297
2021-06-21 10:21:04,145.45,4673877
2021-06-21 10:21:07,145.45,4675191
2021-06-21 10:21:10,145.45,4675682
2021-06-21 10:21:14,145.45,4677603
2021-06-21 10:21:16,145.4,4677647
2021-06-21 10:21:19,145.45,4678309
2021-06-21 10:21:22,145.45,4678997
2021-06-21 10:21:25,145.45,4679290
2021-06-21 10:21:28,145.4,4680591
2021-06-21 10:21:31,145.45,4682761
2021-06-21 10:21:34,145.4,4683817
2021-06-21 10:21:37,145.5,4685130
2021-06-21 10:21:39,145.5,4685513
2021-06-21 10:21:42,145.55,4685823
2021-06-21 10:21:45,145.55,4687297
2021-06-21 10:21:47,145.6,4689070
2021-06-21 10:21:50,145.7,4691199
2021-06-21 10:21:53,145.6,4692283
2021-06-21 10:21:56,145.65,4693195
2021-06-21 10:21:59,145.7,4694472
2021-06-21 10:22:02,145.6,4696236
2021-06-21 10:22:05,145.6,4696684
2021-06-21 10:22:08,145.7,4696685
2021-06-21 10:22:10,145.6,4696847
2021-06-21 10:22:13,145.6,4696956
2021-06-21 10:22:16,145.6,4697060
2021-06-21 10:22:19,145.65,4697687
2021-06-21 10:22:22,145.65,4698345
2021-06-21 10:22:24,145.6,4698727
2021-06-21 10:22:27,145.6,4699828
2021-06-21 10:22:30,145.65,4700212
2021-06-21 10:22:34,145.65,4702269
2021-06-21 10:22:37,145.6,4703269
2021-06-21 10:22:40,145.6,4704273
2021-06-21 10:22:42,145.6,4705877
2021-06-21 10:22:45,145.7,4706535
2021-06-21 10:22:48,145.65,4766539
2021-06-21 10:22:51,145.6,4768143
2021-06-21 10:22:54,145.55,4776266
2021-06-21 10:22:57,145.6,4776997
2021-06-21 10:23:00,145.55,4778124
2021-06-21 10:23:03,145.7,4780109
2021-06-21 10:23:05,145.6,4780354
2021-06-21 10:23:08,145.65,4783394
2021-06-21 10:23:11,145.6,4784155
2021-06-21 10:23:15,145.7,4784577
2021-06-21 10:23:18,145.7,4784977
2021-06-21 10:23:21,145.6,4785437
2021-06-21 10:23:24,145.6,4785822
2021-06-21 10:23:27,145.6,4786282
2021-06-21 10:23:30,145.65,4787528
2021-06-21 10:23:33,145.55,4788003
2021-06-21 10:23:36,145.65,4788639
2021-06-21 10:23:39,145.65,4789953
2021-06-21 10:23:41,145.55,4790253
2021-06-21 10:23:44,145.65,4812085
2021-06-21 10:23:47,145.5,4817298
2021-06-21 10:23:50,145.5,4821065
2021-06-21 10:23:53,145.6,4822066
2021-06-21 10:23:56,145.55,4822269
2021-06-21 10:23:59,145.5,4822759
2021-06-21 10:24:01,145.5,4823619
2021-06-21 10:24:04,145.45,4823749
2021-06-21 10:24:07,145.5,4824138
2021-06-21 10:24:10,145.5,4824442
2021-06-21 10:24:12,145.6,4824504
2021-06-21 10:24:14,145.55,4825861
2021-06-21 10:24:17,145.6,4826119
2021-06-21 10:24:19,145.55,4826131
2021-06-21 10:24:22,145.5,4846313
2021-06-21 10:24:25,145.45,4847503
2021-06-21 10:24:27,145.4,4849502
2021-06-21 10:24:30,145.4,4849686
2021-06-21 10:24:32,145.45,4850421
2021-06-21 10:24:35,145.45,4853619
2021-06-21 10:24:37,145.4,4909446
2021-06-21 10:24:40,145.35,4909645
2021-06-21 10:24:43,145.3,4918416
2021-06-21 10:24:46,145.3,4920291
2021-06-21 10:24:49,145.35,4922294
2021-06-21 10:24:51,145.3,4922613
2021-06-21 10:24:54,145.3,4932755
2021-06-21 10:24:56,145.35,4935024
2021-06-21 10:25:00,145.25,4987809
2021-06-21 10:25:03,145.35,4997337
2021-06-21 10:25:05,145.35,5003042
2021-06-21 10:25:08,145.3,5003128
2021-06-21 10:25:11,145.25,5004222
2021-06-21 10:25:14,145.25,5005361
2021-06-21 10:25:16,145.3,5006846
2021-06-21 10:25:19,145.3,5007334
2021-06-21 10:25:21,145.3,5007874
2021-06-21 10:25:27,145.3,5008926
2021-06-21 10:25:29,145.25,5010279
2021-06-21 10:25:32,145.3,5010309
2021-06-21 10:25:38,145.25,5014148
2021-06-21 10:25:40,145.25,5014558
2021-06-21 10:25:43,145.3,5015317
2021-06-21 10:25:46,145.3,5022883
2021-06-21 10:25:49,145.25,5024116
2021-06-21 10:25:51,145.3,5024173
2021-06-21 10:25:54,145.25,5024581
2021-06-21 10:25:57,145.25,5024703
2021-06-21 10:26:00,145.25,5024970
2021-06-21 10:26:03,145.25,5026170
2021-06-21 10:26:06,145.3,5026586
2021-06-21 10:26:08,145.25,5032950
2021-06-21 10:26:11,145.25,5033905
2021-06-21 10:26:14,145.25,5035501
2021-06-21 10:26:17,145.3,5036551
2021-06-21 10:26:20,145.25,5036754
2021-06-21 10:26:22,145.25,5036935
2021-06-21 10:26:25,145.25,5037007
2021-06-21 10:26:28,145.25,5037127
2021-06-21 10:26:31,145.3,5037295
2021-06-21 10:26:34,145.25,5037806
2021-06-21 10:26:37,145.25,5037886
2021-06-21 10:26:40,145.3,5037910
2021-06-21 10:26:43,145.3,5038163
2021-06-21 10:26:46,145.25,5038603
2021-06-21 10:26:49,145.3,5038943
2021-06-21 10:26:52,145.25,5086849
2021-06-21 10:26:53,145.2,5087710
2021-06-21 10:26:54,145.2,5087710
2021-06-21 10:26:55,145.2,5091164
2021-06-21 10:26:56,145.2,5091526
2021-06-21 10:26:57,145.1,5118747
2021-06-21 10:26:59,145.1,5121499
2021-06-21 10:26:59,145.1,5121499
2021-06-21 10:27:00,145.05,5121899
2021-06-21 10:27:01,145.0,5122071
2021-06-21 10:27:03,145.0,5122071
2021-06-21 10:27:03,145.05,5126940
2021-06-21 10:27:04,145.05,5126940
2021-06-21 10:27:05,145.0,5173962
2021-06-21 10:27:06,145.0,5173962
2021-06-21 10:27:07,145.0,5174514
2021-06-21 10:27:08,145.0,5174534
2021-06-21 10:27:09,144.9,5178448
2021-06-21 10:27:10,144.95,5185725
2021-06-21 10:27:11,144.95,5185746
2021-06-21 10:27:12,144.9,5188174
2021-06-21 10:27:13,144.85,5188741
2021-06-21 10:27:14,144.85,5189132
2021-06-21 10:27:15,145.0,5189967
2021-06-21 10:27:16,144.95,5190675
2021-06-21 10:27:17,144.95,5190675
2021-06-21 10:27:18,144.95,5191005
2021-06-21 10:27:19,144.95,5192542
2021-06-21 10:27:20,145.0,5192834
2021-06-21 10:27:21,144.9,5193208
2021-06-21 10:27:23,144.85,5195235
2021-06-21 10:27:24,144.95,5197050
2021-06-21 10:27:24,144.85,5197260
2021-06-21 10:27:25,144.95,5201460
2021-06-21 10:27:26,144.95,5206484
2021-06-21 10:27:27,144.95,5206484
2021-06-21 10:27:28,144.95,5206489
2021-06-21 10:27:29,144.95,5206526
2021-06-21 10:27:30,144.95,5207965
2021-06-21 10:27:31,144.9,5208071
2021-06-21 10:27:32,144.9,5208071
2021-06-21 10:27:33,144.85,5209795
2021-06-21 10:27:34,144.9,5209802
2021-06-21 10:27:35,144.9,5210510
2021-06-21 10:27:36,144.9,5220146
2021-06-21 10:27:37,144.8,5220571
2021-06-21 10:27:38,144.9,5220881
2021-06-21 10:27:39,144.8,5221325
2021-06-21 10:27:40,144.85,5227091
2021-06-21 10:27:41,144.8,5227331
2021-06-21 10:27:42,144.8,5228798
2021-06-21 10:27:43,144.85,5229123
2021-06-21 10:27:44,144.9,5233431
2021-06-21 10:27:46,144.9,5239481
2021-06-21 10:27:46,144.9,5240446
2021-06-21 10:27:47,144.85,5240456
2021-06-21 10:27:48,144.9,5240516
2021-06-21 10:27:49,144.85,5240591
2021-06-21 10:27:51,144.85,5241626
2021-06-21 10:27:52,144.85,5241626
2021-06-21 10:27:53,144.8,5242726
2021-06-21 10:27:54,144.8,5242726
2021-06-21 10:27:56,144.7,5279113
2021-06-21 10:27:57,144.75,5280036
2021-06-21 10:27:58,144.7,5281273
2021-06-21 10:27:59,144.65,5281294
2021-06-21 10:28:00,144.65,5281677
2021-06-21 10:28:01,144.55,5289361
2021-06-21 10:28:02,144.65,5289872
2021-06-21 10:28:02,144.55,5290073
2021-06-21 10:28:03,144.55,5296184
2021-06-21 10:28:04,144.6,5296873
2021-06-21 10:28:05,144.65,5296878
2021-06-21 10:28:06,144.6,5296953
2021-06-21 10:28:07,144.6,5297466
2021-06-21 10:28:08,144.6,5298072
2021-06-21 10:28:09,144.65,5299932
2021-06-21 10:28:10,144.6,5303197
2021-06-21 10:28:11,144.65,5304000
2021-06-21 10:28:12,144.6,5305134
2021-06-21 10:28:13,144.65,5306059
2021-06-21 10:28:14,144.65,5306589
2021-06-21 10:28:15,144.6,5310202
2021-06-21 10:28:16,144.7,5310208
2021-06-21 10:28:20,144.65,5311908
2021-06-21 10:28:21,144.65,5311959
2021-06-21 10:28:22,144.65,5312681
2021-06-21 10:28:23,144.65,5312993
2021-06-21 10:28:24,144.65,5321760
2021-06-21 10:28:25,144.6,5324736
2021-06-21 10:28:26,144.7,5324836
2021-06-21 10:28:26,144.7,5324836
2021-06-21 10:28:27,144.65,5325299
2021-06-21 10:28:28,144.65,5326301
2021-06-21 10:28:29,144.65,5326301
2021-06-21 10:28:30,144.65,5326522
2021-06-21 10:28:31,144.7,5326548
2021-06-21 10:28:32,144.8,5327427
2021-06-21 10:28:33,144.7,5327678
2021-06-21 10:28:35,144.7,5327834
2021-06-21 10:28:36,144.8,5328056
2021-06-21 10:28:36,144.8,5328056
2021-06-21 10:28:37,144.75,5328066
2021-06-21 10:28:38,144.75,5328576
2021-06-21 10:28:39,144.75,5329677
2021-06-21 10:28:40,144.8,5331532
2021-06-21 10:28:41,144.85,5332062
2021-06-21 10:28:42,144.8,5333089
2021-06-21 10:28:43,144.85,5333589
2021-06-21 10:28:44,144.85,5333594
2021-06-21 10:28:45,144.8,5333876
2021-06-21 10:28:46,144.9,5336501
2021-06-21 10:28:47,144.9,5336506
2021-06-21 10:28:48,144.8,5336894
2021-06-21 10:28:49,144.9,5336898
2021-06-21 10:28:50,144.9,5336898
2021-06-21 10:28:51,144.9,5337587
2021-06-21 10:28:53,144.8,5337896
2021-06-21 10:28:53,144.8,5337896
2021-06-21 10:28:54,144.8,5338096
2021-06-21 10:28:55,144.85,5338121
2021-06-21 10:28:56,144.85,5338221
2021-06-21 10:28:57,144.8,5338295
2021-06-21 10:28:58,144.9,5338415
2021-06-21 10:28:59,144.9,5338625
2021-06-21 10:29:01,144.8,5338634
2021-06-21 10:29:02,144.8,5351057
2021-06-21 10:29:03,144.85,5351058
2021-06-21 10:29:04,144.8,5351088
2021-06-21 10:29:05,144.8,5352490
2021-06-21 10:29:05,144.75,5352990
2021-06-21 10:29:07,144.75,5356528
2021-06-21 10:29:08,144.75,5356530
2021-06-21 10:29:08,144.75,5356530
2021-06-21 10:29:09,144.8,5357390
2021-06-21 10:29:11,144.8,5360966
2021-06-21 10:29:12,144.8,5361220
2021-06-21 10:29:13,144.8,5362145
2021-06-21 10:29:15,144.85,5362864
2021-06-21 10:29:16,144.75,5363396
2021-06-21 10:29:16,144.75,5363396
2021-06-21 10:29:17,144.8,5364096
2021-06-21 10:29:18,144.75,5364446
2021-06-21 10:29:19,144.8,5364449
2021-06-21 10:29:20,144.8,5364449
2021-06-21 10:29:21,144.75,5364822
2021-06-21 10:29:22,144.85,5364844
2021-06-21 10:29:23,144.85,5364844
2021-06-21 10:29:25,144.85,5364951
2021-06-21 10:29:26,144.85,5365004
2021-06-21 10:29:27,144.85,5367147
2021-06-21 10:29:27,144.85,5367147
2021-06-21 10:29:28,144.8,5367369
2021-06-21 10:29:29,144.8,5367492
2021-06-21 10:29:30,144.8,5367586
2021-06-21 10:29:31,144.8,5367586
2021-06-21 10:29:32,144.85,5368086
2021-06-21 10:29:33,144.8,5368217
2021-06-21 10:29:34,144.85,5368717
2021-06-21 10:29:35,144.85,5368717
2021-06-21 10:29:36,144.8,5372864
2021-06-21 10:29:37,144.8,5373589
2021-06-21 10:29:38,144.9,5373639
2021-06-21 10:29:40,144.85,5373720
2021-06-21 10:29:41,144.8,5374474
2021-06-21 10:29:42,144.8,5374474
2021-06-21 10:29:42,144.8,5374625
2021-06-21 10:29:44,144.8,5374826
2021-06-21 10:29:45,144.8,5374826
2021-06-21 10:29:46,144.85,5374929
2021-06-21 10:29:47,144.9,5376604
2021-06-21 10:29:48,144.9,5376604
2021-06-21 10:29:48,144.9,5376604
2021-06-21 10:29:49,144.9,5376704
2021-06-21 10:29:51,144.85,5376804
2021-06-21 10:29:52,144.9,5377056
2021-06-21 10:29:53,144.9,5377056
2021-06-21 10:29:54,144.8,5377206
2021-06-21 10:29:55,144.9,5377316
2021-06-21 10:29:56,144.85,5377547
2021-06-21 10:29:57,144.8,5377647
2021-06-21 10:29:57,144.8,5377777
2021-06-21 10:29:59,144.9,5379395
2021-06-21 10:30:00,144.9,5380596
2021-06-21 10:30:01,144.85,5381046
2021-06-21 10:30:02,144.85,5381046
2021-06-21 10:30:03,144.85,5381082
2021-06-21 10:30:04,144.8,5381564
2021-06-21 10:30:05,144.8,5382066
2021-06-21 10:30:06,144.9,5386973
2021-06-21 10:30:07,144.85,5387931
2021-06-21 10:30:08,144.9,5388091
2021-06-21 10:30:09,144.9,5388101
2021-06-21 10:30:10,144.95,5397110
2021-06-21 10:30:11,144.9,5398360
2021-06-21 10:30:12,144.9,5398360
2021-06-21 10:30:13,144.9,5399937
2021-06-21 10:30:14,144.9,5399937
2021-06-21 10:30:15,144.95,5400008
2021-06-21 10:30:16,144.9,5400257
2021-06-21 10:30:17,144.9,5400257
2021-06-21 10:30:18,144.95,5400996
2021-06-21 10:30:19,144.9,5401996
2021-06-21 10:30:20,144.95,5402006
2021-06-21 10:30:21,144.95,5402056
2021-06-21 10:30:22,144.95,5403086
2021-06-21 10:30:23,144.95,5408061
2021-06-21 10:30:24,144.95,5408061
2021-06-21 10:30:25,144.85,5408239
2021-06-21 10:30:26,144.95,5409139
2021-06-21 10:30:26,144.95,5409139
2021-06-21 10:30:28,144.95,5409240
2021-06-21 10:30:28,145.0,5414240
2021-06-21 10:30:30,145.0,5414750
2021-06-21 10:30:31,144.95,5415789
2021-06-21 10:30:31,144.95,5415789
2021-06-21 10:30:32,144.95,5415789
2021-06-21 10:30:33,144.9,5416658
2021-06-21 10:30:34,145.0,5416708
2021-06-21 10:30:36,145.0,5416718
2021-06-21 10:30:37,144.95,5416804
2021-06-21 10:30:38,145.0,5417145
2021-06-21 10:30:39,145.0,5417534
2021-06-21 10:30:40,145.0,5419273
2021-06-21 10:30:41,145.0,5419273
2021-06-21 10:30:42,145.0,5434288
2021-06-21 10:30:43,145.0,5434388
2021-06-21 10:30:44,144.95,5434509
2021-06-21 10:30:45,144.9,5436902
2021-06-21 10:30:46,144.95,5436905
2021-06-21 10:30:47,144.95,5436910
2021-06-21 10:30:48,144.9,5437306
2021-06-21 10:30:48,144.9,5437306
2021-06-21 10:30:50,145.0,5437309
2021-06-21 10:30:51,145.0,5437330
2021-06-21 10:30:52,144.95,5437500
2021-06-21 10:30:53,145.0,5437953
2021-06-21 10:30:54,144.95,5438795
2021-06-21 10:30:56,145.0,5438945
2021-06-21 10:30:57,145.0,5441445
2021-06-21 10:30:58,144.95,5441974
2021-06-21 10:30:59,144.95,5441974
2021-06-21 10:31:00,144.95,5442915
2021-06-21 10:31:01,144.95,5443145
2021-06-21 10:31:01,144.95,5443145
2021-06-21 10:31:02,144.95,5443145
2021-06-21 10:31:03,144.95,5443454
2021-06-21 10:31:04,144.95,5443455
2021-06-21 10:31:05,144.95,5443455
2021-06-21 10:31:06,144.95,5443706
2021-06-21 10:31:08,144.95,5443806
2021-06-21 10:31:09,144.95,5444655
2021-06-21 10:31:10,144.95,5444656
2021-06-21 10:31:11,144.95,5445187
2021-06-21 10:31:12,144.95,5448187
2021-06-21 10:31:13,144.9,5448732
2021-06-21 10:31:14,144.95,5448785
2021-06-21 10:31:15,145.0,5449305
2021-06-21 10:31:16,145.0,5449305
2021-06-21 10:31:17,144.9,5449564
2021-06-21 10:31:18,144.9,5449564
2021-06-21 10:31:20,144.95,5450955
2021-06-21 10:31:20,144.95,5450955
2021-06-21 10:31:21,144.95,5451178
2021-06-21 10:31:23,145.0,5451201
2021-06-21 10:31:24,145.0,5451201
2021-06-21 10:31:25,144.95,5451488
2021-06-21 10:31:26,144.95,5451488
2021-06-21 10:31:27,144.95,5451593
2021-06-21 10:31:29,145.0,5451793
2021-06-21 10:31:30,144.95,5454742
2021-06-21 10:31:31,144.95,5454883
2021-06-21 10:31:31,144.95,5454883
2021-06-21 10:31:32,144.95,5454883
2021-06-21 10:31:33,144.9,5455449
2021-06-21 10:31:34,144.95,5455848
2021-06-21 10:31:35,144.95,5455848
2021-06-21 10:31:36,144.95,5456144
2021-06-21 10:31:38,144.95,5456347
2021-06-21 10:31:39,144.95,5456462
2021-06-21 10:31:40,144.9,5456624
2021-06-21 10:31:40,144.9,5456824
2021-06-21 10:31:42,144.9,5459318
2021-06-21 10:31:43,144.85,5460617
2021-06-21 10:31:44,145.0,5496730
2021-06-21 10:31:45,145.0,5496835
2021-06-21 10:31:46,144.95,5502246
2021-06-21 10:31:47,145.0,5502623
2021-06-21 10:31:48,144.95,5503898
2021-06-21 10:31:49,145.0,5503948
2021-06-21 10:31:50,145.0,5506502
2021-06-21 10:31:51,145.0,5506502
2021-06-21 10:31:52,145.0,5507104
2021-06-21 10:31:53,145.05,5507108
2021-06-21 10:31:54,145.05,5507108
2021-06-21 10:31:55,145.0,5507319
2021-06-21 10:31:56,145.05,5507324
2021-06-21 10:31:57,145.05,5507324
2021-06-21 10:31:58,145.0,5507657
2021-06-21 10:31:59,145.0,5507787
2021-06-21 10:32:00,145.0,5507903
2021-06-21 10:32:01,145.0,5508080
2021-06-21 10:32:02,145.0,5508083
2021-06-21 10:32:03,145.0,5508524
2021-06-21 10:32:05,144.95,5508617
2021-06-21 10:32:06,145.0,5508662
2021-06-21 10:32:07,144.95,5508892
2021-06-21 10:32:08,144.9,5508919
2021-06-21 10:32:09,144.95,5508920
2021-06-21 10:32:10,144.95,5509136
2021-06-21 10:32:11,145.0,5510136
2021-06-21 10:32:12,145.0,5510136
2021-06-21 10:32:13,145.0,5511268
2021-06-21 10:32:14,145.0,5511268
2021-06-21 10:32:15,145.0,5511268
2021-06-21 10:32:16,145.0,5511268
2021-06-21 10:32:17,144.95,5512453
2021-06-21 10:32:18,144.95,5512753
2021-06-21 10:32:19,144.9,5512986
2021-06-21 10:32:20,144.9,5512986
2021-06-21 10:32:21,144.9,5512986
2021-06-21 10:32:23,144.95,5513266
2021-06-21 10:32:24,144.95,5513866
2021-06-21 10:32:25,144.95,5513999
2021-06-21 10:32:26,145.0,5514499
2021-06-21 10:32:27,145.0,5514500
2021-06-21 10:32:28,144.95,5514596
2021-06-21 10:32:29,144.95,5514646
2021-06-21 10:32:30,144.95,5514646
2021-06-21 10:32:31,145.0,5514699
2021-06-21 10:32:32,144.95,5515039
2021-06-21 10:32:33,144.95,5515039
2021-06-21 10:32:34,144.95,5515678
2021-06-21 10:32:35,145.0,5516078
2021-06-21 10:32:36,145.0,5516078
2021-06-21 10:32:37,144.95,5516244
2021-06-21 10:32:38,144.95,5516244
2021-06-21 10:32:39,144.95,5516971
2021-06-21 10:32:40,144.95,5516971
2021-06-21 10:32:42,144.95,5516971
2021-06-21 10:32:43,145.0,5517087
2021-06-21 10:32:44,144.95,5517401
2021-06-21 10:32:45,144.95,5517451
2021-06-21 10:32:46,144.95,5517552
2021-06-21 10:32:47,144.95,5517552
2021-06-21 10:32:48,144.95,5517552
2021-06-21 10:32:49,144.95,5517662
2021-06-21 10:32:50,144.95,5518123
2021-06-21 10:32:51,144.95,5518124
2021-06-21 10:32:52,144.95,5518330
2021-06-21 10:32:53,145.0,5518430
2021-06-21 10:32:54,145.0,5518480
2021-06-21 10:32:55,144.95,5518875
2021-06-21 10:32:57,144.9,5518890
2021-06-21 10:32:58,144.95,5518900
2021-06-21 10:33:00,144.9,5519001
2021-06-21 10:33:01,145.0,5519151
2021-06-21 10:33:02,145.0,5519151
2021-06-21 10:33:03,144.9,5519166
2021-06-21 10:33:04,144.9,5519190
2021-06-21 10:33:05,144.9,5519190
2021-06-21 10:33:06,144.9,5519190
2021-06-21 10:33:07,145.0,5520427
2021-06-21 10:33:08,145.0,5520428
2021-06-21 10:33:09,144.9,5520531
2021-06-21 10:33:10,144.95,5520584
2021-06-21 10:33:11,144.9,5520585
2021-06-21 10:33:12,144.9,5520763
2021-06-21 10:33:13,144.95,5521086
2021-06-21 10:33:14,145.0,5521193
2021-06-21 10:33:15,144.9,5521493
2021-06-21 10:33:16,144.9,5521493
2021-06-21 10:33:17,144.95,5521509
2021-06-21 10:33:18,144.9,5521514
2021-06-21 10:33:19,145.0,5521750
2021-06-21 10:33:20,144.9,5522689
2021-06-21 10:33:21,145.0,5522701
2021-06-21 10:33:22,145.0,5522701
2021-06-21 10:33:23,144.95,5522866
2021-06-21 10:33:24,144.9,5522924
2021-06-21 10:33:25,144.9,5522924
2021-06-21 10:33:26,145.0,5523224
2021-06-21 10:33:27,144.95,5523588
2021-06-21 10:33:28,144.95,5523588
2021-06-21 10:33:29,145.05,5524088
2021-06-21 10:33:30,145.05,5524088
2021-06-21 10:33:31,145.0,5524217
2021-06-21 10:33:32,145.0,5524217
2021-06-21 10:33:33,145.0,5524461
2021-06-21 10:33:34,144.95,5524517
2021-06-21 10:33:35,144.95,5525542
2021-06-21 10:33:37,144.95,5526811
2021-06-21 10:33:39,145.0,5526991
2021-06-21 10:33:40,144.95,5527132
2021-06-21 10:33:41,145.0,5527235
2021-06-21 10:33:42,145.0,5527296
2021-06-21 10:33:43,145.0,5527296
2021-06-21 10:33:44,145.0,5527688
2021-06-21 10:33:45,145.05,5527720
2021-06-21 10:33:46,145.05,5527720
2021-06-21 10:33:47,144.95,5527795
2021-06-21 10:33:48,144.95,5527795
2021-06-21 10:33:49,144.95,5527889
2021-06-21 10:33:50,144.95,5527889
2021-06-21 10:33:51,145.0,5528089
2021-06-21 10:33:52,144.95,5528215
2021-06-21 10:33:53,144.95,5528260
2021-06-21 10:33:54,144.95,5528290
2021-06-21 10:33:55,144.95,5528322
2021-06-21 10:33:56,145.0,5528622
2021-06-21 10:33:57,145.0,5528672
2021-06-21 10:33:58,145.0,5529344
2021-06-21 10:33:59,145.0,5529969
2021-06-21 10:34:00,144.95,5554114
2021-06-21 10:34:02,144.95,5555116
2021-06-21 10:34:03,145.0,5555126
2021-06-21 10:34:04,144.95,5590319
2021-06-21 10:34:05,144.95,5591743
2021-06-21 10:34:06,144.9,5597238
2021-06-21 10:34:08,144.95,5597354
2021-06-21 10:34:09,144.95,5597355
2021-06-21 10:34:10,144.9,5598309
2021-06-21 10:34:12,144.95,5600634
2021-06-21 10:34:13,144.9,5601126
2021-06-21 10:34:14,144.9,5601582
2021-06-21 10:34:16,144.95,5601882
2021-06-21 10:34:17,145.0,5602019
2021-06-21 10:34:18,145.0,5602020
2021-06-21 10:34:19,144.9,5602028
2021-06-21 10:34:20,144.9,5602028
2021-06-21 10:34:21,145.0,5602104
2021-06-21 10:34:22,144.9,5602326
2021-06-21 10:34:23,144.95,5602401
2021-06-21 10:34:24,144.95,5602426
2021-06-21 10:34:25,144.9,5602475
2021-06-21 10:34:27,144.95,5602541
2021-06-21 10:34:28,144.9,5602689
2021-06-21 10:34:29,144.9,5609040
2021-06-21 10:34:30,144.85,5609523
2021-06-21 10:34:31,144.85,5610524
2021-06-21 10:34:32,144.85,5610544
2021-06-21 10:34:33,144.85,5610544
2021-06-21 10:34:34,144.8,5611936
2021-06-21 10:34:36,144.8,5613433
2021-06-21 10:34:38,144.9,5618610
2021-06-21 10:34:39,144.85,5618612
2021-06-21 10:34:40,144.85,5619260
2021-06-21 10:34:41,144.85,5619260
2021-06-21 10:34:42,144.85,5619680
2021-06-21 10:34:43,144.9,5620222
2021-06-21 10:34:44,144.95,5622022
2021-06-21 10:34:45,144.95,5622200
2021-06-21 10:34:46,144.95,5622200
2021-06-21 10:34:47,144.8,5622240
2021-06-21 10:34:48,144.8,5622632
2021-06-21 10:34:49,144.8,5622632
2021-06-21 10:34:50,144.8,5622632
2021-06-21 10:34:51,144.8,5622632
2021-06-21 10:34:52,144.8,5622632
2021-06-21 10:34:53,144.8,5622632
2021-06-21 10:34:54,144.9,5622837
2021-06-21 10:34:55,144.8,5622896
2021-06-21 10:34:56,144.85,5622906
2021-06-21 10:34:57,144.85,5622908
2021-06-21 10:34:58,144.8,5622919
2021-06-21 10:34:59,144.85,5623000
2021-06-21 10:35:00,144.85,5623200
2021-06-21 10:35:01,144.8,5623269
2021-06-21 10:35:02,144.8,5623269
2021-06-21 10:35:03,144.8,5623323
2021-06-21 10:35:05,144.8,5624488
2021-06-21 10:35:06,144.9,5629538
2021-06-21 10:35:07,144.9,5629538
2021-06-21 10:35:08,144.85,5630538
2021-06-21 10:35:09,144.85,5631478
2021-06-21 10:35:10,144.9,5631578
2021-06-21 10:35:14,144.9,5632214
2021-06-21 10:35:15,144.9,5632214
2021-06-21 10:35:16,144.9,5632242
2021-06-21 10:35:18,144.9,5632347
2021-06-21 10:35:18,144.9,5632776
2021-06-21 10:35:20,144.85,5632795
2021-06-21 10:35:20,144.85,5632810
2021-06-21 10:35:21,144.9,5632814
2021-06-21 10:35:22,144.9,5632874
2021-06-21 10:35:23,144.85,5633145
2021-06-21 10:35:24,144.85,5633145
2021-06-21 10:35:25,144.9,5633175
2021-06-21 10:35:26,144.85,5633225
2021-06-21 10:35:27,144.85,5633225
2021-06-21 10:35:28,144.95,5634025
2021-06-21 10:35:29,144.95,5634028
2021-06-21 10:35:31,144.85,5634297
2021-06-21 10:35:32,144.85,5634297
2021-06-21 10:35:33,144.85,5634349
2021-06-21 10:35:34,144.8,5634481
2021-06-21 10:35:35,144.8,5634481
2021-06-21 10:35:36,144.8,5634521
2021-06-21 10:35:37,144.9,5634723
2021-06-21 10:35:39,144.85,5634909
2021-06-21 10:35:40,144.85,5634969
2021-06-21 10:35:41,144.9,5636596
2021-06-21 10:35:42,144.9,5636596
2021-06-21 10:35:43,144.85,5637445
2021-06-21 10:35:45,144.9,5637541
2021-06-21 10:35:47,144.9,5637591
2021-06-21 10:35:48,144.9,5637616
2021-06-21 10:35:48,144.9,5637616
2021-06-21 10:35:49,144.9,5637977
2021-06-21 10:35:50,144.85,5637988
2021-06-21 10:35:51,144.85,5637988
2021-06-21 10:35:52,144.85,5638079
2021-06-21 10:35:53,144.9,5638082
2021-06-21 10:35:54,144.9,5638085
2021-06-21 10:35:55,144.9,5638085
2021-06-21 10:35:56,144.85,5638100
2021-06-21 10:35:57,144.9,5638118
2021-06-21 10:35:58,144.85,5638142
2021-06-21 10:35:59,144.9,5638692
2021-06-21 10:36:00,144.9,5638692
2021-06-21 10:36:01,144.9,5639008
2021-06-21 10:36:02,144.9,5639008
2021-06-21 10:36:03,144.9,5639008
2021-06-21 10:36:04,144.85,5639226
2021-06-21 10:36:05,144.9,5639245
2021-06-21 10:36:06,144.9,5639245
2021-06-21 10:36:07,144.85,5639541
2021-06-21 10:36:10,144.9,5640213
2021-06-21 10:36:11,144.9,5640213
2021-06-21 10:36:11,144.95,5640238
2021-06-21 10:36:12,144.9,5640267
2021-06-21 10:36:13,144.95,5640312
2021-06-21 10:36:14,144.9,5640377
2021-06-21 10:36:15,144.9,5640377
2021-06-21 10:36:16,144.9,5640398
2021-06-21 10:36:17,144.95,5640408
2021-06-21 10:36:18,145.0,5641466
2021-06-21 10:36:19,144.9,5641639
2021-06-21 10:36:20,144.95,5641654
2021-06-21 10:36:21,144.9,5641682
2021-06-21 10:36:22,144.9,5641682
2021-06-21 10:36:23,144.9,5642715
2021-06-21 10:36:24,144.9,5642765
2021-06-21 10:36:26,144.85,5642928
2021-06-21 10:36:27,144.9,5642938
2021-06-21 10:36:28,144.9,5642973
2021-06-21 10:36:29,144.85,5643008
2021-06-21 10:36:30,144.85,5643008
2021-06-21 10:36:31,144.85,5643008
2021-06-21 10:36:32,144.9,5643023
2021-06-21 10:36:33,144.9,5643174
2021-06-21 10:36:34,144.85,5643201
2021-06-21 10:36:35,144.85,5643909
2021-06-21 10:36:37,144.85,5646617
2021-06-21 10:36:39,144.85,5646734
2021-06-21 10:36:40,144.8,5647158
2021-06-21 10:36:40,144.8,5647517
2021-06-21 10:36:41,144.8,5647517
2021-06-21 10:36:42,144.85,5647542
2021-06-21 10:36:43,144.85,5648282
2021-06-21 10:36:44,144.85,5648282
2021-06-21 10:36:45,144.85,5648383
2021-06-21 10:36:46,144.85,5648511
2021-06-21 10:36:47,144.85,5648511
2021-06-21 10:36:48,144.85,5648511
2021-06-21 10:36:49,144.8,5650300
2021-06-21 10:36:50,144.85,5650921
2021-06-21 10:36:51,144.85,5652118
2021-06-21 10:36:52,144.85,5652675
2021-06-21 10:36:53,144.85,5652968
2021-06-21 10:36:54,144.8,5653106
2021-06-21 10:37:00,144.8,5655741
2021-06-21 10:37:03,144.8,5656006
2021-06-21 10:37:06,144.8,5656969
2021-06-21 10:37:10,144.8,5657641
2021-06-21 10:37:13,144.8,5658795
2021-06-21 10:37:19,144.8,5659745
2021-06-21 10:37:22,144.75,5678379
2021-06-21 10:37:25,144.7,5682449
2021-06-21 10:37:28,144.65,5684099
2021-06-21 10:37:30,144.7,5684123
2021-06-21 10:37:33,144.7,5687059
2021-06-21 10:37:36,144.6,5687815
2021-06-21 10:37:39,144.65,5688430
2021-06-21 10:37:42,144.65,5688442
2021-06-21 10:37:45,144.65,5688936
2021-06-21 10:37:48,144.65,5688984
2021-06-21 10:37:50,144.65,5690666
2021-06-21 10:37:54,144.6,5692178
2021-06-21 10:37:57,144.7,5692705
2021-06-21 10:38:00,144.7,5693085
2021-06-21 10:38:03,144.7,5693291
2021-06-21 10:38:06,144.65,5693475
2021-06-21 10:38:09,144.7,5693969
2021-06-21 10:38:12,144.7,5698315
2021-06-21 10:38:15,144.75,5699799
2021-06-21 10:38:18,144.75,5699799
2021-06-21 10:38:20,144.75,5700121
2021-06-21 10:38:22,144.7,5700271
2021-06-21 10:38:25,144.7,5700444
2021-06-21 10:38:28,144.75,5701319
2021-06-21 10:38:31,144.75,5709529
2021-06-21 10:38:34,144.7,5710670
2021-06-21 10:38:37,144.65,5712291
2021-06-21 10:38:39,144.7,5713691
2021-06-21 10:38:42,144.7,5714284
2021-06-21 10:38:45,144.75,5717290
2021-06-21 10:38:47,144.65,5717394
2021-06-21 10:38:50,144.65,5717955
2021-06-21 10:38:53,144.7,5719400
2021-06-21 10:38:55,144.7,5719618
2021-06-21 10:38:58,144.7,5719660
2021-06-21 10:39:01,144.7,5719678
2021-06-21 10:39:04,144.7,5719786
2021-06-21 10:39:07,144.7,5722315
2021-06-21 10:39:10,144.7,5722706
2021-06-21 10:39:12,144.7,5722766
2021-06-21 10:39:15,144.8,5723229
2021-06-21 10:39:19,144.75,5723670
2021-06-21 10:39:21,144.75,5723741
2021-06-21 10:39:24,144.8,5725816
2021-06-21 10:39:27,144.85,5726308
2021-06-21 10:39:30,144.8,5726383
2021-06-21 10:39:33,144.9,5727771
2021-06-21 10:39:36,144.85,5728781
2021-06-21 10:39:39,144.9,5731019
2021-06-21 10:39:42,144.9,5731482
2021-06-21 10:39:45,144.9,5731497
2021-06-21 10:39:48,144.95,5731583
2021-06-21 10:39:51,145.0,5731747
2021-06-21 10:39:54,144.95,5732018
2021-06-21 10:39:57,145.0,5732511
2021-06-21 10:40:01,144.95,5734447
2021-06-21 10:40:04,144.95,5734622
2021-06-21 10:40:07,144.9,5740162
2021-06-21 10:40:10,144.9,5740177
2021-06-21 10:40:13,144.9,5741011
2021-06-21 10:40:16,144.85,5741386
2021-06-21 10:40:19,144.8,5741504
2021-06-21 10:40:22,144.85,5743931
2021-06-21 10:40:25,144.85,5744181
2021-06-21 10:40:27,144.85,5744745
2021-06-21 10:40:30,144.85,5744745
2021-06-21 10:40:32,144.85,5747867
2021-06-21 10:40:35,144.9,5748536
2021-06-21 10:40:38,144.9,5751717
2021-06-21 10:40:40,145.0,5751740
2021-06-21 10:40:43,145.15,5791882
2021-06-21 10:40:45,145.15,5793425
2021-06-21 10:40:47,145.15,5793545
2021-06-21 10:40:49,145.05,5796266
2021-06-21 10:40:52,145.0,5801507
2021-06-21 10:40:54,145.1,5803441
2021-06-21 10:40:56,145.05,5805027
2021-06-21 10:40:59,145.05,5809172
2021-06-21 10:41:03,145.1,5809776
2021-06-21 10:41:05,145.1,5811114
2021-06-21 10:41:08,145.25,5815904
2021-06-21 10:41:11,145.2,5818050
2021-06-21 10:41:14,145.25,5818191
2021-06-21 10:41:18,145.3,5820797
2021-06-21 10:41:20,145.25,5822157
2021-06-21 10:41:23,145.3,5822451
2021-06-21 10:41:25,145.3,5832591
2021-06-21 10:41:27,145.35,5833215
2021-06-21 10:41:30,145.3,5836213
2021-06-21 10:41:33,145.3,5839379
2021-06-21 10:41:35,145.3,5843119
2021-06-21 10:41:37,145.25,5843518
2021-06-21 10:41:40,145.2,5844510
2021-06-21 10:41:42,145.3,5844622
2021-06-21 10:41:46,145.25,5847206
2021-06-21 10:41:49,145.3,5848274
2021-06-21 10:41:52,145.25,5849104
2021-06-21 10:41:54,145.25,5849117
2021-06-21 10:41:55,145.2,5849439
2021-06-21 10:41:56,145.2,5849440
2021-06-21 10:41:56,145.2,5849440
2021-06-21 10:41:58,145.2,5850028
2021-06-21 10:41:59,145.25,5850033
2021-06-21 10:42:00,145.25,5850033
2021-06-21 10:42:00,145.15,5850150
2021-06-21 10:42:02,145.2,5850152
2021-06-21 10:42:03,145.25,5850252
2021-06-21 10:42:04,145.2,5850335
2021-06-21 10:42:05,145.25,5850434
2021-06-21 10:42:06,145.25,5850634
2021-06-21 10:42:07,145.25,5850634
2021-06-21 10:42:07,145.15,5850691
2021-06-21 10:42:08,145.15,5850691
2021-06-21 10:42:10,145.15,5850700
2021-06-21 10:42:12,145.2,5850710
2021-06-21 10:42:13,145.2,5850724
2021-06-21 10:42:14,145.15,5851131
2021-06-21 10:42:15,145.15,5851192
2021-06-21 10:42:15,145.1,5852192
2021-06-21 10:42:17,145.2,5852364
2021-06-21 10:42:18,145.2,5852396
2021-06-21 10:42:19,145.15,5852516
2021-06-21 10:42:20,145.15,5852516
2021-06-21 10:42:20,145.15,5852517
2021-06-21 10:42:22,145.15,5860481
2021-06-21 10:42:23,145.15,5860481
2021-06-21 10:42:24,145.15,5860481
2021-06-21 10:42:25,145.15,5861676
2021-06-21 10:42:26,145.15,5861676
2021-06-21 10:42:27,145.15,5861676
2021-06-21 10:42:27,145.15,5861855
2021-06-21 10:42:28,145.15,5861855
2021-06-21 10:42:29,145.2,5861923
2021-06-21 10:42:31,145.15,5861963
2021-06-21 10:42:32,145.2,5864647
2021-06-21 10:42:33,145.2,5870317
2021-06-21 10:42:34,145.2,5871741
2021-06-21 10:42:35,145.2,5871741
2021-06-21 10:42:36,145.2,5871742
2021-06-21 10:42:37,145.2,5871956
2021-06-21 10:42:38,145.25,5872457
2021-06-21 10:42:39,145.25,5872457
2021-06-21 10:42:40,145.2,5872966
2021-06-21 10:42:41,145.2,5872966
2021-06-21 10:42:42,145.2,5872966
2021-06-21 10:42:43,145.2,5874065
2021-06-21 10:42:44,145.2,5874109
2021-06-21 10:42:45,145.25,5874509
2021-06-21 10:42:46,145.2,5874746
2021-06-21 10:42:47,145.2,5874746
2021-06-21 10:42:48,145.2,5874746
2021-06-21 10:42:49,145.2,5874782
2021-06-21 10:42:50,145.25,5875182
2021-06-21 10:42:51,145.25,5875182
2021-06-21 10:42:52,145.2,5875268
2021-06-21 10:42:53,145.15,5875299
2021-06-21 10:42:54,145.2,5875749
2021-06-21 10:42:55,145.2,5875984
2021-06-21 10:42:56,145.2,5876484
2021-06-21 10:42:57,145.25,5876585
2021-06-21 10:42:58,145.2,5876710
2021-06-21 10:42:59,145.2,5876710
2021-06-21 10:43:00,145.25,5876877
2021-06-21 10:43:01,145.2,5877246
2021-06-21 10:43:02,145.25,5877247
2021-06-21 10:43:03,145.2,5877248
2021-06-21 10:43:04,145.2,5877305
2021-06-21 10:43:05,145.25,5877355
2021-06-21 10:43:06,145.25,5877365
2021-06-21 10:43:07,145.2,5877496
2021-06-21 10:43:08,145.25,5877646
2021-06-21 10:43:09,145.25,5877646
2021-06-21 10:43:10,145.2,5877692
2021-06-21 10:43:11,145.25,5877792
2021-06-21 10:43:12,145.2,5877805
2021-06-21 10:43:13,145.2,5878374
2021-06-21 10:43:14,145.2,5878417
2021-06-21 10:43:15,145.2,5878917
2021-06-21 10:43:16,145.2,5879145
2021-06-21 10:43:17,145.25,5879165
2021-06-21 10:43:18,145.25,5879365
2021-06-21 10:43:19,145.2,5879438
