timestamp,ltp,volume
2021-06-21 09:16:41,4194.3,22767
2021-06-21 09:16:41,4194.3,22767
2021-06-21 09:16:42,4194.3,22767
2021-06-21 09:16:43,4194.3,22767
2021-06-21 09:16:44,4194.3,22767
2021-06-21 09:16:45,4197.4,22774
2021-06-21 09:16:46,4197.4,22774
2021-06-21 09:16:47,4196.6,22874
2021-06-21 09:16:48,4196.5,22881
2021-06-21 09:16:48,4194.1,22888
2021-06-21 09:16:52,4193.0,23058
2021-06-21 09:16:53,4193.0,23058
2021-06-21 09:16:54,4195.65,23065
2021-06-21 09:16:55,4194.3,23198
2021-06-21 09:16:56,4195.5,23200
2021-06-21 09:16:57,4194.2,23271
2021-06-21 09:16:58,4194.2,23271
2021-06-21 09:16:59,4193.75,23382
2021-06-21 09:17:00,4197.85,23670
2021-06-21 09:17:01,4195.2,23796
2021-06-21 09:17:02,4195.2,23796
2021-06-21 09:17:03,4193.45,23797
2021-06-21 09:17:04,4189.05,24314
2021-06-21 09:17:05,4188.85,24325
2021-06-21 09:17:06,4186.5,24333
2021-06-21 09:17:08,4187.15,24368
2021-06-21 09:17:11,4186.9,24408
2021-06-21 09:17:13,4185.1,24410
2021-06-21 09:17:15,4182.45,24640
2021-06-21 09:17:16,4182.45,24640
2021-06-21 09:17:17,4181.3,24658
2021-06-21 09:17:18,4182.25,24794
2021-06-21 09:17:19,4183.65,24805
2021-06-21 09:17:20,4183.35,24827
2021-06-21 09:17:21,4183.35,24827
2021-06-21 09:17:22,4188.4,24864
2021-06-21 09:17:23,4184.25,24894
2021-06-21 09:17:24,4186.3,24935
2021-06-21 09:17:25,4185.6,25006
2021-06-21 09:17:26,4187.4,25019
2021-06-21 09:17:27,4187.4,25019
2021-06-21 09:17:28,4184.8,25070
2021-06-21 09:17:29,4185.05,25081
2021-06-21 09:17:30,4185.0,25095
2021-06-21 09:17:31,4185.0,25095
2021-06-21 09:17:32,4185.0,25095
2021-06-21 09:17:33,4185.3,25355
2021-06-21 09:17:34,4185.3,25355
2021-06-21 09:17:35,4183.05,25365
2021-06-21 09:17:37,4182.15,25469
2021-06-21 09:17:38,4182.5,25660
2021-06-21 09:17:39,4180.7,25698
2021-06-21 09:17:40,4182.55,25736
2021-06-21 09:17:41,4182.55,25738
2021-06-21 09:17:42,4182.55,25738
2021-06-21 09:17:43,4179.0,26214
2021-06-21 09:17:44,4183.55,26225
2021-06-21 09:17:45,4182.1,26226
2021-06-21 09:17:46,4182.1,26226
2021-06-21 09:17:47,4180.3,26248
2021-06-21 09:17:48,4180.3,26248
2021-06-21 09:17:49,4180.3,26248
2021-06-21 09:17:50,4180.3,26248
2021-06-21 09:17:51,4180.3,26478
2021-06-21 09:17:52,4182.0,26501
2021-06-21 09:17:53,4182.0,26501
2021-06-21 09:17:55,4180.4,26503
2021-06-21 09:17:54,4180.4,26503
2021-06-21 09:17:56,4181.0,26731
2021-06-21 09:17:57,4179.0,26828
2021-06-21 09:17:58,4179.0,26828
2021-06-21 09:17:59,4182.0,26855
2021-06-21 09:18:00,4182.0,26855
2021-06-21 09:18:01,4183.9,26907
2021-06-21 09:18:02,4183.9,26907
2021-06-21 09:18:03,4181.05,26994
2021-06-21 09:18:04,4181.05,26994
2021-06-21 09:18:05,4182.1,27044
2021-06-21 09:18:06,4180.2,27584
2021-06-21 09:18:07,4180.2,27584
2021-06-21 09:18:08,4179.5,27609
2021-06-21 09:18:09,4177.8,27622
2021-06-21 09:18:10,4179.65,27624
2021-06-21 09:18:11,4180.3,27669
2021-06-21 09:18:12,4182.15,27674
2021-06-21 09:18:13,4183.0,27704
2021-06-21 09:18:14,4183.0,27704
2021-06-21 09:18:15,4183.0,27704
2021-06-21 09:18:16,4180.0,27804
2021-06-21 09:18:17,4176.85,27900
2021-06-21 09:18:18,4179.8,27907
2021-06-21 09:18:19,4179.8,27907
2021-06-21 09:18:20,4180.0,27914
2021-06-21 09:18:21,4180.0,27914
2021-06-21 09:18:22,4183.0,28014
2021-06-21 09:18:23,4183.0,28014
2021-06-21 09:18:24,4180.15,28021
2021-06-21 09:18:25,4180.15,28021
2021-06-21 09:18:26,4180.15,28021
2021-06-21 09:18:27,4180.15,28021
2021-06-21 09:18:28,4182.15,28096
2021-06-21 09:18:29,4182.8,28098
2021-06-21 09:18:30,4182.4,28111
2021-06-21 09:18:31,4180.2,28125
2021-06-21 09:18:32,4181.65,28130
2021-06-21 09:18:33,4179.45,28188
2021-06-21 09:18:34,4179.45,28188
2021-06-21 09:18:35,4179.45,28299
2021-06-21 09:18:36,4179.45,28299
2021-06-21 09:18:37,4177.0,28393
2021-06-21 09:18:38,4179.45,28493
2021-06-21 09:18:39,4179.45,28493
2021-06-21 09:18:40,4177.45,28497
2021-06-21 09:18:42,4179.45,28498
2021-06-21 09:18:41,4179.45,28498
2021-06-21 09:18:43,4177.35,28499
2021-06-21 09:18:44,4177.35,28499
2021-06-21 09:18:45,4179.5,28508
2021-06-21 09:18:46,4179.5,28508
2021-06-21 09:18:47,4179.5,28508
2021-06-21 09:18:48,4179.5,28508
2021-06-21 09:18:49,4179.5,28508
2021-06-21 09:18:50,4179.5,28508
2021-06-21 09:18:51,4180.8,28558
2021-06-21 09:18:52,4181.8,28750
2021-06-21 09:18:53,4180.9,28760
2021-06-21 09:18:54,4180.9,28760
2021-06-21 09:18:55,4184.0,28836
2021-06-21 09:18:56,4184.0,28836
2021-06-21 09:18:57,4187.8,29054
2021-06-21 09:18:59,4188.3,29145
2021-06-21 09:19:00,4188.3,29145
2021-06-21 09:19:01,4185.1,29148
2021-06-21 09:19:02,4187.8,29172
2021-06-21 09:19:03,4188.35,29173
2021-06-21 09:19:04,4188.35,29173
2021-06-21 09:19:05,4185.8,29548
2021-06-21 09:19:05,4185.8,29548
2021-06-21 09:19:06,4188.0,29583
2021-06-21 09:19:07,4188.0,29583
2021-06-21 09:19:09,4186.3,30628
2021-06-21 09:19:10,4187.75,30728
2021-06-21 09:19:11,4189.0,30789
2021-06-21 09:19:12,4187.2,30827
2021-06-21 09:19:13,4188.1,30909
2021-06-21 09:19:14,4188.4,30985
2021-06-21 09:19:15,4188.05,31039
2021-06-21 09:19:16,4187.1,31241
2021-06-21 09:19:18,4189.9,31307
2021-06-21 09:19:21,4192.6,31356
2021-06-21 09:19:22,4192.4,31406
2021-06-21 09:19:23,4192.4,31406
2021-06-21 09:19:24,4192.4,31406
2021-06-21 09:19:25,4192.4,31406
2021-06-21 09:19:26,4193.25,31411
2021-06-21 09:19:27,4192.75,31422
2021-06-21 09:19:29,4192.4,31426
2021-06-21 09:19:29,4192.4,31426
2021-06-21 09:19:30,4193.05,31588
2021-06-21 09:19:31,4193.25,31716
2021-06-21 09:19:33,4195.45,31766
2021-06-21 09:19:35,4196.45,31846
2021-06-21 09:19:36,4193.85,31855
2021-06-21 09:19:37,4195.25,31856
2021-06-21 09:19:39,4195.25,31856
2021-06-21 09:19:40,4193.8,32030
2021-06-21 09:19:41,4193.25,32042
2021-06-21 09:19:42,4193.25,32047
2021-06-21 09:19:43,4192.4,32072
2021-06-21 09:19:44,4190.9,32090
2021-06-21 09:19:45,4190.9,32090
2021-06-21 09:19:46,4190.35,32094
2021-06-21 09:19:47,4191.25,32157
2021-06-21 09:19:47,4191.25,32157
2021-06-21 09:19:48,4191.05,32228
2021-06-21 09:19:49,4185.15,32993
2021-06-21 09:19:50,4185.15,32993
2021-06-21 09:19:51,4187.95,33001
2021-06-21 09:19:52,4185.05,33003
2021-06-21 09:19:55,4185.9,33216
2021-06-21 09:19:57,4185.9,33228
2021-06-21 09:19:58,4185.9,33228
2021-06-21 09:19:59,4185.75,33253
2021-06-21 09:20:00,4186.05,33254
2021-06-21 09:20:01,4187.05,33255
2021-06-21 09:20:02,4187.05,33255
2021-06-21 09:20:03,4183.35,33318
2021-06-21 09:20:04,4180.6,33833
2021-06-21 09:20:05,4179.5,33870
2021-06-21 09:20:06,4181.0,33971
2021-06-21 09:20:07,4182.1,34158
2021-06-21 09:20:09,4179.45,34178
2021-06-21 09:20:10,4180.9,34182
2021-06-21 09:20:11,4176.6,34438
2021-06-21 09:20:12,4176.6,34438
2021-06-21 09:20:12,4176.6,34438
2021-06-21 09:20:13,4180.45,34571
2021-06-21 09:20:14,4178.0,34584
2021-06-21 09:20:15,4178.0,34584
2021-06-21 09:20:16,4180.0,34615
2021-06-21 09:20:17,4178.5,34623
2021-06-21 09:20:18,4179.6,34625
2021-06-21 09:20:19,4179.6,34625
2021-06-21 09:20:20,4179.6,34625
2021-06-21 09:20:21,4181.7,34652
2021-06-21 09:20:22,4181.25,34653
2021-06-21 09:20:23,4179.0,34665
2021-06-21 09:20:24,4178.5,34671
2021-06-21 09:20:25,4181.05,34771
2021-06-21 09:20:26,4177.55,34831
2021-06-21 09:20:27,4177.55,34831
2021-06-21 09:20:28,4181.0,34885
2021-06-21 09:20:29,4179.5,34941
2021-06-21 09:20:30,4179.5,34943
2021-06-21 09:20:31,4181.65,34950
2021-06-21 09:20:32,4185.7,35117
2021-06-21 09:20:33,4184.85,35183
2021-06-21 09:20:34,4186.75,35196
2021-06-21 09:20:35,4185.6,35199
2021-06-21 09:20:36,4187.2,35214
2021-06-21 09:20:37,4187.2,35214
2021-06-21 09:20:38,4187.2,35214
2021-06-21 09:20:39,4187.1,35226
2021-06-21 09:20:40,4187.1,35226
2021-06-21 09:20:41,4187.1,35226
2021-06-21 09:20:43,4184.65,35235
2021-06-21 09:20:45,4188.0,35240
2021-06-21 09:20:46,4184.75,35250
2021-06-21 09:20:47,4184.75,35250
2021-06-21 09:20:48,4184.75,35250
2021-06-21 09:20:48,4185.6,35275
2021-06-21 09:20:49,4185.6,35275
2021-06-21 09:20:51,4185.7,35292
2021-06-21 09:20:52,4185.7,35292
2021-06-21 09:20:53,4185.7,35294
2021-06-21 09:20:54,4187.75,35295
2021-06-21 09:20:55,4185.8,35299
2021-06-21 09:20:58,4186.3,35311
2021-06-21 09:20:58,4186.1,35313
2021-06-21 09:20:59,4182.8,35325
2021-06-21 09:21:00,4182.8,35325
2021-06-21 09:21:01,4183.5,36450
2021-06-21 09:21:02,4184.2,36511
2021-06-21 09:21:03,4183.45,36514
2021-06-21 09:21:04,4183.45,36514
2021-06-21 09:21:05,4187.65,36606
2021-06-21 09:21:06,4186.25,36607
2021-06-21 09:21:07,4185.95,36608
2021-06-21 09:21:08,4184.1,36614
2021-06-21 09:21:09,4185.0,36619
2021-06-21 09:21:10,4185.0,36619
2021-06-21 09:21:11,4184.35,36621
2021-06-21 09:21:12,4184.35,36624
2021-06-21 09:21:13,4184.2,36626
2021-06-21 09:21:14,4185.8,36700
2021-06-21 09:21:15,4183.85,37031
2021-06-21 09:21:16,4184.85,37117
2021-06-21 09:21:17,4186.4,37120
2021-06-21 09:21:18,4186.0,37124
2021-06-21 09:21:19,4184.95,37127
2021-06-21 09:21:20,4186.3,37132
2021-06-21 09:21:21,4184.5,37134
2021-06-21 09:21:22,4184.5,37134
2021-06-21 09:21:23,4184.5,37143
2021-06-21 09:21:24,4184.5,37143
2021-06-21 09:21:25,4184.5,37145
2021-06-21 09:21:26,4184.5,37156
2021-06-21 09:21:27,4184.5,37156
2021-06-21 09:21:28,4184.0,37201
2021-06-21 09:21:29,4184.0,37203
2021-06-21 09:21:30,4184.0,37239
2021-06-21 09:21:31,4184.0,37242
2021-06-21 09:21:32,4184.05,37247
2021-06-21 09:21:34,4184.25,37249
2021-06-21 09:21:35,4184.25,37251
2021-06-21 09:21:36,4183.8,37345
2021-06-21 09:21:36,4185.95,37355
2021-06-21 09:21:37,4183.8,37357
2021-06-21 09:21:38,4183.6,37361
2021-06-21 09:21:39,4180.0,37811
2021-06-21 09:21:40,4180.0,37815
2021-06-21 09:21:41,4183.1,37843
2021-06-21 09:21:42,4181.0,37847
2021-06-21 09:21:43,4181.85,37919
2021-06-21 09:21:45,4181.65,37928
2021-06-21 09:21:46,4183.9,37939
2021-06-21 09:21:47,4181.75,37948
2021-06-21 09:21:48,4180.25,37952
2021-06-21 09:21:49,4180.25,37952
2021-06-21 09:21:49,4182.45,37957
2021-06-21 09:21:51,4180.4,37963
2021-06-21 09:21:52,4183.1,37966
2021-06-21 09:21:53,4180.65,37968
2021-06-21 09:21:54,4180.45,38019
2021-06-21 09:21:55,4180.45,38019
2021-06-21 09:21:56,4180.4,38021
2021-06-21 09:21:57,4183.05,38026
2021-06-21 09:21:58,4180.75,38031
2021-06-21 09:21:59,4182.75,38077
2021-06-21 09:22:00,4183.15,38215
2021-06-21 09:22:01,4180.6,38217
2021-06-21 09:22:02,4180.45,38324
2021-06-21 09:22:03,4180.0,38401
2021-06-21 09:22:04,4180.0,38415
2021-06-21 09:22:05,4184.0,38966
2021-06-21 09:22:07,4184.0,38966
2021-06-21 09:22:08,4184.0,38967
2021-06-21 09:22:09,4184.0,38967
2021-06-21 09:22:10,4184.0,38967
2021-06-21 09:22:10,4182.9,39001
2021-06-21 09:22:12,4182.9,39028
2021-06-21 09:22:13,4182.85,39099
2021-06-21 09:22:14,4182.85,39099
2021-06-21 09:22:14,4182.85,39099
2021-06-21 09:22:15,4182.9,39124
2021-06-21 09:22:16,4182.9,39124
2021-06-21 09:22:17,4182.9,39124
2021-06-21 09:22:18,4182.85,39126
2021-06-21 09:22:20,4182.85,39127
2021-06-21 09:22:21,4182.85,39130
2021-06-21 09:22:22,4181.0,39132
2021-06-21 09:22:23,4181.0,39132
2021-06-21 09:22:24,4180.0,39711
2021-06-21 09:22:25,4180.0,39711
2021-06-21 09:22:25,4180.0,39711
2021-06-21 09:22:28,4181.35,39798
2021-06-21 09:22:29,4181.35,39798
2021-06-21 09:22:30,4180.05,39805
2021-06-21 09:22:31,4180.0,39807
2021-06-21 09:22:32,4180.0,39807
2021-06-21 09:22:33,4180.0,39807
2021-06-21 09:22:34,4180.0,39807
2021-06-21 09:22:35,4180.0,39807
2021-06-21 09:22:36,4180.2,39820
2021-06-21 09:22:37,4181.0,39832
2021-06-21 09:22:38,4181.0,39832
2021-06-21 09:22:39,4181.0,39832
2021-06-21 09:22:40,4181.0,39832
2021-06-21 09:22:41,4181.0,39832
2021-06-21 09:22:42,4181.0,39832
2021-06-21 09:22:43,4180.0,39857
2021-06-21 09:22:44,4181.1,39874
2021-06-21 09:22:45,4181.1,39877
2021-06-21 09:22:46,4180.0,39879
2021-06-21 09:22:47,4181.0,39886
2021-06-21 09:22:48,4180.0,39895
2021-06-21 09:22:49,4180.0,39948
2021-06-21 09:22:50,4180.0,39983
2021-06-21 09:22:51,4179.5,39985
2021-06-21 09:22:52,4179.5,39985
2021-06-21 09:22:53,4181.45,39989
2021-06-21 09:22:54,4181.45,39989
2021-06-21 09:22:55,4179.6,40719
2021-06-21 09:22:56,4179.65,40720
2021-06-21 09:22:57,4179.5,40793
2021-06-21 09:22:58,4179.5,40793
2021-06-21 09:23:00,4178.75,40815
2021-06-21 09:23:01,4178.75,40815
2021-06-21 09:23:02,4178.75,40818
2021-06-21 09:23:02,4180.0,40819
2021-06-21 09:23:03,4177.55,40926
2021-06-21 09:23:04,4179.55,40937
2021-06-21 09:23:05,4179.5,40938
2021-06-21 09:23:06,4177.35,40940
2021-06-21 09:23:07,4177.35,40940
2021-06-21 09:23:08,4179.5,40944
2021-06-21 09:23:09,4179.45,40945
2021-06-21 09:23:10,4179.45,40947
2021-06-21 09:23:11,4179.45,40947
2021-06-21 09:23:12,4179.45,40947
2021-06-21 09:23:13,4177.7,41098
2021-06-21 09:23:14,4177.7,41098
2021-06-21 09:23:15,4177.7,41098
2021-06-21 09:23:16,4177.7,41098
2021-06-21 09:23:17,4177.7,41098
2021-06-21 09:23:19,4177.7,41098
2021-06-21 09:23:20,4179.35,41099
2021-06-21 09:23:21,4177.3,41103
2021-06-21 09:23:22,4177.3,41109
2021-06-21 09:23:23,4177.45,41113
2021-06-21 09:23:24,4177.45,41113
2021-06-21 09:23:25,4179.0,41118
2021-06-21 09:23:26,4179.0,41119
2021-06-21 09:23:27,4178.95,41126
2021-06-21 09:23:28,4178.95,41126
2021-06-21 09:23:29,4177.45,41149
2021-06-21 09:23:30,4177.45,41149
2021-06-21 09:23:31,4179.0,41154
2021-06-21 09:23:32,4177.0,41254
2021-06-21 09:23:33,4179.0,41280
2021-06-21 09:23:34,4178.95,41286
2021-06-21 09:23:35,4178.95,41286
2021-06-21 09:23:36,4179.0,41288
2021-06-21 09:23:37,4179.0,41293
2021-06-21 09:23:38,4180.0,41412
2021-06-21 09:23:39,4180.0,41439
2021-06-21 09:23:40,4180.0,41439
2021-06-21 09:23:41,4178.95,41509
2021-06-21 09:23:42,4178.95,41509
2021-06-21 09:23:43,4178.95,41509
2021-06-21 09:23:45,4178.95,41509
2021-06-21 09:23:44,4178.95,41509
2021-06-21 09:23:46,4181.8,41670
2021-06-21 09:23:47,4181.8,41670
2021-06-21 09:23:48,4181.8,41670
2021-06-21 09:23:49,4181.8,41670
2021-06-21 09:23:50,4181.3,41673
2021-06-21 09:23:51,4181.3,41673
2021-06-21 09:23:52,4178.95,41689
2021-06-21 09:23:53,4181.25,41711
2021-06-21 09:23:54,4181.2,41731
2021-06-21 09:23:55,4181.2,41731
2021-06-21 09:23:56,4181.2,41731
2021-06-21 09:23:57,4181.2,41731
2021-06-21 09:23:58,4179.0,41792
2021-06-21 09:23:59,4179.0,41792
2021-06-21 09:24:00,4179.0,41792
2021-06-21 09:24:01,4180.6,41828
2021-06-21 09:24:02,4180.6,41828
2021-06-21 09:24:03,4180.6,41828
2021-06-21 09:24:04,4180.6,41830
2021-06-21 09:24:05,4180.6,41830
2021-06-21 09:24:06,4180.6,41832
2021-06-21 09:24:07,4180.6,41835
2021-06-21 09:24:08,4180.6,41837
2021-06-21 09:24:09,4179.45,41839
2021-06-21 09:24:11,4176.0,42266
2021-06-21 09:24:12,4175.5,42274
2021-06-21 09:24:13,4173.5,42531
2021-06-21 09:24:14,4173.5,42531
2021-06-21 09:24:15,4172.8,42639
2021-06-21 09:24:16,4175.9,42665
2021-06-21 09:24:17,4175.9,42665
2021-06-21 09:24:18,4173.65,42667
2021-06-21 09:24:19,4173.65,42667
2021-06-21 09:24:20,4171.15,42807
2021-06-21 09:24:21,4170.15,42828
2021-06-21 09:24:22,4170.5,42845
2021-06-21 09:24:23,4172.5,42847
2021-06-21 09:24:24,4172.5,42847
2021-06-21 09:24:25,4170.5,42872
2021-06-21 09:24:26,4170.5,42872
2021-06-21 09:24:27,4172.5,42873
2021-06-21 09:24:28,4172.5,42873
2021-06-21 09:24:29,4173.0,42894
2021-06-21 09:24:30,4171.5,42994
2021-06-21 09:24:32,4172.5,43007
2021-06-21 09:24:33,4174.85,43019
2021-06-21 09:24:34,4174.85,43019
2021-06-21 09:24:35,4174.85,43019
2021-06-21 09:24:36,4174.85,43019
2021-06-21 09:24:37,4180.0,43212
2021-06-21 09:24:38,4179.95,43213
2021-06-21 09:24:39,4179.95,43213
2021-06-21 09:24:40,4179.95,43213
2021-06-21 09:24:41,4179.95,43213
2021-06-21 09:24:42,4179.95,43213
2021-06-21 09:24:42,4179.95,43213
2021-06-21 09:24:43,4178.3,43244
2021-06-21 09:24:45,4177.9,43246
2021-06-21 09:24:46,4177.9,43246
2021-06-21 09:24:47,4176.4,43277
2021-06-21 09:24:48,4176.4,43277
2021-06-21 09:24:49,4176.45,43341
2021-06-21 09:24:50,4174.35,43351
2021-06-21 09:24:51,4174.25,43353
2021-06-21 09:24:52,4173.5,43367
2021-06-21 09:24:53,4172.6,43369
2021-06-21 09:24:54,4172.6,43369
2021-06-21 09:24:56,4173.85,43429
2021-06-21 09:24:57,4173.85,43429
2021-06-21 09:24:58,4173.9,43434
2021-06-21 09:24:59,4172.5,43462
2021-06-21 09:25:00,4172.5,43462
2021-06-21 09:25:01,4172.5,43462
2021-06-21 09:25:02,4173.85,43467
2021-06-21 09:25:03,4173.85,43467
2021-06-21 09:25:05,4173.85,43474
2021-06-21 09:25:06,4172.5,43489
2021-06-21 09:25:07,4172.5,43539
2021-06-21 09:25:08,4172.5,43539
2021-06-21 09:25:09,4172.0,43544
2021-06-21 09:25:10,4172.0,43544
2021-06-21 09:25:11,4172.0,43544
2021-06-21 09:25:12,4173.0,43559
2021-06-21 09:25:12,4173.0,43559
2021-06-21 09:25:13,4173.65,43565
2021-06-21 09:25:14,4173.65,43565
2021-06-21 09:25:15,4173.4,43634
2021-06-21 09:25:16,4173.1,43831
2021-06-21 09:25:17,4171.4,43954
2021-06-21 09:25:18,4172.0,44156
2021-06-21 09:25:19,4173.4,44169
2021-06-21 09:25:21,4171.0,44328
2021-06-21 09:25:24,4170.1,44420
2021-06-21 09:25:25,4170.0,44433
2021-06-21 09:25:26,4171.8,44496
2021-06-21 09:25:28,4170.0,44647
2021-06-21 09:25:30,4171.45,44717
2021-06-21 09:25:31,4171.1,44721
2021-06-21 09:25:35,4169.6,44994
2021-06-21 09:25:36,4171.0,45005
2021-06-21 09:25:37,4169.95,45007
2021-06-21 09:25:39,4171.05,45016
2021-06-21 09:25:40,4169.6,45084
2021-06-21 09:25:41,4171.05,45087
2021-06-21 09:25:42,4169.9,45113
2021-06-21 09:25:43,4169.9,45113
2021-06-21 09:25:44,4169.9,45113
2021-06-21 09:25:45,4169.9,45113
2021-06-21 09:25:46,4171.0,45114
2021-06-21 09:25:47,4171.05,45150
2021-06-21 09:25:48,4171.05,45150
2021-06-21 09:25:49,4169.8,45396
2021-06-21 09:25:50,4169.8,45396
2021-06-21 09:25:51,4169.8,45396
2021-06-21 09:25:52,4169.8,45396
2021-06-21 09:25:53,4169.8,45396
2021-06-21 09:25:54,4171.2,45397
2021-06-21 09:25:55,4171.2,45397
2021-06-21 09:25:56,4171.2,45399
2021-06-21 09:25:57,4171.2,45399
2021-06-21 09:25:58,4170.0,45437
2021-06-21 09:25:59,4170.0,45437
2021-06-21 09:26:00,4170.0,45437
2021-06-21 09:26:02,4170.0,45437
2021-06-21 09:26:03,4170.0,45500
2021-06-21 09:26:04,4171.0,45501
2021-06-21 09:26:05,4171.0,45507
2021-06-21 09:26:06,4170.0,45523
2021-06-21 09:26:07,4170.0,45523
2021-06-21 09:26:08,4171.95,45524
2021-06-21 09:26:09,4173.0,45564
2021-06-21 09:26:10,4173.0,45564
2021-06-21 09:26:11,4170.0,45576
2021-06-21 09:26:12,4171.9,45577
2021-06-21 09:26:14,4171.8,45737
2021-06-21 09:26:14,4171.8,45737
2021-06-21 09:26:15,4171.0,45750
2021-06-21 09:26:16,4170.5,45757
2021-06-21 09:26:17,4170.0,45825
2021-06-21 09:26:18,4171.95,45903
2021-06-21 09:26:19,4171.95,45903
2021-06-21 09:26:22,4171.95,45903
2021-06-21 09:26:23,4171.95,45920
2021-06-21 09:26:24,4171.95,45920
2021-06-21 09:26:25,4176.35,46119
2021-06-21 09:26:26,4176.35,46119
2021-06-21 09:26:28,4176.2,46125
2021-06-21 09:26:30,4175.4,46157
2021-06-21 09:26:31,4173.5,46162
2021-06-21 09:26:32,4173.45,46272
2021-06-21 09:26:33,4173.45,46273
2021-06-21 09:26:34,4173.45,46273
2021-06-21 09:26:35,4173.45,46273
2021-06-21 09:26:36,4175.4,46279
2021-06-21 09:26:37,4175.45,46286
2021-06-21 09:26:38,4175.15,46287
2021-06-21 09:26:40,4174.95,46321
2021-06-21 09:26:41,4175.05,46336
2021-06-21 09:26:42,4175.05,46336
2021-06-21 09:26:43,4174.95,46337
2021-06-21 09:26:44,4176.45,46349
2021-06-21 09:26:45,4176.45,46349
2021-06-21 09:26:46,4175.0,46351
2021-06-21 09:26:47,4175.0,46351
2021-06-21 09:26:48,4176.35,46358
2021-06-21 09:26:49,4175.0,46360
2021-06-21 09:26:50,4176.4,46371
2021-06-21 09:26:51,4176.4,46371
2021-06-21 09:26:52,4176.4,46371
2021-06-21 09:26:53,4176.75,46376
2021-06-21 09:26:54,4176.7,46377
2021-06-21 09:26:55,4176.85,46387
2021-06-21 09:26:56,4175.0,46388
2021-06-21 09:26:57,4175.0,46388
2021-06-21 09:26:58,4175.0,46388
2021-06-21 09:26:59,4175.0,46388
2021-06-21 09:27:00,4175.0,46388
2021-06-21 09:27:01,4175.0,46388
2021-06-21 09:27:02,4176.7,46390
2021-06-21 09:27:03,4176.7,46390
2021-06-21 09:27:04,4176.7,46390
2021-06-21 09:27:05,4177.3,46420
2021-06-21 09:27:06,4177.3,46420
2021-06-21 09:27:07,4177.3,46420
2021-06-21 09:27:08,4177.3,46420
2021-06-21 09:27:09,4179.35,46429
2021-06-21 09:27:10,4177.35,46434
2021-06-21 09:27:11,4177.15,46439
2021-06-21 09:27:12,4179.35,46541
2021-06-21 09:27:13,4179.35,46541
2021-06-21 09:27:14,4179.35,46541
2021-06-21 09:27:15,4179.3,46587
2021-06-21 09:27:16,4177.8,46589
2021-06-21 09:27:17,4177.8,46589
2021-06-21 09:27:18,4179.95,46641
2021-06-21 09:27:19,4179.95,46641
2021-06-21 09:27:20,4179.9,46642
2021-06-21 09:27:21,4177.9,46644
2021-06-21 09:27:22,4179.95,46650
2021-06-21 09:27:24,4180.0,46711
2021-06-21 09:27:25,4178.8,46812
2021-06-21 09:27:26,4178.8,46812
2021-06-21 09:27:27,4178.8,46812
2021-06-21 09:27:29,4181.85,47531
2021-06-21 09:27:30,4182.15,47577
2021-06-21 09:27:31,4179.3,47826
2021-06-21 09:27:32,4181.65,47867
2021-06-21 09:27:33,4181.65,47867
2021-06-21 09:27:34,4184.0,47959
2021-06-21 09:27:35,4183.6,47970
2021-06-21 09:27:36,4183.6,47970
2021-06-21 09:27:37,4183.7,47975
2021-06-21 09:27:38,4183.7,47975
2021-06-21 09:27:39,4183.7,47975
2021-06-21 09:27:40,4183.7,47975
2021-06-21 09:27:41,4182.2,47990
2021-06-21 09:27:42,4183.75,47997
2021-06-21 09:27:43,4182.5,48296
2021-06-21 09:27:45,4183.95,48357
2021-06-21 09:27:46,4183.95,48357
2021-06-21 09:27:47,4183.95,48364
2021-06-21 09:27:48,4182.25,48367
2021-06-21 09:27:49,4182.25,48373
2021-06-21 09:27:50,4182.25,48410
2021-06-21 09:27:51,4182.25,48410
2021-06-21 09:27:52,4184.0,48415
2021-06-21 09:27:53,4184.0,48415
2021-06-21 09:27:54,4182.25,48448
2021-06-21 09:27:55,4182.25,48448
2021-06-21 09:27:56,4182.25,48449
2021-06-21 09:27:57,4181.45,48564
2021-06-21 09:27:58,4182.55,48570
2021-06-21 09:27:59,4182.55,48579
2021-06-21 09:28:00,4182.55,48620
2021-06-21 09:28:01,4179.05,48621
2021-06-21 09:28:02,4181.15,48671
2021-06-21 09:28:03,4181.15,48671
2021-06-21 09:28:04,4179.2,48672
2021-06-21 09:28:05,4179.2,48672
2021-06-21 09:28:06,4179.2,48672
2021-06-21 09:28:07,4179.2,48672
2021-06-21 09:28:08,4181.2,48680
2021-06-21 09:28:09,4179.2,48684
2021-06-21 09:28:10,4179.0,48686
2021-06-21 09:28:11,4179.0,48686
2021-06-21 09:28:12,4177.6,48752
2021-06-21 09:28:13,4177.6,48760
2021-06-21 09:28:14,4177.75,48768
2021-06-21 09:28:15,4176.0,48774
2021-06-21 09:28:16,4176.0,48774
2021-06-21 09:28:17,4176.0,48774
2021-06-21 09:28:18,4176.0,48774
2021-06-21 09:28:19,4176.0,48774
2021-06-21 09:28:20,4179.95,49022
2021-06-21 09:28:21,4180.95,49080
2021-06-21 09:28:22,4181.9,49146
2021-06-21 09:28:23,4181.9,49146
2021-06-21 09:28:24,4181.9,49146
2021-06-21 09:28:25,4181.9,49146
2021-06-21 09:28:26,4178.55,49151
2021-06-21 09:28:28,4180.5,49152
2021-06-21 09:28:29,4180.5,49152
2021-06-21 09:28:30,4180.7,49163
2021-06-21 09:28:31,4180.7,49172
2021-06-21 09:28:32,4180.7,49172
2021-06-21 09:28:33,4180.7,49172
2021-06-21 09:28:34,4180.7,49172
2021-06-21 09:28:35,4180.7,49177
2021-06-21 09:28:36,4180.7,49177
2021-06-21 09:28:37,4180.7,49182
2021-06-21 09:28:38,4180.7,49184
2021-06-21 09:28:39,4180.7,49186
2021-06-21 09:28:40,4181.0,49188
2021-06-21 09:28:41,4181.0,49188
2021-06-21 09:28:42,4180.9,49190
2021-06-21 09:28:43,4181.7,49212
2021-06-21 09:28:44,4181.7,49212
2021-06-21 09:28:45,4181.7,49212
2021-06-21 09:28:46,4180.9,49214
2021-06-21 09:28:47,4178.45,49373
2021-06-21 09:28:48,4178.45,49373
2021-06-21 09:28:49,4178.45,49373
2021-06-21 09:28:50,4178.45,49373
2021-06-21 09:28:52,4180.0,49379
2021-06-21 09:28:53,4180.0,49379
2021-06-21 09:28:54,4180.0,49379
2021-06-21 09:28:55,4180.0,49379
2021-06-21 09:28:56,4180.0,49379
2021-06-21 09:28:57,4180.0,49379
2021-06-21 09:28:58,4180.0,49379
2021-06-21 09:28:59,4180.0,49379
2021-06-21 09:29:00,4180.8,49381
2021-06-21 09:29:01,4180.8,49381
2021-06-21 09:29:02,4180.8,49381
2021-06-21 09:29:03,4180.8,49381
2021-06-21 09:29:04,4180.8,49381
2021-06-21 09:29:05,4182.6,49393
2021-06-21 09:29:06,4180.95,49476
2021-06-21 09:29:07,4180.95,49478
2021-06-21 09:29:08,4181.85,49480
2021-06-21 09:29:09,4183.0,49514
2021-06-21 09:29:10,4183.0,49514
2021-06-21 09:29:11,4182.95,49516
2021-06-21 09:29:12,4181.8,49559
2021-06-21 09:29:13,4182.95,49560
2021-06-21 09:29:14,4183.0,49576
2021-06-21 09:29:15,4183.0,49576
2021-06-21 09:29:16,4183.0,49576
2021-06-21 09:29:18,4181.2,49608
2021-06-21 09:29:19,4181.2,49609
2021-06-21 09:29:22,4180.8,49747
2021-06-21 09:29:24,4180.8,49748
2021-06-21 09:29:25,4181.0,49784
2021-06-21 09:29:26,4182.0,49785
2021-06-21 09:29:27,4182.0,49785
2021-06-21 09:29:28,4182.0,49785
2021-06-21 09:29:29,4182.0,49785
2021-06-21 09:29:30,4182.15,49887
2021-06-21 09:29:31,4182.15,49887
2021-06-21 09:29:32,4183.0,49983
2021-06-21 09:29:33,4182.85,49996
2021-06-21 09:29:34,4182.85,49996
2021-06-21 09:29:35,4180.8,50033
2021-06-21 09:29:36,4180.0,50056
2021-06-21 09:29:37,4182.15,50257
2021-06-21 09:29:38,4182.15,50257
2021-06-21 09:29:39,4183.2,50280
2021-06-21 09:29:40,4183.2,50280
2021-06-21 09:29:41,4182.05,50282
2021-06-21 09:29:42,4182.05,50282
2021-06-21 09:29:43,4182.05,50282
2021-06-21 09:29:44,4182.05,50282
2021-06-21 09:29:47,4182.0,50293
2021-06-21 09:29:49,4180.0,50433
2021-06-21 09:29:50,4180.0,50433
2021-06-21 09:29:51,4180.0,50433
2021-06-21 09:29:52,4180.0,50525
2021-06-21 09:29:53,4180.0,50525
2021-06-21 09:29:54,4180.0,50550
2021-06-21 09:29:55,4180.0,50729
2021-06-21 09:29:56,4182.45,50929
2021-06-21 09:29:57,4182.45,50929
2021-06-21 09:29:59,4180.35,50947
2021-06-21 09:29:59,4180.35,50947
2021-06-21 09:30:00,4180.35,50947
2021-06-21 09:30:01,4180.35,50947
2021-06-21 09:30:02,4181.95,50951
2021-06-21 09:30:03,4181.95,50951
2021-06-21 09:30:04,4181.95,50951
2021-06-21 09:30:05,4181.95,50951
2021-06-21 09:30:06,4182.05,50966
2021-06-21 09:30:07,4182.05,50966
2021-06-21 09:30:08,4182.05,50966
2021-06-21 09:30:09,4182.05,50972
2021-06-21 09:30:10,4182.05,50972
2021-06-21 09:30:11,4180.0,51117
2021-06-21 09:30:12,4180.0,51117
2021-06-21 09:30:13,4180.85,51131
2021-06-21 09:30:15,4180.85,51131
2021-06-21 09:30:16,4179.2,51267
2021-06-21 09:30:18,4178.7,51278
2021-06-21 09:30:19,4178.55,51283
2021-06-21 09:30:20,4177.0,51285
2021-06-21 09:30:20,4177.0,51287
2021-06-21 09:30:22,4176.2,51302
2021-06-21 09:30:23,4176.2,51302
2021-06-21 09:30:24,4176.2,51302
2021-06-21 09:30:25,4177.45,51311
2021-06-21 09:30:26,4177.45,51311
2021-06-21 09:30:27,4177.45,51311
2021-06-21 09:30:27,4177.45,51311
2021-06-21 09:30:28,4176.0,51320
2021-06-21 09:30:29,4176.0,51320
2021-06-21 09:30:30,4177.35,51340
2021-06-21 09:30:31,4177.35,51340
2021-06-21 09:30:33,4177.35,51340
2021-06-21 09:30:34,4176.25,51341
2021-06-21 09:30:35,4176.95,51353
2021-06-21 09:30:36,4176.95,51353
2021-06-21 09:30:37,4176.95,51353
2021-06-21 09:30:38,4176.95,51353
2021-06-21 09:30:39,4176.95,51353
2021-06-21 09:30:40,4176.95,51353
2021-06-21 09:30:40,4176.95,51353
2021-06-21 09:30:42,4176.5,51360
2021-06-21 09:30:44,4176.05,51362
2021-06-21 09:30:44,4176.05,51362
2021-06-21 09:30:47,4177.0,51363
2021-06-21 09:30:47,4177.0,51363
2021-06-21 09:30:49,4177.0,51363
2021-06-21 09:30:49,4177.0,51363
2021-06-21 09:30:50,4177.9,51364
2021-06-21 09:30:51,4177.9,51364
2021-06-21 09:30:53,4177.9,51364
2021-06-21 09:30:57,4176.95,51376
2021-06-21 09:30:58,4178.0,51378
2021-06-21 09:30:59,4176.1,51426
2021-06-21 09:31:00,4176.0,51441
2021-06-21 09:31:00,4176.0,51441
2021-06-21 09:31:02,4176.0,51441
2021-06-21 09:31:03,4176.0,51441
2021-06-21 09:31:04,4176.0,51441
2021-06-21 09:31:04,4176.0,51441
2021-06-21 09:31:05,4178.0,51451
2021-06-21 09:31:06,4176.2,51458
2021-06-21 09:31:07,4176.2,51460
2021-06-21 09:31:08,4176.2,51460
2021-06-21 09:31:09,4176.2,51460
2021-06-21 09:31:10,4176.2,51460
2021-06-21 09:31:11,4176.2,51460
2021-06-21 09:31:12,4176.2,51460
2021-06-21 09:31:13,4176.2,51460
2021-06-21 09:31:14,4176.0,51462
2021-06-21 09:31:15,4176.0,51462
2021-06-21 09:31:16,4176.0,51464
2021-06-21 09:31:17,4176.0,51464
2021-06-21 09:31:18,4176.0,51464
2021-06-21 09:31:19,4177.0,51466
2021-06-21 09:31:20,4175.0,51803
2021-06-21 09:31:21,4175.0,51803
2021-06-21 09:31:22,4175.0,51803
2021-06-21 09:31:23,4175.0,51803
2021-06-21 09:31:24,4176.95,51804
2021-06-21 09:31:25,4176.95,51804
2021-06-21 09:31:26,4175.0,51819
2021-06-21 09:31:27,4176.2,51820
2021-06-21 09:31:28,4177.95,51885
2021-06-21 09:31:29,4176.0,51887
2021-06-21 09:31:30,4175.5,51895
2021-06-21 09:31:31,4174.0,51971
2021-06-21 09:31:33,4173.55,51975
2021-06-21 09:31:34,4173.55,51975
2021-06-21 09:31:35,4177.35,52070
2021-06-21 09:31:35,4177.35,52070
2021-06-21 09:31:37,4175.95,52131
2021-06-21 09:31:38,4175.95,52132
2021-06-21 09:31:38,4173.6,52147
2021-06-21 09:31:40,4173.6,52147
2021-06-21 09:31:41,4173.45,52164
2021-06-21 09:31:42,4175.85,52165
2021-06-21 09:31:42,4175.85,52165
2021-06-21 09:31:43,4175.8,52166
2021-06-21 09:31:44,4175.8,52166
2021-06-21 09:31:45,4175.75,52167
2021-06-21 09:31:47,4175.75,52167
2021-06-21 09:31:48,4175.75,52168
2021-06-21 09:31:49,4173.75,52170
2021-06-21 09:31:50,4171.55,52286
2021-06-21 09:31:51,4175.6,52372
2021-06-21 09:31:52,4175.6,52372
2021-06-21 09:31:53,4175.6,52372
2021-06-21 09:31:54,4175.6,52372
2021-06-21 09:31:55,4171.3,52422
2021-06-21 09:31:56,4173.05,52442
2021-06-21 09:31:57,4174.55,52528
2021-06-21 09:31:58,4175.1,52628
2021-06-21 09:31:59,4177.45,52704
2021-06-21 09:32:00,4174.95,52707
2021-06-21 09:32:01,4171.85,52827
2021-06-21 09:32:02,4171.9,52829
2021-06-21 09:32:03,4171.9,52829
2021-06-21 09:32:04,4174.65,52869
2021-06-21 09:32:05,4175.0,52874
2021-06-21 09:32:06,4173.35,52877
2021-06-21 09:32:07,4173.35,52877
2021-06-21 09:32:08,4173.35,52877
2021-06-21 09:32:09,4175.0,52881
2021-06-21 09:32:10,4175.0,52881
2021-06-21 09:32:11,4175.0,52881
2021-06-21 09:32:12,4175.0,52881
2021-06-21 09:32:12,4175.0,52881
2021-06-21 09:32:13,4175.0,52883
2021-06-21 09:32:14,4174.15,52884
2021-06-21 09:32:15,4174.15,52884
2021-06-21 09:32:16,4175.0,52885
2021-06-21 09:32:17,4175.0,52885
2021-06-21 09:32:18,4175.0,52887
2021-06-21 09:32:19,4175.0,52887
2021-06-21 09:32:20,4176.0,52889
2021-06-21 09:32:21,4176.0,52889
2021-06-21 09:32:22,4174.15,52901
2021-06-21 09:32:23,4175.15,53016
2021-06-21 09:32:24,4177.9,53266
2021-06-21 09:32:25,4176.55,53284
2021-06-21 09:32:26,4178.2,53390
2021-06-21 09:32:27,4177.9,53868
2021-06-21 09:32:28,4177.9,53871
2021-06-21 09:32:29,4177.9,53871
2021-06-21 09:32:30,4177.9,53871
2021-06-21 09:32:31,4177.9,53871
2021-06-21 09:32:32,4177.9,53871
2021-06-21 09:32:34,4179.85,53881
2021-06-21 09:32:35,4179.85,53881
2021-06-21 09:32:36,4179.85,53881
2021-06-21 09:32:37,4179.85,53881
2021-06-21 09:32:38,4179.85,53882
2021-06-21 09:32:39,4179.85,53882
2021-06-21 09:32:40,4179.85,53882
2021-06-21 09:32:42,4179.85,53882
2021-06-21 09:32:43,4179.85,53882
2021-06-21 09:32:44,4179.85,53884
2021-06-21 09:32:45,4179.95,53892
2021-06-21 09:32:45,4179.95,53892
2021-06-21 09:32:46,4179.95,53892
2021-06-21 09:32:48,4179.85,53894
2021-06-21 09:32:50,4181.9,53927
2021-06-21 09:32:51,4181.9,53927
2021-06-21 09:32:52,4181.65,53932
2021-06-21 09:32:52,4181.65,53932
2021-06-21 09:32:53,4181.65,53932
2021-06-21 09:32:55,4183.65,53933
2021-06-21 09:32:56,4183.65,53933
2021-06-21 09:32:57,4183.65,53933
2021-06-21 09:32:58,4183.65,53933
2021-06-21 09:33:00,4184.0,53937
2021-06-21 09:33:01,4184.0,53937
2021-06-21 09:33:01,4184.0,53938
2021-06-21 09:33:03,4184.0,53950
2021-06-21 09:33:04,4184.0,53951
2021-06-21 09:33:05,4184.0,53951
2021-06-21 09:33:05,4184.0,53951
2021-06-21 09:33:06,4184.0,53955
2021-06-21 09:33:08,4184.0,53955
2021-06-21 09:33:09,4186.9,54275
2021-06-21 09:33:10,4190.6,54788
2021-06-21 09:33:10,4188.8,54974
2021-06-21 09:33:11,4188.9,55011
2021-06-21 09:33:12,4188.9,55011
2021-06-21 09:33:14,4191.55,55012
2021-06-21 09:33:15,4191.55,55012
2021-06-21 09:33:15,4189.0,55017
2021-06-21 09:33:16,4189.3,55062
2021-06-21 09:33:17,4189.3,55066
2021-06-21 09:33:18,4187.55,55072
2021-06-21 09:33:19,4190.55,55079
2021-06-21 09:33:20,4190.55,55089
2021-06-21 09:33:21,4190.55,55089
2021-06-21 09:33:22,4191.4,55191
2021-06-21 09:33:24,4190.55,55320
2021-06-21 09:33:25,4190.55,55321
2021-06-21 09:33:27,4188.8,55471
2021-06-21 09:33:28,4187.35,55475
2021-06-21 09:33:29,4187.35,55475
2021-06-21 09:33:30,4187.35,55475
2021-06-21 09:33:31,4188.65,55480
2021-06-21 09:33:31,4190.55,55580
2021-06-21 09:33:33,4190.55,55580
2021-06-21 09:33:34,4188.2,55655
2021-06-21 09:33:34,4191.15,56046
2021-06-21 09:33:36,4191.2,56358
2021-06-21 09:33:37,4193.4,56367
2021-06-21 09:33:38,4191.2,56370
2021-06-21 09:33:39,4191.2,56370
2021-06-21 09:33:40,4192.35,56396
2021-06-21 09:33:41,4193.55,56406
2021-06-21 09:33:42,4193.55,56406
2021-06-21 09:33:43,4193.55,56406
2021-06-21 09:33:44,4193.8,56450
2021-06-21 09:33:45,4195.45,56535
2021-06-21 09:33:46,4195.45,56591
2021-06-21 09:33:47,4195.45,56591
2021-06-21 09:33:48,4197.0,56605
2021-06-21 09:33:49,4197.0,56615
2021-06-21 09:33:51,4197.0,56642
2021-06-21 09:33:52,4196.5,56667
2021-06-21 09:33:53,4197.0,56692
2021-06-21 09:33:55,4192.95,58862
2021-06-21 09:33:56,4193.7,58870
2021-06-21 09:33:57,4193.7,58870
2021-06-21 09:33:59,4191.15,58872
2021-06-21 09:34:00,4193.3,58882
2021-06-21 09:34:00,4193.3,58882
2021-06-21 09:34:01,4190.35,59195
2021-06-21 09:34:03,4192.35,59198
2021-06-21 09:34:04,4192.4,59216
2021-06-21 09:34:05,4191.0,59283
2021-06-21 09:34:06,4190.45,59286
2021-06-21 09:34:08,4190.0,59903
2021-06-21 09:34:09,4189.95,59941
2021-06-21 09:34:10,4192.9,59942
2021-06-21 09:34:11,4190.0,60012
2021-06-21 09:34:12,4191.95,60013
2021-06-21 09:34:13,4193.0,60016
2021-06-21 09:34:13,4192.9,60026
2021-06-21 09:34:15,4191.1,60027
2021-06-21 09:34:16,4191.1,60027
2021-06-21 09:34:17,4191.1,60027
2021-06-21 09:34:18,4191.1,60027
2021-06-21 09:34:19,4194.0,60028
2021-06-21 09:34:20,4192.75,60078
2021-06-21 09:34:21,4192.75,60078
2021-06-21 09:34:22,4188.15,60079
2021-06-21 09:34:23,4185.0,60104
2021-06-21 09:34:24,4185.0,60104
2021-06-21 09:34:26,4186.25,60205
2021-06-21 09:34:27,4189.65,60215
2021-06-21 09:34:28,4189.65,60215
2021-06-21 09:34:29,4189.65,60215
2021-06-21 09:34:30,4188.85,60316
2021-06-21 09:34:31,4189.2,60319
2021-06-21 09:34:32,4188.55,60320
2021-06-21 09:34:33,4187.95,60321
2021-06-21 09:34:34,4188.55,60323
2021-06-21 09:34:35,4188.55,60323
2021-06-21 09:34:36,4188.55,60323
2021-06-21 09:34:36,4185.55,60336
2021-06-21 09:34:37,4185.3,60337
2021-06-21 09:34:39,4189.7,60358
2021-06-21 09:34:40,4189.7,60358
2021-06-21 09:34:41,4189.7,60358
2021-06-21 09:34:42,4189.55,60363
2021-06-21 09:34:43,4189.55,60363
2021-06-21 09:34:44,4188.85,60369
2021-06-21 09:34:45,4187.95,60370
2021-06-21 09:34:46,4187.95,60370
2021-06-21 09:34:47,4185.3,60380
2021-06-21 09:34:48,4187.45,60400
2021-06-21 09:34:49,4187.45,60400
2021-06-21 09:34:50,4187.45,60400
2021-06-21 09:34:51,4185.3,60402
2021-06-21 09:34:52,4185.0,60502
2021-06-21 09:34:53,4185.0,60502
2021-06-21 09:34:54,4185.0,60512
2021-06-21 09:34:55,4185.0,60706
2021-06-21 09:34:56,4185.0,60706
2021-06-21 09:34:57,4185.0,60906
2021-06-21 09:34:58,4185.0,60906
2021-06-21 09:34:59,4185.0,60907
2021-06-21 09:35:01,4187.5,61945
2021-06-21 09:35:03,4189.45,62000
2021-06-21 09:35:04,4191.9,62091
2021-06-21 09:35:07,4191.3,62139
2021-06-21 09:35:08,4188.05,62146
2021-06-21 09:35:09,4191.2,62151
2021-06-21 09:35:10,4191.2,62151
2021-06-21 09:35:11,4191.2,62153
2021-06-21 09:35:12,4191.2,62153
2021-06-21 09:35:13,4191.2,62153
2021-06-21 09:35:14,4191.2,62153
2021-06-21 09:35:15,4191.2,62153
2021-06-21 09:35:16,4191.8,62203
2021-06-21 09:35:17,4191.8,62203
2021-06-21 09:35:19,4191.8,62203
2021-06-21 09:35:20,4191.8,62203
2021-06-21 09:35:21,4191.0,62204
2021-06-21 09:35:22,4191.0,62204
2021-06-21 09:35:23,4191.0,62204
2021-06-21 09:35:24,4191.0,62215
2021-06-21 09:35:25,4191.0,62215
2021-06-21 09:35:26,4191.0,62220
2021-06-21 09:35:27,4191.0,62220
2021-06-21 09:35:28,4191.0,62220
2021-06-21 09:35:31,4190.1,62245
2021-06-21 09:35:32,4190.0,62250
2021-06-21 09:35:34,4190.0,62255
2021-06-21 09:35:35,4190.0,62255
2021-06-21 09:35:36,4190.0,62255
2021-06-21 09:35:37,4189.95,62260
2021-06-21 09:35:39,4187.45,62265
2021-06-21 09:35:39,4189.75,62270
2021-06-21 09:35:40,4189.95,62300
2021-06-21 09:35:41,4187.75,62303
2021-06-21 09:35:42,4187.75,62303
2021-06-21 09:35:44,4187.7,62310
2021-06-21 09:35:44,4187.7,62310
2021-06-21 09:35:45,4187.7,62310
2021-06-21 09:35:46,4187.7,62310
2021-06-21 09:35:47,4189.9,62315
2021-06-21 09:35:48,4187.85,62316
2021-06-21 09:35:49,4189.9,62317
2021-06-21 09:35:51,4189.9,62317
2021-06-21 09:35:52,4189.95,62320
2021-06-21 09:35:53,4189.95,62320
2021-06-21 09:35:54,4189.95,62320
2021-06-21 09:35:54,4189.95,62320
2021-06-21 09:35:56,4189.95,62320
2021-06-21 09:35:57,4190.0,62520
2021-06-21 09:35:59,4189.1,62527
2021-06-21 09:36:00,4189.1,62527
2021-06-21 09:36:02,4189.95,62529
2021-06-21 09:36:03,4189.95,62529
2021-06-21 09:36:04,4189.95,62529
2021-06-21 09:36:05,4190.0,62605
2021-06-21 09:36:06,4189.95,62606
2021-06-21 09:36:07,4189.95,62606
2021-06-21 09:36:07,4189.95,62606
2021-06-21 09:36:08,4189.95,62606
2021-06-21 09:36:10,4189.95,62606
2021-06-21 09:36:12,4189.4,62611
2021-06-21 09:36:13,4189.95,62613
2021-06-21 09:36:15,4189.2,62615
2021-06-21 09:36:15,4189.2,62615
2021-06-21 09:36:16,4189.2,62615
2021-06-21 09:36:20,4195.0,63697
2021-06-21 09:36:21,4195.65,63745
2021-06-21 09:36:22,4195.4,63760
2021-06-21 09:36:23,4194.5,64117
2021-06-21 09:36:24,4196.75,64118
2021-06-21 09:36:27,4195.0,64545
2021-06-21 09:36:29,4196.0,64547
2021-06-21 09:36:30,4196.0,64549
2021-06-21 09:36:31,4196.0,64553
2021-06-21 09:36:32,4196.0,64553
2021-06-21 09:36:33,4196.0,64553
2021-06-21 09:36:34,4192.0,64854
2021-06-21 09:36:35,4192.0,64854
2021-06-21 09:36:36,4194.85,64856
2021-06-21 09:36:37,4192.25,64857
2021-06-21 09:36:38,4192.25,64857
2021-06-21 09:36:40,4192.25,64857
2021-06-21 09:36:42,4192.25,64857
2021-06-21 09:36:43,4192.25,64857
2021-06-21 09:36:44,4192.25,64857
2021-06-21 09:36:45,4192.25,64857
2021-06-21 09:36:46,4192.2,64863
2021-06-21 09:36:47,4190.9,64867
2021-06-21 09:36:49,4190.45,65075
2021-06-21 09:36:50,4190.45,65078
2021-06-21 09:36:52,4190.45,65078
2021-06-21 09:36:53,4193.3,65167
2021-06-21 09:36:54,4193.3,65177
2021-06-21 09:36:55,4193.3,65184
2021-06-21 09:36:56,4193.3,65184
2021-06-21 09:36:57,4193.3,65184
2021-06-21 09:36:58,4193.3,65184
2021-06-21 09:36:59,4192.25,65185
2021-06-21 09:37:00,4193.55,65186
2021-06-21 09:37:01,4193.55,65186
2021-06-21 09:37:02,4193.55,65186
2021-06-21 09:37:03,4193.55,65186
2021-06-21 09:37:04,4194.0,65291
2021-06-21 09:37:05,4192.55,65296
2021-06-21 09:37:06,4192.55,65296
2021-06-21 09:37:07,4192.55,65296
2021-06-21 09:37:08,4192.55,65296
2021-06-21 09:37:09,4191.85,65297
2021-06-21 09:37:10,4191.85,65297
2021-06-21 09:37:11,4193.6,65317
2021-06-21 09:37:11,4193.6,65317
2021-06-21 09:37:13,4193.6,65328
2021-06-21 09:37:14,4193.6,65328
2021-06-21 09:37:15,4193.95,65330
2021-06-21 09:37:16,4193.95,65330
2021-06-21 09:37:17,4193.6,65355
2021-06-21 09:37:18,4193.6,65369
2021-06-21 09:37:19,4193.35,65383
2021-06-21 09:37:20,4190.0,65456
2021-06-21 09:37:21,4190.75,65466
2021-06-21 09:37:22,4190.85,65479
2021-06-21 09:37:23,4190.85,65479
2021-06-21 09:37:24,4190.85,65479
2021-06-21 09:37:25,4190.85,65479
2021-06-21 09:37:26,4190.85,65481
2021-06-21 09:37:27,4190.85,65481
2021-06-21 09:37:28,4190.85,65481
2021-06-21 09:37:30,4190.9,65482
2021-06-21 09:37:31,4193.0,65502
2021-06-21 09:37:32,4193.0,65502
2021-06-21 09:37:33,4192.9,65512
2021-06-21 09:37:34,4192.75,65592
2021-06-21 09:37:35,4190.95,65593
2021-06-21 09:37:36,4190.95,65594
2021-06-21 09:37:38,4192.3,65844
2021-06-21 09:37:39,4192.3,65844
2021-06-21 09:37:39,4190.65,65859
2021-06-21 09:37:40,4191.0,65881
2021-06-21 09:37:41,4192.0,65884
2021-06-21 09:37:42,4192.0,65884
2021-06-21 09:37:44,4193.55,65894
2021-06-21 09:37:45,4193.55,65894
2021-06-21 09:37:46,4190.7,65899
2021-06-21 09:37:47,4192.0,65902
2021-06-21 09:37:48,4192.0,65902
2021-06-21 09:37:49,4191.0,65912
2021-06-21 09:37:50,4192.85,65937
2021-06-21 09:37:51,4193.65,65962
2021-06-21 09:37:52,4193.65,65962
2021-06-21 09:37:54,4191.2,65966
2021-06-21 09:37:54,4191.05,65974
2021-06-21 09:37:55,4191.05,65974
2021-06-21 09:37:56,4191.05,65974
2021-06-21 09:37:57,4191.05,65974
2021-06-21 09:37:58,4191.15,66004
2021-06-21 09:37:59,4194.0,66009
2021-06-21 09:38:00,4194.0,66014
2021-06-21 09:38:01,4193.9,66082
2021-06-21 09:38:02,4193.9,66082
2021-06-21 09:38:03,4192.85,66152
2021-06-21 09:38:04,4192.65,66233
2021-06-21 09:38:05,4190.65,66283
2021-06-21 09:38:07,4192.6,66298
2021-06-21 09:38:08,4192.6,66298
2021-06-21 09:38:09,4192.6,66298
2021-06-21 09:38:10,4192.6,66298
2021-06-21 09:38:11,4192.6,66298
2021-06-21 09:38:12,4192.6,66298
2021-06-21 09:38:13,4192.6,66298
2021-06-21 09:38:15,4191.15,66324
2021-06-21 09:38:16,4191.15,66324
2021-06-21 09:38:17,4191.15,66324
2021-06-21 09:38:19,4191.15,66338
2021-06-21 09:38:20,4190.6,66358
2021-06-21 09:38:21,4190.5,66359
2021-06-21 09:38:22,4190.5,66359
2021-06-21 09:38:23,4190.8,66374
2021-06-21 09:38:24,4190.8,66374
2021-06-21 09:38:25,4190.8,66374
2021-06-21 09:38:26,4190.95,66377
2021-06-21 09:38:27,4192.95,66385
2021-06-21 09:38:28,4192.95,66385
2021-06-21 09:38:29,4192.95,66385
2021-06-21 09:38:30,4192.95,66385
2021-06-21 09:38:31,4191.0,66389
2021-06-21 09:38:32,4191.0,66389
2021-06-21 09:38:33,4190.55,66423
2021-06-21 09:38:34,4192.85,66425
2021-06-21 09:38:35,4192.85,66425
2021-06-21 09:38:36,4190.55,66426
2021-06-21 09:38:37,4193.0,66456
2021-06-21 09:38:38,4193.0,66456
2021-06-21 09:38:39,4193.0,66457
2021-06-21 09:38:40,4193.0,66457
2021-06-21 09:38:41,4192.85,66458
2021-06-21 09:38:42,4190.0,66993
2021-06-21 09:38:44,4190.0,66993
2021-06-21 09:38:45,4190.0,66993
2021-06-21 09:38:49,4191.8,66997
2021-06-21 09:38:51,4191.8,66997
2021-06-21 09:38:52,4191.8,66997
2021-06-21 09:38:53,4191.8,66997
2021-06-21 09:38:54,4191.8,66997
2021-06-21 09:38:55,4191.8,66997
2021-06-21 09:38:56,4192.6,67020
2021-06-21 09:38:58,4192.6,67020
2021-06-21 09:38:59,4192.6,67020
2021-06-21 09:39:01,4192.6,67020
2021-06-21 09:39:02,4192.6,67020
2021-06-21 09:39:03,4192.6,67020
2021-06-21 09:39:04,4192.6,67020
2021-06-21 09:39:05,4192.6,67020
2021-06-21 09:39:06,4192.6,67020
2021-06-21 09:39:07,4192.6,67020
2021-06-21 09:39:08,4192.6,67020
2021-06-21 09:39:10,4192.6,67020
2021-06-21 09:39:11,4192.6,67020
2021-06-21 09:39:12,4192.6,67020
2021-06-21 09:39:14,4192.6,67020
2021-06-21 09:39:15,4192.15,67025
2021-06-21 09:39:16,4192.0,67038
2021-06-21 09:39:17,4192.0,67038
2021-06-21 09:39:19,4192.0,67082
2021-06-21 09:39:20,4192.0,67082
2021-06-21 09:39:21,4192.0,67082
2021-06-21 09:39:22,4190.0,67184
2021-06-21 09:39:23,4190.0,67184
2021-06-21 09:39:24,4192.0,67237
2021-06-21 09:39:25,4192.0,67237
2021-06-21 09:39:26,4192.0,67237
2021-06-21 09:39:27,4192.0,67237
2021-06-21 09:39:28,4192.0,67237
2021-06-21 09:39:29,4192.0,67237
2021-06-21 09:39:30,4190.0,67338
2021-06-21 09:39:31,4190.0,67339
2021-06-21 09:39:32,4190.0,67339
2021-06-21 09:39:33,4191.8,67344
2021-06-21 09:39:34,4191.8,67344
2021-06-21 09:39:35,4190.0,67510
2021-06-21 09:39:36,4190.0,67510
2021-06-21 09:39:37,4190.0,67510
2021-06-21 09:39:38,4188.15,67561
2021-06-21 09:39:39,4188.15,67562
2021-06-21 09:39:40,4190.0,67573
2021-06-21 09:39:41,4190.0,67573
2021-06-21 09:39:42,4190.0,67771
2021-06-21 09:39:43,4188.35,67805
2021-06-21 09:39:44,4188.35,67805
2021-06-21 09:39:45,4188.35,67805
2021-06-21 09:39:46,4188.35,67805
2021-06-21 09:39:47,4189.95,67807
2021-06-21 09:39:49,4189.95,67807
2021-06-21 09:39:48,4189.95,67807
2021-06-21 09:39:50,4189.95,67807
2021-06-21 09:39:51,4189.95,67808
2021-06-21 09:39:52,4189.95,67811
2021-06-21 09:39:53,4189.95,67811
2021-06-21 09:39:54,4189.95,67812
2021-06-21 09:39:55,4186.0,67828
2021-06-21 09:39:56,4186.0,67828
2021-06-21 09:39:57,4186.0,67828
2021-06-21 09:39:58,4186.0,67828
2021-06-21 09:39:59,4186.9,67831
2021-06-21 09:40:00,4188.1,67836
2021-06-21 09:40:01,4188.1,67836
2021-06-21 09:40:02,4186.6,67837
2021-06-21 09:40:03,4186.6,67837
2021-06-21 09:40:04,4188.1,67839
2021-06-21 09:40:06,4188.1,67844
2021-06-21 09:40:05,4188.1,67844
2021-06-21 09:40:07,4188.1,67844
2021-06-21 09:40:08,4188.1,67850
2021-06-21 09:40:09,4188.1,67850
2021-06-21 09:40:10,4188.1,67850
2021-06-21 09:40:11,4188.1,67850
2021-06-21 09:40:13,4188.1,67850
2021-06-21 09:40:12,4188.1,67850
2021-06-21 09:40:14,4186.65,67852
2021-06-21 09:40:15,4186.65,67852
2021-06-21 09:40:16,4188.75,67853
2021-06-21 09:40:17,4188.75,67853
2021-06-21 09:40:18,4188.75,67853
2021-06-21 09:40:19,4188.75,67853
2021-06-21 09:40:20,4188.75,67853
2021-06-21 09:40:21,4188.75,67853
2021-06-21 09:40:22,4188.1,67857
2021-06-21 09:40:24,4188.1,67857
2021-06-21 09:40:25,4188.1,67857
2021-06-21 09:40:26,4188.1,67857
2021-06-21 09:40:28,4188.1,67858
2021-06-21 09:40:29,4188.1,67858
2021-06-21 09:40:30,4188.1,67858
2021-06-21 09:40:32,4186.6,67861
2021-06-21 09:40:33,4188.1,67869
2021-06-21 09:40:35,4188.1,67869
2021-06-21 09:40:36,4188.1,67869
2021-06-21 09:40:37,4188.1,67869
2021-06-21 09:40:39,4188.1,67869
2021-06-21 09:40:40,4188.1,67878
2021-06-21 09:40:41,4188.1,67878
2021-06-21 09:40:42,4188.1,67878
2021-06-21 09:40:44,4188.1,67878
2021-06-21 09:40:45,4188.1,67878
2021-06-21 09:40:46,4188.1,67878
2021-06-21 09:40:48,4188.1,67878
2021-06-21 09:40:48,4188.1,67878
2021-06-21 09:40:49,4188.1,67883
2021-06-21 09:40:50,4188.1,67883
2021-06-21 09:40:51,4186.6,67890
2021-06-21 09:40:52,4186.6,67890
2021-06-21 09:40:54,4186.6,67890
2021-06-21 09:40:55,4186.6,67890
2021-06-21 09:40:56,4186.6,67890
2021-06-21 09:40:57,4186.6,67890
2021-06-21 09:41:01,4185.0,68023
2021-06-21 09:41:03,4185.0,68023
2021-06-21 09:41:04,4185.0,68023
2021-06-21 09:41:05,4185.0,68024
2021-06-21 09:41:06,4185.0,68027
2021-06-21 09:41:07,4185.0,68127
2021-06-21 09:41:09,4188.95,68178
2021-06-21 09:41:10,4188.95,68178
2021-06-21 09:41:11,4188.95,68178
2021-06-21 09:41:12,4189.0,68188
2021-06-21 09:41:13,4186.8,68190
2021-06-21 09:41:14,4186.55,68192
2021-06-21 09:41:15,4186.55,68192
2021-06-21 09:41:17,4186.55,68192
2021-06-21 09:41:18,4187.3,68196
2021-06-21 09:41:19,4187.3,68196
2021-06-21 09:41:20,4187.3,68196
2021-06-21 09:41:21,4187.3,68196
2021-06-21 09:41:22,4187.3,68196
2021-06-21 09:41:23,4187.3,68196
2021-06-21 09:41:24,4187.3,68196
2021-06-21 09:41:25,4187.3,68196
2021-06-21 09:41:26,4187.3,68196
2021-06-21 09:41:27,4187.3,68196
2021-06-21 09:41:28,4187.3,68196
2021-06-21 09:41:31,4188.0,68222
2021-06-21 09:41:32,4189.0,68235
2021-06-21 09:41:33,4189.0,68235
2021-06-21 09:41:34,4189.0,68235
2021-06-21 09:41:35,4189.0,68237
2021-06-21 09:41:36,4189.0,68239
2021-06-21 09:41:38,4189.0,68239
2021-06-21 09:41:40,4187.05,68254
2021-06-21 09:41:41,4187.05,68254
2021-06-21 09:41:42,4188.1,68319
2021-06-21 09:41:43,4188.1,68319
2021-06-21 09:41:44,4187.35,68320
2021-06-21 09:41:45,4187.35,68335
2021-06-21 09:41:46,4187.35,68335
2021-06-21 09:41:47,4189.0,68336
2021-06-21 09:41:48,4189.0,68336
2021-06-21 09:41:49,4189.0,68336
2021-06-21 09:41:50,4189.0,68336
2021-06-21 09:41:51,4189.0,68337
2021-06-21 09:41:52,4189.0,68337
2021-06-21 09:41:53,4187.0,68352
2021-06-21 09:41:54,4187.0,68353
2021-06-21 09:41:55,4187.0,68353
2021-06-21 09:41:56,4187.0,68357
2021-06-21 09:41:57,4187.0,68370
2021-06-21 09:41:58,4187.0,68377
2021-06-21 09:41:59,4187.0,68377
2021-06-21 09:42:00,4187.0,68377
2021-06-21 09:42:02,4187.0,68377
2021-06-21 09:42:03,4187.0,68377
2021-06-21 09:42:04,4186.95,68378
2021-06-21 09:42:05,4187.0,68399
2021-06-21 09:42:06,4187.0,68399
2021-06-21 09:42:07,4185.2,68577
2021-06-21 09:42:08,4185.35,68578
2021-06-21 09:42:09,4187.0,68579
2021-06-21 09:42:10,4187.0,68579
2021-06-21 09:42:11,4187.0,68579
2021-06-21 09:42:12,4187.0,68593
2021-06-21 09:42:16,4186.05,68624
2021-06-21 09:42:17,4187.0,68634
2021-06-21 09:42:18,4187.0,68634
2021-06-21 09:42:19,4187.0,68634
2021-06-21 09:42:20,4187.0,68634
2021-06-21 09:42:21,4187.0,68634
2021-06-21 09:42:22,4187.0,68634
2021-06-21 09:42:23,4187.0,68634
2021-06-21 09:42:24,4187.0,68634
2021-06-21 09:42:25,4187.0,68634
2021-06-21 09:42:27,4187.0,68634
2021-06-21 09:42:28,4187.0,68635
2021-06-21 09:42:29,4187.0,68635
2021-06-21 09:42:29,4187.0,68635
2021-06-21 09:42:30,4187.0,68640
2021-06-21 09:42:31,4186.1,68650
2021-06-21 09:42:32,4186.1,68650
2021-06-21 09:42:33,4187.0,68652
2021-06-21 09:42:34,4187.0,68652
2021-06-21 09:42:35,4187.0,68652
2021-06-21 09:42:36,4187.0,68697
2021-06-21 09:42:37,4187.0,68697
2021-06-21 09:42:38,4187.0,68697
2021-06-21 09:42:39,4187.0,68697
2021-06-21 09:42:40,4187.0,68697
2021-06-21 09:42:41,4185.75,68727
2021-06-21 09:42:44,4185.75,68727
2021-06-21 09:42:45,4186.95,68733
2021-06-21 09:42:46,4186.95,68733
2021-06-21 09:42:47,4186.95,68734
2021-06-21 09:42:47,4186.95,68734
2021-06-21 09:42:48,4186.95,68734
2021-06-21 09:42:50,4186.95,68760
2021-06-21 09:42:51,4186.9,68770
2021-06-21 09:42:51,4186.9,68770
2021-06-21 09:42:53,4185.75,68771
2021-06-21 09:42:55,4185.75,68771
2021-06-21 09:42:56,4186.9,68914
2021-06-21 09:42:57,4186.9,68914
2021-06-21 09:42:58,4186.9,68914
2021-06-21 09:42:59,4186.9,68914
2021-06-21 09:43:00,4186.75,69179
2021-06-21 09:43:01,4186.75,69179
2021-06-21 09:43:01,4186.75,69179
2021-06-21 09:43:02,4186.75,69179
2021-06-21 09:43:03,4188.75,69180
2021-06-21 09:43:04,4187.65,69182
2021-06-21 09:43:05,4187.75,69253
2021-06-21 09:43:06,4186.8,69391
2021-06-21 09:43:07,4189.6,69591
2021-06-21 09:43:08,4186.45,69596
2021-06-21 09:43:09,4186.45,69596
2021-06-21 09:43:12,4186.45,69596
2021-06-21 09:43:13,4186.45,69596
2021-06-21 09:43:14,4186.45,69596
2021-06-21 09:43:16,4186.45,69626
2021-06-21 09:43:17,4186.45,69626
2021-06-21 09:43:20,4185.75,70014
2021-06-21 09:43:21,4185.75,70014
2021-06-21 09:43:25,4187.0,70032
2021-06-21 09:43:26,4186.45,70034
2021-06-21 09:43:27,4186.45,70034
2021-06-21 09:43:28,4186.45,70034
2021-06-21 09:43:29,4191.45,71632
2021-06-21 09:43:31,4190.5,71833
2021-06-21 09:43:33,4190.5,71833
2021-06-21 09:43:34,4190.5,71833
2021-06-21 09:43:35,4190.5,71833
2021-06-21 09:43:37,4188.0,72023
2021-06-21 09:43:38,4188.0,72023
2021-06-21 09:43:39,4188.0,72023
2021-06-21 09:43:40,4188.0,72023
2021-06-21 09:43:40,4188.0,72023
2021-06-21 09:43:42,4188.0,72023
2021-06-21 09:43:44,4188.0,72023
2021-06-21 09:43:45,4188.0,72023
2021-06-21 09:43:46,4188.0,72023
2021-06-21 09:43:47,4188.0,72023
2021-06-21 09:43:47,4188.0,72023
2021-06-21 09:43:50,4188.0,72074
2021-06-21 09:43:52,4187.1,72075
2021-06-21 09:43:52,4188.0,72078
2021-06-21 09:43:55,4188.0,72078
2021-06-21 09:43:56,4188.0,72078
2021-06-21 09:43:58,4187.0,72098
2021-06-21 09:43:59,4187.0,72098
2021-06-21 09:44:00,4187.0,72098
2021-06-21 09:44:01,4187.0,72098
2021-06-21 09:44:02,4186.7,72103
2021-06-21 09:44:03,4186.7,72103
2021-06-21 09:44:04,4186.2,72163
2021-06-21 09:44:05,4186.2,72163
2021-06-21 09:44:06,4186.2,72163
2021-06-21 09:44:07,4186.2,72163
2021-06-21 09:44:08,4186.2,72163
2021-06-21 09:44:09,4187.0,72175
2021-06-21 09:44:11,4187.0,72175
2021-06-21 09:44:13,4187.0,72243
2021-06-21 09:44:14,4187.0,72243
2021-06-21 09:44:15,4187.0,72243
2021-06-21 09:44:16,4186.2,72252
2021-06-21 09:44:17,4186.2,72293
2021-06-21 09:44:18,4186.2,72293
2021-06-21 09:44:19,4187.0,72504
2021-06-21 09:44:20,4187.0,72504
2021-06-21 09:44:21,4187.0,72504
2021-06-21 09:44:22,4187.0,72505
2021-06-21 09:44:23,4187.0,72505
2021-06-21 09:44:24,4185.35,72508
2021-06-21 09:44:25,4185.35,72511
2021-06-21 09:44:26,4185.35,72511
2021-06-21 09:44:27,4185.35,72511
2021-06-21 09:44:27,4185.35,72511
2021-06-21 09:44:28,4185.35,72511
2021-06-21 09:44:29,4185.35,72511
2021-06-21 09:44:30,4185.0,72703
2021-06-21 09:44:32,4187.0,73004
2021-06-21 09:44:33,4187.0,73011
2021-06-21 09:44:34,4187.4,73020
2021-06-21 09:44:36,4187.4,73020
2021-06-21 09:44:37,4187.4,73020
2021-06-21 09:44:38,4187.4,73020
2021-06-21 09:44:39,4187.4,73020
2021-06-21 09:44:40,4187.4,73020
2021-06-21 09:44:41,4187.4,73020
2021-06-21 09:44:42,4187.4,73020
2021-06-21 09:44:43,4187.4,73020
2021-06-21 09:44:44,4187.4,73020
2021-06-21 09:44:45,4187.4,73020
2021-06-21 09:44:46,4187.4,73020
2021-06-21 09:44:48,4186.0,73303
2021-06-21 09:44:51,4188.3,73304
2021-06-21 09:44:53,4186.0,73366
2021-06-21 09:44:54,4186.0,73518
2021-06-21 09:44:55,4186.0,73518
2021-06-21 09:44:56,4186.0,74282
2021-06-21 09:44:57,4186.0,74282
2021-06-21 09:44:59,4186.0,74291
2021-06-21 09:45:00,4186.0,74291
2021-06-21 09:45:01,4186.0,74291
2021-06-21 09:45:02,4186.0,74291
2021-06-21 09:45:03,4186.0,74296
2021-06-21 09:45:05,4186.0,74298
2021-06-21 09:45:06,4186.0,74298
2021-06-21 09:45:06,4186.0,74298
2021-06-21 09:45:07,4186.0,74298
2021-06-21 09:45:08,4185.95,74299
2021-06-21 09:45:09,4184.6,74399
2021-06-21 09:45:10,4189.15,74919
2021-06-21 09:45:11,4189.15,74919
2021-06-21 09:45:12,4189.15,74919
2021-06-21 09:45:13,4189.15,74919
2021-06-21 09:45:15,4189.15,74919
2021-06-21 09:45:16,4189.15,74919
2021-06-21 09:45:17,4189.15,74919
2021-06-21 09:45:18,4188.0,74924
2021-06-21 09:45:19,4188.0,74924
2021-06-21 09:45:20,4187.9,75133
2021-06-21 09:45:22,4187.4,75148
2021-06-21 09:45:23,4187.95,75158
2021-06-21 09:45:25,4186.75,75163
2021-06-21 09:45:27,4186.75,75163
2021-06-21 09:45:31,4186.75,75165
2021-06-21 09:45:36,4185.45,75170
2021-06-21 09:45:37,4185.45,75170
2021-06-21 09:45:38,4185.45,75170
2021-06-21 09:45:39,4185.45,75170
2021-06-21 09:45:40,4184.75,75172
2021-06-21 09:45:41,4186.55,76322
2021-06-21 09:45:42,4185.5,76328
2021-06-21 09:45:43,4185.5,76328
2021-06-21 09:45:44,4183.4,76332
2021-06-21 09:45:45,4183.0,76333
2021-06-21 09:45:46,4183.4,76383
2021-06-21 09:45:47,4183.4,76385
2021-06-21 09:45:48,4183.4,76510
2021-06-21 09:45:49,4183.4,76510
2021-06-21 09:45:50,4183.4,76510
2021-06-21 09:45:50,4183.4,76510
2021-06-21 09:45:52,4183.2,76511
2021-06-21 09:45:53,4183.2,76511
2021-06-21 09:45:54,4183.2,76511
2021-06-21 09:45:55,4180.25,76512
2021-06-21 09:45:56,4182.6,76515
2021-06-21 09:45:57,4180.1,76516
2021-06-21 09:45:58,4180.1,76516
2021-06-21 09:45:59,4180.1,76516
2021-06-21 09:46:00,4180.1,76516
2021-06-21 09:46:01,4180.1,76516
2021-06-21 09:46:02,4180.0,76685
2021-06-21 09:46:03,4180.85,77139
2021-06-21 09:46:04,4180.85,77139
2021-06-21 09:46:05,4180.85,77139
2021-06-21 09:46:06,4180.85,77139
2021-06-21 09:46:07,4180.85,77139
2021-06-21 09:46:08,4180.85,77139
2021-06-21 09:46:09,4180.85,77139
2021-06-21 09:46:10,4179.35,77140
2021-06-21 09:46:10,4179.35,77148
2021-06-21 09:46:11,4179.35,77148
2021-06-21 09:46:13,4177.5,77153
2021-06-21 09:46:14,4177.5,77153
2021-06-21 09:46:15,4178.75,77179
2021-06-21 09:46:16,4177.5,77189
2021-06-21 09:46:17,4177.5,77191
2021-06-21 09:46:18,4177.5,77196
2021-06-21 09:46:19,4176.0,77198
2021-06-21 09:46:20,4175.0,77323
2021-06-21 09:46:21,4175.0,77330
2021-06-21 09:46:22,4175.0,77331
2021-06-21 09:46:23,4175.0,77360
2021-06-21 09:46:24,4176.6,77361
2021-06-21 09:46:25,4176.6,77361
2021-06-21 09:46:26,4176.5,77362
2021-06-21 09:46:26,4176.5,77362
2021-06-21 09:46:27,4175.0,77389
2021-06-21 09:46:29,4175.0,77390
2021-06-21 09:46:30,4175.0,77390
2021-06-21 09:46:31,4175.0,77390
2021-06-21 09:46:33,4175.0,77390
2021-06-21 09:46:34,4175.1,77392
2021-06-21 09:46:35,4176.5,77412
2021-06-21 09:46:36,4175.05,77414
2021-06-21 09:46:37,4175.05,77414
2021-06-21 09:46:38,4175.05,77414
2021-06-21 09:46:39,4175.15,77418
2021-06-21 09:46:40,4175.15,77418
2021-06-21 09:46:41,4176.55,77428
2021-06-21 09:46:42,4176.55,77429
2021-06-21 09:46:43,4176.55,77430
2021-06-21 09:46:44,4176.55,77430
2021-06-21 09:46:45,4175.15,77445
2021-06-21 09:46:46,4176.55,77455
2021-06-21 09:46:47,4176.55,77455
2021-06-21 09:46:48,4176.55,77455
2021-06-21 09:46:49,4176.55,77455
2021-06-21 09:46:50,4176.55,77455
2021-06-21 09:46:51,4176.55,77455
2021-06-21 09:46:52,4176.85,77456
2021-06-21 09:46:53,4174.0,78218
2021-06-21 09:46:54,4174.0,78218
2021-06-21 09:46:57,4174.5,78418
2021-06-21 09:46:58,4174.5,78418
2021-06-21 09:47:00,4174.5,78418
2021-06-21 09:47:01,4174.5,78418
2021-06-21 09:47:02,4174.5,78418
2021-06-21 09:47:03,4174.5,78418
2021-06-21 09:47:04,4173.9,78547
2021-06-21 09:47:05,4175.0,78552
2021-06-21 09:47:06,4173.15,78562
2021-06-21 09:47:06,4173.15,78562
2021-06-21 09:47:07,4173.15,78562
2021-06-21 09:47:08,4173.15,78562
2021-06-21 09:47:10,4175.0,78572
2021-06-21 09:47:12,4174.95,78581
2021-06-21 09:47:13,4174.95,78581
2021-06-21 09:47:14,4173.9,78583
2021-06-21 09:47:15,4173.9,78583
2021-06-21 09:47:16,4173.9,78583
2021-06-21 09:47:17,4172.3,78640
2021-06-21 09:47:18,4172.3,78640
2021-06-21 09:47:18,4172.3,78640
2021-06-21 09:47:19,4172.3,78640
2021-06-21 09:47:20,4172.3,78640
2021-06-21 09:47:22,4172.9,78727
2021-06-21 09:47:23,4172.9,78727
2021-06-21 09:47:24,4172.9,78727
2021-06-21 09:47:25,4173.05,78739
2021-06-21 09:47:26,4172.0,78809
2021-06-21 09:47:28,4172.75,78814
2021-06-21 09:47:29,4172.75,78814
2021-06-21 09:47:31,4172.75,78814
2021-06-21 09:47:32,4172.75,78814
2021-06-21 09:47:34,4172.9,78859
2021-06-21 09:47:35,4172.9,78859
2021-06-21 09:47:36,4172.9,78859
2021-06-21 09:47:37,4172.9,78859
2021-06-21 09:47:37,4172.9,78859
2021-06-21 09:47:38,4173.0,78860
2021-06-21 09:47:40,4173.0,78860
2021-06-21 09:47:41,4172.9,78864
2021-06-21 09:47:42,4172.0,78869
2021-06-21 09:47:43,4172.0,78869
2021-06-21 09:47:44,4173.45,78933
2021-06-21 09:47:45,4173.45,78933
2021-06-21 09:47:46,4173.45,78933
2021-06-21 09:47:47,4173.45,78933
2021-06-21 09:47:48,4173.45,78933
2021-06-21 09:47:49,4173.45,78933
2021-06-21 09:47:50,4173.45,78933
2021-06-21 09:47:51,4175.0,78934
2021-06-21 09:47:52,4175.0,78934
2021-06-21 09:47:54,4174.85,78944
2021-06-21 09:47:55,4174.9,78945
2021-06-21 09:47:56,4174.9,78945
2021-06-21 09:47:57,4174.9,78948
2021-06-21 09:47:58,4174.9,78949
2021-06-21 09:47:59,4175.0,78951
2021-06-21 09:47:59,4175.0,78951
2021-06-21 09:48:00,4174.0,78953
2021-06-21 09:48:02,4174.0,78953
2021-06-21 09:48:03,4174.6,78954
2021-06-21 09:48:04,4174.6,78954
2021-06-21 09:48:05,4174.6,78954
2021-06-21 09:48:06,4174.6,78954
2021-06-21 09:48:06,4174.75,78955
2021-06-21 09:48:07,4173.25,78965
2021-06-21 09:48:09,4173.25,78965
2021-06-21 09:48:10,4173.25,78965
2021-06-21 09:48:11,4173.25,78965
2021-06-21 09:48:12,4173.25,78965
2021-06-21 09:48:13,4173.25,78965
2021-06-21 09:48:14,4174.65,78980
2021-06-21 09:48:18,4174.65,78980
2021-06-21 09:48:23,4173.2,79067
2021-06-21 09:48:23,4173.25,79069
2021-06-21 09:48:25,4173.25,79069
2021-06-21 09:48:26,4173.25,79069
2021-06-21 09:48:27,4173.75,79071
2021-06-21 09:48:28,4173.75,79071
2021-06-21 09:48:29,4173.75,79071
2021-06-21 09:48:30,4173.75,79071
2021-06-21 09:48:31,4172.0,79072
2021-06-21 09:48:32,4173.7,79075
2021-06-21 09:48:33,4173.7,79075
2021-06-21 09:48:34,4172.0,79077
2021-06-21 09:48:35,4172.0,79077
2021-06-21 09:48:36,4172.0,79077
2021-06-21 09:48:37,4172.0,79077
2021-06-21 09:48:38,4172.0,79077
2021-06-21 09:48:39,4173.7,79082
2021-06-21 09:48:40,4172.0,79100
2021-06-21 09:48:42,4172.0,79267
2021-06-21 09:48:44,4172.0,79267
2021-06-21 09:48:45,4172.0,79267
2021-06-21 09:48:46,4172.0,79267
2021-06-21 09:48:47,4172.0,79267
2021-06-21 09:48:48,4172.0,79267
2021-06-21 09:48:49,4172.0,79267
2021-06-21 09:48:50,4172.0,79267
2021-06-21 09:48:51,4172.0,79267
2021-06-21 09:48:52,4173.6,79268
2021-06-21 09:48:53,4173.6,79268
2021-06-21 09:48:54,4172.0,79273
2021-06-21 09:48:55,4172.0,79609
2021-06-21 09:48:56,4174.5,79614
2021-06-21 09:48:57,4173.6,79615
2021-06-21 09:48:58,4173.6,79615
2021-06-21 09:48:59,4173.6,79615
2021-06-21 09:49:00,4173.6,79615
2021-06-21 09:49:01,4173.6,79615
2021-06-21 09:49:02,4173.6,79615
2021-06-21 09:49:03,4174.05,79625
2021-06-21 09:49:04,4174.05,79625
2021-06-21 09:49:05,4174.05,79625
2021-06-21 09:49:07,4174.05,79625
2021-06-21 09:49:06,4174.05,79625
2021-06-21 09:49:08,4174.0,79641
2021-06-21 09:49:09,4174.0,79642
2021-06-21 09:49:10,4175.0,79682
2021-06-21 09:49:11,4175.0,79682
2021-06-21 09:49:12,4175.0,79682
2021-06-21 09:49:13,4175.0,79682
2021-06-21 09:49:14,4175.4,79782
2021-06-21 09:49:15,4174.0,79783
2021-06-21 09:49:16,4174.0,79813
2021-06-21 09:49:17,4174.0,79813
2021-06-21 09:49:18,4174.0,79813
2021-06-21 09:49:19,4174.0,79813
2021-06-21 09:49:20,4173.1,79833
2021-06-21 09:49:21,4173.1,79833
2021-06-21 09:49:22,4174.6,79838
2021-06-21 09:49:23,4174.6,79838
2021-06-21 09:49:24,4174.0,79839
2021-06-21 09:49:25,4174.0,79839
2021-06-21 09:49:26,4174.7,79856
2021-06-21 09:49:27,4173.0,79857
2021-06-21 09:49:28,4173.0,79857
2021-06-21 09:49:29,4173.0,79857
2021-06-21 09:49:30,4173.0,79860
2021-06-21 09:49:32,4174.5,79863
2021-06-21 09:49:33,4173.0,79865
2021-06-21 09:49:34,4173.0,79866
2021-06-21 09:49:35,4173.0,79866
2021-06-21 09:49:36,4173.0,79866
2021-06-21 09:49:37,4173.0,79866
2021-06-21 09:49:38,4172.6,79874
2021-06-21 09:49:39,4172.6,79874
2021-06-21 09:49:40,4172.5,79924
2021-06-21 09:49:42,4172.45,79934
2021-06-21 09:49:43,4172.45,79934
2021-06-21 09:49:44,4172.45,79934
2021-06-21 09:49:45,4172.45,79934
2021-06-21 09:49:46,4172.45,79934
2021-06-21 09:49:47,4174.0,79936
2021-06-21 09:49:48,4174.0,79936
2021-06-21 09:49:49,4174.0,79936
2021-06-21 09:49:50,4174.0,79936
2021-06-21 09:49:51,4174.0,79936
2021-06-21 09:49:52,4174.0,79936
2021-06-21 09:49:53,4174.0,79936
2021-06-21 09:49:55,4174.0,79936
2021-06-21 09:49:56,4174.0,79946
2021-06-21 09:49:57,4173.95,80072
2021-06-21 09:49:58,4173.95,80072
2021-06-21 09:49:59,4173.95,80072
2021-06-21 09:50:00,4173.95,80072
2021-06-21 09:50:01,4172.4,80099
2021-06-21 09:50:02,4172.4,80099
2021-06-21 09:50:03,4173.95,80153
2021-06-21 09:50:04,4173.75,80154
2021-06-21 09:50:05,4173.8,80157
2021-06-21 09:50:06,4172.0,80161
2021-06-21 09:50:07,4171.5,80246
2021-06-21 09:50:08,4171.5,80246
2021-06-21 09:50:09,4172.0,80261
2021-06-21 09:50:10,4172.0,80266
2021-06-21 09:50:11,4172.2,80268
2021-06-21 09:50:13,4172.2,80268
2021-06-21 09:50:14,4171.8,80386
2021-06-21 09:50:15,4174.1,80387
2021-06-21 09:50:16,4174.1,80387
2021-06-21 09:50:17,4174.1,80387
2021-06-21 09:50:18,4172.2,80388
2021-06-21 09:50:19,4172.2,80388
2021-06-21 09:50:20,4171.3,80521
2021-06-21 09:50:21,4171.3,80521
2021-06-21 09:50:23,4172.0,80545
2021-06-21 09:50:24,4172.0,80545
2021-06-21 09:50:26,4172.0,80545
2021-06-21 09:50:27,4172.0,80545
2021-06-21 09:50:28,4172.0,80545
2021-06-21 09:50:29,4172.35,80747
2021-06-21 09:50:30,4171.9,80748
2021-06-21 09:50:31,4171.9,80748
2021-06-21 09:50:32,4171.95,80755
2021-06-21 09:50:33,4171.95,80755
2021-06-21 09:50:34,4171.95,80755
2021-06-21 09:50:35,4171.95,80755
2021-06-21 09:50:36,4173.05,80760
2021-06-21 09:50:37,4173.05,80760
2021-06-21 09:50:38,4173.05,80760
2021-06-21 09:50:39,4173.4,80761
2021-06-21 09:50:40,4173.4,80761
2021-06-21 09:50:41,4171.3,81272
2021-06-21 09:50:43,4172.0,81373
2021-06-21 09:50:44,4172.0,81373
2021-06-21 09:50:45,4172.0,81383
2021-06-21 09:50:46,4171.15,81384
2021-06-21 09:50:47,4171.15,81384
2021-06-21 09:50:48,4171.15,81389
2021-06-21 09:50:49,4171.15,81389
2021-06-21 09:50:50,4171.15,81389
2021-06-21 09:50:51,4171.95,81390
2021-06-21 09:50:52,4171.95,81422
2021-06-21 09:50:53,4171.95,81422
2021-06-21 09:50:54,4171.15,81423
2021-06-21 09:50:55,4170.85,81473
2021-06-21 09:50:56,4172.0,81476
2021-06-21 09:50:57,4172.0,81476
2021-06-21 09:50:58,4172.0,81476
2021-06-21 09:50:59,4172.0,81476
2021-06-21 09:51:00,4170.85,81530
2021-06-21 09:51:01,4170.85,81530
2021-06-21 09:51:03,4172.0,81557
2021-06-21 09:51:04,4172.0,81557
2021-06-21 09:51:05,4172.0,81557
2021-06-21 09:51:06,4171.0,81558
2021-06-21 09:51:07,4171.95,81560
2021-06-21 09:51:08,4171.95,81560
2021-06-21 09:51:09,4171.95,81560
2021-06-21 09:51:10,4173.0,81680
2021-06-21 09:51:11,4173.0,81683
2021-06-21 09:51:12,4173.0,81701
2021-06-21 09:51:13,4173.3,81787
2021-06-21 09:51:14,4172.0,81794
2021-06-21 09:51:15,4173.55,81804
2021-06-21 09:51:16,4173.4,81824
2021-06-21 09:51:18,4173.4,81824
2021-06-21 09:51:18,4173.4,81824
2021-06-21 09:51:19,4173.4,81824
2021-06-21 09:51:20,4173.4,81824
2021-06-21 09:51:21,4173.4,81824
2021-06-21 09:51:22,4173.4,81824
2021-06-21 09:51:23,4173.4,81824
2021-06-21 09:51:24,4170.85,81834
2021-06-21 09:51:25,4170.85,81834
2021-06-21 09:51:26,4170.7,81848
2021-06-21 09:51:27,4172.5,81849
2021-06-21 09:51:28,4172.5,81849
2021-06-21 09:51:30,4173.0,81899
2021-06-21 09:51:31,4170.7,81909
2021-06-21 09:51:32,4170.7,81923
2021-06-21 09:51:33,4170.7,81923
2021-06-21 09:51:34,4170.7,81923
2021-06-21 09:51:35,4170.7,81923
2021-06-21 09:51:36,4170.7,81935
2021-06-21 09:51:38,4172.65,81975
2021-06-21 09:51:39,4172.0,81990
2021-06-21 09:51:41,4172.0,81990
2021-06-21 09:51:41,4172.0,81990
2021-06-21 09:51:42,4170.05,82203
2021-06-21 09:51:44,4170.05,82203
2021-06-21 09:51:44,4170.05,82204
2021-06-21 09:51:45,4171.65,82205
2021-06-21 09:51:46,4171.0,82206
2021-06-21 09:51:47,4171.0,82206
2021-06-21 09:51:48,4171.0,82206
2021-06-21 09:51:49,4172.4,82256
2021-06-21 09:51:51,4172.4,82256
2021-06-21 09:51:52,4171.0,82433
2021-06-21 09:51:52,4171.0,82433
2021-06-21 09:51:53,4171.0,82433
2021-06-21 09:51:54,4171.0,82437
2021-06-21 09:51:55,4171.0,82437
2021-06-21 09:51:56,4171.0,82437
2021-06-21 09:51:58,4171.0,82437
2021-06-21 09:51:58,4170.95,82438
2021-06-21 09:51:59,4170.95,82439
2021-06-21 09:52:00,4170.7,82440
2021-06-21 09:52:01,4170.7,82440
2021-06-21 09:52:02,4170.7,82440
2021-06-21 09:52:03,4170.95,82450
2021-06-21 09:52:04,4170.95,82450
2021-06-21 09:52:06,4170.95,82450
2021-06-21 09:52:06,4170.05,82463
2021-06-21 09:52:07,4170.05,82463
2021-06-21 09:52:08,4170.05,82463
2021-06-21 09:52:09,4170.0,82844
2021-06-21 09:52:11,4170.75,82867
2021-06-21 09:52:12,4170.75,82867
2021-06-21 09:52:13,4170.0,83080
2021-06-21 09:52:13,4170.0,83080
2021-06-21 09:52:14,4170.7,83092
2021-06-21 09:52:15,4170.7,83092
2021-06-21 09:52:16,4170.0,83348
2021-06-21 09:52:17,4170.0,83349
2021-06-21 09:52:18,4169.7,83350
2021-06-21 09:52:20,4169.7,83352
2021-06-21 09:52:21,4169.95,83353
2021-06-21 09:52:22,4170.0,83404
2021-06-21 09:52:22,4170.0,83404
2021-06-21 09:52:23,4170.0,83457
2021-06-21 09:52:24,4170.15,83468
2021-06-21 09:52:25,4170.15,83469
2021-06-21 09:52:26,4170.15,83469
2021-06-21 09:52:27,4170.15,83488
2021-06-21 09:52:28,4170.15,83488
2021-06-21 09:52:29,4170.15,83488
2021-06-21 09:52:30,4170.15,83488
2021-06-21 09:52:32,4170.15,83490
2021-06-21 09:52:33,4170.15,83490
2021-06-21 09:52:34,4170.0,83524
2021-06-21 09:52:35,4170.0,83524
2021-06-21 09:52:36,4170.0,83525
2021-06-21 09:52:37,4170.0,83525
2021-06-21 09:52:38,4170.0,83570
2021-06-21 09:52:40,4169.6,83574
2021-06-21 09:52:40,4169.6,83574
2021-06-21 09:52:41,4169.6,83574
2021-06-21 09:52:42,4169.6,83574
2021-06-21 09:52:43,4170.0,83582
2021-06-21 09:52:44,4170.0,83587
2021-06-21 09:52:45,4170.0,83587
2021-06-21 09:52:46,4169.95,83588
2021-06-21 09:52:47,4169.95,83588
2021-06-21 09:52:48,4169.95,83588
2021-06-21 09:52:49,4169.0,83663
2021-06-21 09:52:51,4170.0,83675
2021-06-21 09:52:53,4170.0,83675
2021-06-21 09:52:54,4170.0,83700
2021-06-21 09:52:54,4170.0,83700
2021-06-21 09:52:55,4170.0,83704
2021-06-21 09:52:56,4168.05,83712
2021-06-21 09:52:58,4168.05,83712
2021-06-21 09:52:59,4168.25,83733
2021-06-21 09:53:00,4168.25,83733
2021-06-21 09:53:01,4168.25,83733
2021-06-21 09:53:02,4168.35,83736
2021-06-21 09:53:03,4170.0,83741
2021-06-21 09:53:04,4170.0,83791
2021-06-21 09:53:05,4168.2,83794
2021-06-21 09:53:06,4168.2,83794
2021-06-21 09:53:07,4169.0,83795
2021-06-21 09:53:09,4169.0,83798
2021-06-21 09:53:09,4169.0,83806
2021-06-21 09:53:10,4168.4,83809
2021-06-21 09:53:11,4168.4,83809
2021-06-21 09:53:12,4168.15,83923
2021-06-21 09:53:13,4168.15,83923
2021-06-21 09:53:14,4168.15,83923
2021-06-21 09:53:16,4168.15,83923
2021-06-21 09:53:18,4168.15,83923
2021-06-21 09:53:19,4168.15,83938
2021-06-21 09:53:19,4168.15,83938
2021-06-21 09:53:20,4169.2,83940
2021-06-21 09:53:21,4169.2,83940
2021-06-21 09:53:22,4169.2,83940
2021-06-21 09:53:24,4169.2,83940
2021-06-21 09:53:25,4169.2,83951
2021-06-21 09:53:26,4169.2,83951
2021-06-21 09:53:27,4169.2,83951
2021-06-21 09:53:28,4169.2,83956
2021-06-21 09:53:29,4169.2,83957
2021-06-21 09:53:30,4169.2,83959
2021-06-21 09:53:31,4169.2,83959
2021-06-21 09:53:32,4169.2,83959
2021-06-21 09:53:33,4170.0,84051
2021-06-21 09:53:34,4170.0,84051
2021-06-21 09:53:35,4170.0,84051
2021-06-21 09:53:36,4170.0,84051
2021-06-21 09:53:37,4168.95,84052
2021-06-21 09:53:37,4168.95,84052
2021-06-21 09:53:39,4169.0,84055
2021-06-21 09:53:39,4169.0,84055
2021-06-21 09:53:40,4169.0,84055
2021-06-21 09:53:42,4169.0,84055
2021-06-21 09:53:43,4169.0,84055
2021-06-21 09:53:44,4169.0,84055
2021-06-21 09:53:44,4169.0,84055
2021-06-21 09:53:46,4169.0,84055
2021-06-21 09:53:46,4169.0,84055
2021-06-21 09:53:47,4169.0,84055
2021-06-21 09:53:48,4169.0,84055
2021-06-21 09:53:50,4169.0,84055
2021-06-21 09:53:51,4169.2,84056
2021-06-21 09:53:52,4169.2,84056
2021-06-21 09:53:53,4169.2,84056
2021-06-21 09:53:53,4169.2,84056
2021-06-21 09:53:55,4169.2,84056
2021-06-21 09:53:55,4169.9,84078
2021-06-21 09:53:56,4169.9,84078
2021-06-21 09:53:58,4170.0,84080
2021-06-21 09:53:59,4170.0,84080
2021-06-21 09:54:01,4169.2,84137
2021-06-21 09:54:02,4170.0,84143
2021-06-21 09:54:05,4169.0,84144
2021-06-21 09:54:06,4169.0,84146
2021-06-21 09:54:07,4169.25,84149
2021-06-21 09:54:08,4170.0,84161
2021-06-21 09:54:09,4170.0,84161
2021-06-21 09:54:10,4170.0,84161
2021-06-21 09:54:11,4170.0,84162
2021-06-21 09:54:12,4170.0,84163
2021-06-21 09:54:13,4170.0,84163
2021-06-21 09:54:14,4170.0,84163
2021-06-21 09:54:15,4169.5,84164
2021-06-21 09:54:16,4169.5,84164
2021-06-21 09:54:18,4169.5,84164
2021-06-21 09:54:19,4169.5,84164
2021-06-21 09:54:21,4169.5,84164
2021-06-21 09:54:22,4170.0,84165
2021-06-21 09:54:23,4170.0,84218
2021-06-21 09:54:23,4170.0,84218
2021-06-21 09:54:24,4169.5,84220
2021-06-21 09:54:25,4165.6,84953
2021-06-21 09:54:26,4165.6,84953
2021-06-21 09:54:27,4165.6,84953
2021-06-21 09:54:28,4167.4,84954
2021-06-21 09:54:29,4167.4,84955
2021-06-21 09:54:31,4167.4,84955
2021-06-21 09:54:32,4165.45,84958
2021-06-21 09:54:33,4165.45,84958
2021-06-21 09:54:34,4165.45,84958
2021-06-21 09:54:35,4167.4,84959
2021-06-21 09:54:36,4167.4,84959
2021-06-21 09:54:37,4167.4,84959
2021-06-21 09:54:38,4167.4,84959
2021-06-21 09:54:39,4167.4,84959
2021-06-21 09:54:40,4167.35,84963
2021-06-21 09:54:41,4167.3,84968
2021-06-21 09:54:42,4167.3,84968
2021-06-21 09:54:44,4167.3,84968
2021-06-21 09:54:45,4168.25,85003
2021-06-21 09:54:46,4169.5,85075
2021-06-21 09:54:47,4169.5,85075
2021-06-21 09:54:48,4169.5,85075
2021-06-21 09:54:49,4169.5,85075
2021-06-21 09:54:50,4169.5,85075
2021-06-21 09:54:52,4169.5,85076
2021-06-21 09:54:53,4169.5,85076
2021-06-21 09:54:54,4168.4,85101
2021-06-21 09:54:55,4168.4,85101
2021-06-21 09:54:57,4168.4,85106
2021-06-21 09:54:58,4169.95,85134
2021-06-21 09:54:59,4170.0,85155
2021-06-21 09:55:00,4170.0,85156
2021-06-21 09:55:01,4170.0,85156
2021-06-21 09:55:02,4171.0,85188
2021-06-21 09:55:02,4171.0,85189
2021-06-21 09:55:03,4171.0,85189
2021-06-21 09:55:05,4171.0,85189
2021-06-21 09:55:05,4171.0,85189
2021-06-21 09:55:08,4171.0,85308
2021-06-21 09:55:09,4171.0,85308
2021-06-21 09:55:10,4170.05,85309
2021-06-21 09:55:10,4171.0,85308
2021-06-21 09:55:11,4172.95,85510
2021-06-21 09:55:12,4172.95,85510
2021-06-21 09:55:13,4173.0,85550
2021-06-21 09:55:14,4175.0,85603
2021-06-21 09:55:15,4175.0,85603
2021-06-21 09:55:16,4175.0,85603
2021-06-21 09:55:17,4175.0,85603
2021-06-21 09:55:18,4175.0,85603
2021-06-21 09:55:19,4175.0,85624
2021-06-21 09:55:20,4175.0,85634
2021-06-21 09:55:21,4176.8,85729
2021-06-21 09:55:22,4174.05,85732
2021-06-21 09:55:25,4178.5,85788
2021-06-21 09:55:26,4178.5,85788
2021-06-21 09:55:27,4175.5,85790
2021-06-21 09:55:28,4178.35,85801
2021-06-21 09:55:29,4178.35,85801
2021-06-21 09:55:30,4178.35,85801
2021-06-21 09:55:31,4178.35,85811
2021-06-21 09:55:32,4176.85,85869
2021-06-21 09:55:33,4176.95,85919
2021-06-21 09:55:34,4176.95,85919
2021-06-21 09:55:35,4176.75,85927
2021-06-21 09:55:35,4176.75,85927
2021-06-21 09:55:36,4176.75,85927
2021-06-21 09:55:38,4176.0,85973
2021-06-21 09:55:39,4176.85,86042
2021-06-21 09:55:40,4176.85,86042
2021-06-21 09:55:41,4174.5,86049
2021-06-21 09:55:42,4175.55,86050
2021-06-21 09:55:44,4173.4,86056
2021-06-21 09:55:45,4175.55,86057
2021-06-21 09:55:46,4175.55,86057
2021-06-21 09:55:47,4175.7,86060
2021-06-21 09:55:47,4175.7,86060
2021-06-21 09:55:48,4175.7,86060
2021-06-21 09:55:49,4175.7,86060
2021-06-21 09:55:51,4176.4,86070
2021-06-21 09:55:52,4176.4,86070
2021-06-21 09:55:54,4176.4,86072
2021-06-21 09:55:55,4177.0,86122
2021-06-21 09:55:56,4177.0,86122
2021-06-21 09:55:57,4176.4,86131
2021-06-21 09:55:58,4177.45,86181
2021-06-21 09:56:00,4177.45,86181
2021-06-21 09:56:01,4175.5,86336
2021-06-21 09:56:02,4175.5,86336
2021-06-21 09:56:04,4175.8,86386
2021-06-21 09:56:04,4175.8,86386
2021-06-21 09:56:06,4175.8,86386
2021-06-21 09:56:07,4175.8,86396
2021-06-21 09:56:08,4175.8,86396
2021-06-21 09:56:09,4175.85,86397
2021-06-21 09:56:10,4175.85,86397
2021-06-21 09:56:11,4176.65,86423
2021-06-21 09:56:13,4175.75,86457
2021-06-21 09:56:13,4175.75,86457
2021-06-21 09:56:14,4175.75,86457
2021-06-21 09:56:15,4175.75,86473
2021-06-21 09:56:17,4175.75,86473
2021-06-21 09:56:18,4176.25,86478
2021-06-21 09:56:19,4176.25,86478
2021-06-21 09:56:21,4176.25,86478
2021-06-21 09:56:21,4176.25,86478
2021-06-21 09:56:22,4176.0,86548
2021-06-21 09:56:23,4176.1,86549
2021-06-21 09:56:24,4176.1,86549
2021-06-21 09:56:25,4176.35,86599
2021-06-21 09:56:26,4176.35,86599
2021-06-21 09:56:29,4175.15,86605
2021-06-21 09:56:31,4175.15,86605
2021-06-21 09:56:32,4175.75,86606
2021-06-21 09:56:32,4175.75,86606
2021-06-21 09:56:34,4175.75,86606
2021-06-21 09:56:35,4175.75,86606
2021-06-21 09:56:36,4176.9,86616
2021-06-21 09:56:37,4176.9,86616
2021-06-21 09:56:38,4176.9,86616
2021-06-21 09:56:39,4176.9,86616
2021-06-21 09:56:40,4176.9,86616
2021-06-21 09:56:41,4176.9,86616
2021-06-21 09:56:42,4176.9,86616
2021-06-21 09:56:44,4176.9,86616
2021-06-21 09:56:45,4176.9,86616
2021-06-21 09:56:46,4177.6,86626
2021-06-21 09:56:47,4177.6,86626
2021-06-21 09:56:48,4177.95,86657
2021-06-21 09:56:49,4177.95,86657
2021-06-21 09:56:50,4177.95,86657
2021-06-21 09:56:50,4177.95,86658
2021-06-21 09:56:51,4177.95,86658
2021-06-21 09:56:52,4177.95,86658
2021-06-21 09:56:54,4176.55,86659
2021-06-21 09:56:58,4176.55,86660
2021-06-21 09:57:02,4177.2,86709
2021-06-21 09:57:06,4175.7,86854
2021-06-21 09:57:09,4175.0,87152
2021-06-21 09:57:13,4177.4,87169
2021-06-21 09:57:17,4175.05,87294
2021-06-21 09:57:20,4175.0,87410
2021-06-21 09:57:24,4175.0,87478
2021-06-21 09:57:32,4175.0,87569
2021-06-21 09:57:35,4173.0,87747
2021-06-21 09:57:39,4173.75,87775
2021-06-21 09:57:43,4174.1,88275
2021-06-21 09:57:47,4175.4,88276
2021-06-21 09:57:51,4175.25,88369
2021-06-21 09:57:54,4175.25,88369
2021-06-21 09:57:58,4175.2,88372
2021-06-21 09:58:01,4175.15,88381
2021-06-21 09:58:05,4175.15,88381
2021-06-21 09:58:09,4175.05,88392
2021-06-21 09:58:13,4175.05,88392
2021-06-21 09:58:17,4174.95,88477
2021-06-21 09:58:21,4177.15,88540
2021-06-21 09:58:25,4174.95,88640
2021-06-21 09:58:29,4174.95,88640
2021-06-21 09:58:33,4174.6,88644
2021-06-21 09:58:37,4176.6,89350
2021-06-21 09:58:45,4173.45,89372
2021-06-21 09:58:52,4173.45,89372
2021-06-21 09:58:56,4173.45,89372
2021-06-21 09:59:00,4173.45,89372
2021-06-21 09:59:03,4173.45,89372
2021-06-21 09:59:07,4173.55,89378
2021-06-21 09:59:11,4173.55,89378
2021-06-21 09:59:15,4173.55,89378
2021-06-21 09:59:18,4173.55,89379
2021-06-21 09:59:22,4173.55,89379
2021-06-21 09:59:26,4173.55,89379
2021-06-21 09:59:29,4173.55,89379
2021-06-21 09:59:33,4171.8,89380
2021-06-21 09:59:36,4173.5,89430
2021-06-21 09:59:39,4173.5,89430
2021-06-21 09:59:43,4173.5,89464
2021-06-21 09:59:47,4173.5,89464
2021-06-21 09:59:51,4173.5,89464
2021-06-21 09:59:55,4173.5,89468
2021-06-21 09:59:58,4173.5,89468
2021-06-21 10:00:02,4173.55,89472
2021-06-21 10:00:06,4173.5,89476
2021-06-21 10:00:09,4173.5,89476
2021-06-21 10:00:13,4173.5,89567
2021-06-21 10:00:17,4173.5,89567
2021-06-21 10:00:20,4171.95,89571
2021-06-21 10:00:24,4171.95,89572
2021-06-21 10:00:27,4171.95,89573
2021-06-21 10:00:31,4171.7,89624
2021-06-21 10:00:39,4174.1,89841
2021-06-21 10:00:43,4174.45,89842
2021-06-21 10:00:47,4175.0,89846
2021-06-21 10:00:50,4173.35,89854
2021-06-21 10:00:54,4175.0,90071
2021-06-21 10:00:58,4175.0,90075
2021-06-21 10:01:02,4175.0,90075
2021-06-21 10:01:07,4174.95,90097
2021-06-21 10:01:10,4174.95,90097
2021-06-21 10:01:14,4175.0,90098
2021-06-21 10:01:17,4175.95,90199
2021-06-21 10:01:21,4175.95,90199
2021-06-21 10:01:25,4175.8,90210
2021-06-21 10:01:29,4175.65,90211
2021-06-21 10:01:37,4175.6,90213
2021-06-21 10:01:40,4175.15,90223
2021-06-21 10:01:44,4173.8,90232
2021-06-21 10:01:47,4173.8,90232
2021-06-21 10:01:51,4176.05,91383
2021-06-21 10:01:54,4175.9,91388
2021-06-21 10:01:54,4175.9,91388
2021-06-21 10:01:55,4175.9,91388
2021-06-21 10:01:56,4175.9,91388
2021-06-21 10:01:58,4175.9,91388
2021-06-21 10:01:59,4175.9,91388
2021-06-21 10:01:59,4175.9,91388
2021-06-21 10:02:00,4175.0,91413
2021-06-21 10:02:01,4175.0,91413
2021-06-21 10:02:03,4175.0,91413
2021-06-21 10:02:03,4175.0,91413
2021-06-21 10:02:06,4172.9,91615
2021-06-21 10:02:06,4172.9,91615
2021-06-21 10:02:09,4172.3,91625
2021-06-21 10:02:10,4172.2,91636
2021-06-21 10:02:11,4172.2,91636
2021-06-21 10:02:12,4170.05,91638
2021-06-21 10:02:14,4171.3,91640
2021-06-21 10:02:17,4168.0,92019
2021-06-21 10:02:18,4168.0,92019
2021-06-21 10:02:20,4168.0,92019
2021-06-21 10:02:20,4168.0,92019
2021-06-21 10:02:21,4167.25,92029
2021-06-21 10:02:22,4167.25,92029
2021-06-21 10:02:23,4169.15,92053
2021-06-21 10:02:24,4165.85,92256
2021-06-21 10:02:25,4168.75,92257
2021-06-21 10:02:26,4168.75,92257
2021-06-21 10:02:27,4167.0,92258
2021-06-21 10:02:28,4168.75,92265
2021-06-21 10:02:29,4168.75,92265
2021-06-21 10:02:30,4168.75,92265
2021-06-21 10:02:31,4168.75,92265
2021-06-21 10:02:32,4168.85,92346
2021-06-21 10:02:33,4169.35,92347
2021-06-21 10:02:34,4169.05,92348
2021-06-21 10:02:35,4169.05,92348
2021-06-21 10:02:36,4169.05,92348
2021-06-21 10:02:37,4169.05,92348
2021-06-21 10:02:38,4169.05,92348
2021-06-21 10:02:39,4169.05,92348
2021-06-21 10:02:40,4170.6,92350
2021-06-21 10:02:41,4169.5,92470
2021-06-21 10:02:42,4169.5,92470
2021-06-21 10:02:43,4169.5,92470
2021-06-21 10:02:44,4169.5,92470
2021-06-21 10:02:46,4169.95,92500
2021-06-21 10:02:47,4169.95,92500
2021-06-21 10:02:48,4169.9,92510
2021-06-21 10:02:49,4167.25,92511
2021-06-21 10:02:50,4167.25,92511
2021-06-21 10:02:51,4167.25,92511
2021-06-21 10:02:52,4167.25,92511
2021-06-21 10:02:53,4167.25,92511
2021-06-21 10:02:54,4169.0,92706
2021-06-21 10:02:55,4169.0,92706
2021-06-21 10:02:56,4169.9,92710
2021-06-21 10:02:57,4169.9,92710
2021-06-21 10:02:58,4169.05,92713
2021-06-21 10:02:59,4169.05,92713
2021-06-21 10:03:00,4169.0,92719
2021-06-21 10:03:02,4169.0,92719
2021-06-21 10:03:03,4168.1,92725
2021-06-21 10:03:03,4168.1,92725
2021-06-21 10:03:04,4168.1,92725
2021-06-21 10:03:06,4168.1,92725
2021-06-21 10:03:06,4168.1,92725
2021-06-21 10:03:08,4168.1,92725
2021-06-21 10:03:09,4168.1,92725
2021-06-21 10:03:09,4168.1,92725
2021-06-21 10:03:10,4168.1,92725
2021-06-21 10:03:11,4169.45,92726
2021-06-21 10:03:12,4169.45,92727
2021-06-21 10:03:14,4169.45,92727
2021-06-21 10:03:15,4169.45,92727
2021-06-21 10:03:16,4169.0,92729
2021-06-21 10:03:17,4169.0,92734
2021-06-21 10:03:18,4169.0,92734
2021-06-21 10:03:19,4169.0,92734
2021-06-21 10:03:20,4169.0,92734
2021-06-21 10:03:21,4169.0,92734
2021-06-21 10:03:24,4169.0,92734
2021-06-21 10:03:25,4169.0,92734
2021-06-21 10:03:27,4169.4,92735
2021-06-21 10:03:27,4169.4,92735
2021-06-21 10:03:28,4169.4,92735
2021-06-21 10:03:29,4168.0,92750
2021-06-21 10:03:30,4169.15,92751
2021-06-21 10:03:31,4169.35,92801
2021-06-21 10:03:32,4169.35,92801
2021-06-21 10:03:33,4169.35,92802
2021-06-21 10:03:34,4169.35,92802
2021-06-21 10:03:35,4169.0,92808
2021-06-21 10:03:36,4168.0,92811
2021-06-21 10:03:37,4167.0,92897
2021-06-21 10:03:38,4167.8,92898
2021-06-21 10:03:39,4167.8,92898
2021-06-21 10:03:40,4167.6,92903
2021-06-21 10:03:41,4166.0,92916
2021-06-21 10:03:42,4166.0,92916
2021-06-21 10:03:43,4165.45,92935
2021-06-21 10:03:44,4165.35,93747
2021-06-21 10:03:45,4165.6,93770
2021-06-21 10:03:46,4165.6,93770
2021-06-21 10:03:47,4165.6,93770
2021-06-21 10:03:48,4165.6,93770
2021-06-21 10:03:49,4165.6,93770
2021-06-21 10:03:50,4165.05,93771
2021-06-21 10:03:51,4165.05,93771
2021-06-21 10:03:52,4165.05,93771
2021-06-21 10:03:54,4165.05,93771
2021-06-21 10:03:55,4165.05,93771
2021-06-21 10:03:55,4165.35,93791
2021-06-21 10:03:57,4166.55,93817
2021-06-21 10:03:57,4166.55,93817
2021-06-21 10:03:58,4166.2,93819
2021-06-21 10:03:59,4166.2,93819
2021-06-21 10:04:00,4166.2,93819
2021-06-21 10:04:01,4167.75,93820
2021-06-21 10:04:02,4167.75,93820
2021-06-21 10:04:03,4167.75,93820
2021-06-21 10:04:04,4167.75,93820
2021-06-21 10:04:05,4167.75,93821
2021-06-21 10:04:06,4166.1,93823
2021-06-21 10:04:07,4166.1,93823
2021-06-21 10:04:08,4166.1,93823
2021-06-21 10:04:09,4166.1,93823
2021-06-21 10:04:10,4166.1,93823
2021-06-21 10:04:11,4166.1,93823
2021-06-21 10:04:12,4166.1,93823
2021-06-21 10:04:14,4166.1,93825
2021-06-21 10:04:14,4166.1,93825
2021-06-21 10:04:15,4167.9,93828
2021-06-21 10:04:16,4167.9,93828
2021-06-21 10:04:17,4167.9,93828
2021-06-21 10:04:18,4166.1,93829
2021-06-21 10:04:19,4166.1,93829
2021-06-21 10:04:20,4165.65,94029
2021-06-21 10:04:21,4165.05,94079
2021-06-21 10:04:22,4165.05,94079
2021-06-21 10:04:23,4165.05,94079
2021-06-21 10:04:25,4165.05,94079
2021-06-21 10:04:26,4165.05,94079
2021-06-21 10:04:27,4166.5,94084
2021-06-21 10:04:27,4166.5,94084
2021-06-21 10:04:28,4166.5,94084
2021-06-21 10:04:29,4166.5,94084
2021-06-21 10:04:30,4165.1,94085
2021-06-21 10:04:31,4167.9,94585
2021-06-21 10:04:32,4167.9,94605
2021-06-21 10:04:33,4167.9,94605
2021-06-21 10:04:34,4167.9,94605
2021-06-21 10:04:35,4167.9,94605
2021-06-21 10:04:36,4167.9,94605
2021-06-21 10:04:37,4167.9,94605
2021-06-21 10:04:38,4167.9,94605
2021-06-21 10:04:39,4167.9,94606
2021-06-21 10:04:40,4167.9,94606
2021-06-21 10:04:41,4167.9,94606
2021-06-21 10:04:42,4167.9,94606
2021-06-21 10:04:44,4167.9,94608
2021-06-21 10:04:44,4167.9,94608
2021-06-21 10:04:45,4167.25,94610
2021-06-21 10:04:46,4167.3,94611
2021-06-21 10:04:47,4167.3,94611
2021-06-21 10:04:48,4167.3,94611
2021-06-21 10:04:49,4167.3,94611
2021-06-21 10:04:50,4166.35,94621
2021-06-21 10:04:52,4166.25,94672
2021-06-21 10:04:53,4166.25,94672
2021-06-21 10:04:54,4166.25,94672
2021-06-21 10:04:55,4166.3,94712
2021-06-21 10:04:56,4166.3,94712
2021-06-21 10:04:57,4166.0,94722
2021-06-21 10:04:57,4166.0,94722
2021-06-21 10:04:58,4165.1,94725
2021-06-21 10:04:59,4166.35,94757
2021-06-21 10:05:01,4166.35,94757
2021-06-21 10:05:02,4169.1,94835
2021-06-21 10:05:02,4169.1,94835
2021-06-21 10:05:04,4169.1,94835
2021-06-21 10:05:05,4168.0,94845
2021-06-21 10:05:07,4170.0,94851
2021-06-21 10:05:07,4170.0,94851
2021-06-21 10:05:08,4170.0,94851
2021-06-21 10:05:09,4170.0,94851
2021-06-21 10:05:11,4170.0,94851
2021-06-21 10:05:12,4170.0,94851
2021-06-21 10:05:12,4170.0,94851
2021-06-21 10:05:14,4168.0,94861
2021-06-21 10:05:15,4166.35,94871
2021-06-21 10:05:16,4168.0,94878
2021-06-21 10:05:16,4168.0,94878
2021-06-21 10:05:17,4168.0,94878
2021-06-21 10:05:18,4166.55,94903
2021-06-21 10:05:20,4165.85,94966
2021-06-21 10:05:21,4165.85,94966
2021-06-21 10:05:21,4169.1,94993
2021-06-21 10:05:22,4169.1,94995
2021-06-21 10:05:23,4170.0,94997
2021-06-21 10:05:24,4170.0,94997
2021-06-21 10:05:25,4170.0,94997
2021-06-21 10:05:26,4171.3,95819
2021-06-21 10:05:27,4171.75,95950
2021-06-21 10:05:28,4173.4,95962
2021-06-21 10:05:29,4173.4,95962
2021-06-21 10:05:30,4173.4,95962
2021-06-21 10:05:31,4173.4,95962
2021-06-21 10:05:32,4173.35,95964
2021-06-21 10:05:34,4173.35,95964
2021-06-21 10:05:35,4173.35,95964
2021-06-21 10:05:36,4173.35,95964
2021-06-21 10:05:37,4173.35,95965
2021-06-21 10:05:37,4173.35,95965
2021-06-21 10:05:38,4171.5,96109
2021-06-21 10:05:39,4170.75,96462
2021-06-21 10:05:40,4170.75,96462
2021-06-21 10:05:41,4170.75,96462
2021-06-21 10:05:42,4170.75,96462
2021-06-21 10:05:43,4170.75,96462
2021-06-21 10:05:44,4170.75,96462
2021-06-21 10:05:45,4170.75,96462
2021-06-21 10:05:46,4172.0,96464
2021-06-21 10:05:47,4172.0,96464
2021-06-21 10:05:48,4172.0,96465
2021-06-21 10:05:49,4172.0,96465
2021-06-21 10:05:50,4172.0,96465
2021-06-21 10:05:52,4170.0,96531
2021-06-21 10:05:53,4170.0,96531
2021-06-21 10:05:53,4168.3,96536
2021-06-21 10:05:55,4168.3,96536
2021-06-21 10:05:56,4166.45,96540
2021-06-21 10:05:56,4166.45,96540
2021-06-21 10:05:57,4166.45,96540
2021-06-21 10:05:58,4166.45,96540
2021-06-21 10:05:59,4166.45,96540
2021-06-21 10:06:01,4166.4,96606
2021-06-21 10:06:02,4168.05,96646
2021-06-21 10:06:03,4168.05,96646
2021-06-21 10:06:04,4166.4,96666
2021-06-21 10:06:05,4166.4,96700
2021-06-21 10:06:06,4166.4,96701
2021-06-21 10:06:08,4166.4,96701
2021-06-21 10:06:09,4166.4,96702
2021-06-21 10:06:10,4166.4,96702
2021-06-21 10:06:12,4168.45,96752
2021-06-21 10:06:13,4168.45,96752
2021-06-21 10:06:14,4168.45,96752
2021-06-21 10:06:16,4166.4,96755
2021-06-21 10:06:16,4166.4,96755
2021-06-21 10:06:17,4166.4,96755
2021-06-21 10:06:20,4168.5,96756
2021-06-21 10:06:22,4168.5,96756
2021-06-21 10:06:23,4168.5,96756
2021-06-21 10:06:23,4168.5,96756
2021-06-21 10:06:24,4168.5,96756
2021-06-21 10:06:25,4168.35,96761
2021-06-21 10:06:27,4166.45,96767
2021-06-21 10:06:28,4168.0,96828
2021-06-21 10:06:29,4167.9,96831
2021-06-21 10:06:29,4167.9,96831
2021-06-21 10:06:30,4169.7,96836
2021-06-21 10:06:32,4167.45,96846
2021-06-21 10:06:33,4169.6,96847
2021-06-21 10:06:33,4169.6,96847
2021-06-21 10:06:34,4167.2,96848
2021-06-21 10:06:35,4167.2,96848
2021-06-21 10:06:36,4167.2,96848
2021-06-21 10:06:37,4167.2,96848
2021-06-21 10:06:38,4167.2,96848
2021-06-21 10:06:40,4169.0,96850
2021-06-21 10:06:41,4169.0,96850
2021-06-21 10:06:42,4167.35,96857
2021-06-21 10:06:43,4167.35,96857
2021-06-21 10:06:44,4170.0,96977
2021-06-21 10:06:45,4170.0,96977
2021-06-21 10:06:45,4170.0,96977
2021-06-21 10:06:46,4170.0,96977
2021-06-21 10:06:47,4170.0,96977
2021-06-21 10:06:49,4170.0,96979
2021-06-21 10:06:50,4170.0,96979
2021-06-21 10:06:50,4170.0,96979
2021-06-21 10:06:51,4170.0,96996
2021-06-21 10:06:52,4169.0,97002
2021-06-21 10:06:54,4170.0,97070
2021-06-21 10:06:55,4170.0,97070
2021-06-21 10:06:56,4169.0,97169
2021-06-21 10:06:57,4169.5,97189
2021-06-21 10:06:58,4169.5,97189
2021-06-21 10:06:59,4169.5,97189
2021-06-21 10:07:00,4169.45,97191
2021-06-21 10:07:01,4169.45,97191
2021-06-21 10:07:02,4169.45,97191
2021-06-21 10:07:03,4169.45,97191
2021-06-21 10:07:04,4169.45,97193
2021-06-21 10:07:04,4169.45,97193
2021-06-21 10:07:05,4169.45,97193
2021-06-21 10:07:06,4169.45,97193
2021-06-21 10:07:07,4169.45,97193
2021-06-21 10:07:09,4169.45,97193
2021-06-21 10:07:10,4169.45,97193
2021-06-21 10:07:11,4169.45,97193
2021-06-21 10:07:12,4169.45,97193
2021-06-21 10:07:13,4169.4,97194
2021-06-21 10:07:14,4169.4,97194
2021-06-21 10:07:15,4169.4,97199
2021-06-21 10:07:16,4169.4,97199
2021-06-21 10:07:17,4169.4,97199
2021-06-21 10:07:17,4169.4,97199
2021-06-21 10:07:18,4169.4,97199
2021-06-21 10:07:19,4169.4,97199
2021-06-21 10:07:20,4169.4,97199
2021-06-21 10:07:22,4169.4,97203
2021-06-21 10:07:24,4169.4,97203
2021-06-21 10:07:25,4169.4,97203
2021-06-21 10:07:26,4169.4,97203
2021-06-21 10:07:27,4169.4,97206
2021-06-21 10:07:30,4169.4,97207
2021-06-21 10:07:32,4170.0,97240
2021-06-21 10:07:33,4170.0,97240
2021-06-21 10:07:34,4170.0,97240
2021-06-21 10:07:35,4170.0,97240
2021-06-21 10:07:36,4170.0,97240
2021-06-21 10:07:37,4170.0,97245
2021-06-21 10:07:38,4169.45,97246
2021-06-21 10:07:38,4169.45,97246
2021-06-21 10:07:39,4169.4,97250
2021-06-21 10:07:41,4169.4,97250
2021-06-21 10:07:42,4169.4,97250
2021-06-21 10:07:43,4169.4,97250
2021-06-21 10:07:44,4169.4,97250
2021-06-21 10:07:45,4169.4,97250
2021-06-21 10:07:46,4169.4,97250
2021-06-21 10:07:47,4169.4,97250
2021-06-21 10:07:48,4169.4,97250
2021-06-21 10:07:49,4169.4,97250
2021-06-21 10:07:50,4169.4,97250
2021-06-21 10:07:51,4169.4,97251
2021-06-21 10:07:51,4169.4,97251
2021-06-21 10:07:53,4170.0,97252
2021-06-21 10:07:54,4169.4,97262
2021-06-21 10:07:55,4169.4,97262
2021-06-21 10:07:56,4169.4,97262
2021-06-21 10:07:57,4169.4,97262
2021-06-21 10:07:58,4170.0,97270
2021-06-21 10:07:59,4170.0,97270
2021-06-21 10:08:00,4170.0,97270
2021-06-21 10:08:01,4170.0,97270
2021-06-21 10:08:02,4170.0,97270
2021-06-21 10:08:04,4170.0,97270
2021-06-21 10:08:05,4170.0,97270
2021-06-21 10:08:06,4170.0,97270
2021-06-21 10:08:07,4170.0,97270
2021-06-21 10:08:07,4170.0,97270
2021-06-21 10:08:08,4169.4,97278
2021-06-21 10:08:09,4169.0,97495
2021-06-21 10:08:11,4169.0,97495
2021-06-21 10:08:12,4169.0,97495
2021-06-21 10:08:13,4169.6,97496
2021-06-21 10:08:14,4169.6,97498
2021-06-21 10:08:15,4169.6,97498
2021-06-21 10:08:15,4169.6,97498
2021-06-21 10:08:16,4169.6,97498
2021-06-21 10:08:18,4169.6,97498
2021-06-21 10:08:19,4169.6,97498
2021-06-21 10:08:20,4169.6,97498
2021-06-21 10:08:21,4169.6,97498
2021-06-21 10:08:22,4169.55,97507
2021-06-21 10:08:23,4167.3,97557
2021-06-21 10:08:24,4167.3,97557
2021-06-21 10:08:25,4168.5,97567
2021-06-21 10:08:26,4168.5,97567
2021-06-21 10:08:27,4168.5,97567
2021-06-21 10:08:28,4169.45,97568
2021-06-21 10:08:30,4169.45,97568
2021-06-21 10:08:31,4169.45,97568
2021-06-21 10:08:32,4170.0,97578
2021-06-21 10:08:33,4170.0,97578
2021-06-21 10:08:34,4170.0,97578
2021-06-21 10:08:35,4170.0,97578
2021-06-21 10:08:36,4170.0,97578
2021-06-21 10:08:37,4170.0,97578
2021-06-21 10:08:38,4170.0,97578
2021-06-21 10:08:39,4170.0,97578
2021-06-21 10:08:40,4170.0,97578
2021-06-21 10:08:41,4170.0,97578
2021-06-21 10:08:44,4170.0,97608
2021-06-21 10:08:45,4168.85,97616
2021-06-21 10:08:46,4170.0,97617
2021-06-21 10:08:47,4170.0,97617
2021-06-21 10:08:48,4170.0,97617
2021-06-21 10:08:49,4170.0,97620
2021-06-21 10:08:50,4170.0,97620
2021-06-21 10:08:51,4170.0,97621
2021-06-21 10:08:52,4170.0,97639
2021-06-21 10:08:53,4170.0,97699
2021-06-21 10:08:54,4168.5,97701
2021-06-21 10:08:55,4169.95,97702
2021-06-21 10:08:56,4169.95,97702
2021-06-21 10:08:57,4169.95,97702
2021-06-21 10:08:58,4169.95,97702
2021-06-21 10:08:59,4169.95,97702
2021-06-21 10:09:00,4169.95,97702
2021-06-21 10:09:01,4169.95,97702
2021-06-21 10:09:01,4169.95,97702
2021-06-21 10:09:02,4169.95,97702
2021-06-21 10:09:03,4168.5,97704
2021-06-21 10:09:05,4169.8,97705
2021-06-21 10:09:05,4169.8,97705
2021-06-21 10:09:06,4169.8,97705
2021-06-21 10:09:08,4169.8,97705
2021-06-21 10:09:09,4169.8,97705
2021-06-21 10:09:10,4169.8,97705
2021-06-21 10:09:11,4169.8,97705
2021-06-21 10:09:12,4169.8,97705
2021-06-21 10:09:13,4168.0,97825
2021-06-21 10:09:14,4168.0,97825
2021-06-21 10:09:15,4168.55,97826
2021-06-21 10:09:16,4168.55,97826
2021-06-21 10:09:17,4168.55,97826
2021-06-21 10:09:18,4168.55,97826
2021-06-21 10:09:19,4168.55,97826
2021-06-21 10:09:20,4168.55,97826
2021-06-21 10:09:21,4169.6,97828
2021-06-21 10:09:22,4169.6,97828
2021-06-21 10:09:23,4169.6,97828
2021-06-21 10:09:25,4169.6,97828
2021-06-21 10:09:26,4169.6,97828
2021-06-21 10:09:26,4169.6,97828
2021-06-21 10:09:27,4169.6,97828
2021-06-21 10:09:28,4169.6,97828
2021-06-21 10:09:30,4168.9,97829
2021-06-21 10:09:31,4169.65,97830
2021-06-21 10:09:32,4169.65,97830
2021-06-21 10:09:33,4169.65,97830
2021-06-21 10:09:34,4169.65,97830
2021-06-21 10:09:35,4169.65,97830
2021-06-21 10:09:36,4169.65,97830
2021-06-21 10:09:37,4170.0,97960
2021-06-21 10:09:38,4170.0,97960
2021-06-21 10:09:39,4171.0,98060
2021-06-21 10:09:40,4171.0,98060
2021-06-21 10:09:41,4171.0,98060
2021-06-21 10:09:41,4171.0,98060
2021-06-21 10:09:42,4169.55,98063
2021-06-21 10:09:44,4169.55,98063
2021-06-21 10:09:45,4169.55,98063
2021-06-21 10:09:46,4169.55,98064
2021-06-21 10:09:47,4169.55,98064
2021-06-21 10:09:48,4169.55,98064
2021-06-21 10:09:49,4169.6,98071
2021-06-21 10:09:50,4169.6,98071
2021-06-21 10:09:51,4169.6,98071
2021-06-21 10:09:52,4169.6,98071
2021-06-21 10:09:53,4169.55,98072
2021-06-21 10:09:54,4170.65,98172
2021-06-21 10:09:55,4168.1,98284
2021-06-21 10:09:55,4168.1,98284
2021-06-21 10:09:56,4168.1,98284
2021-06-21 10:09:57,4167.45,98384
2021-06-21 10:09:59,4169.55,98385
2021-06-21 10:10:02,4169.55,98385
2021-06-21 10:10:03,4169.55,98385
2021-06-21 10:10:04,4169.55,98385
2021-06-21 10:10:05,4169.55,98385
2021-06-21 10:10:06,4169.5,98394
2021-06-21 10:10:07,4169.5,98394
2021-06-21 10:10:08,4169.5,98394
2021-06-21 10:10:08,4169.5,98394
2021-06-21 10:10:09,4169.5,98394
2021-06-21 10:10:10,4169.5,98395
2021-06-21 10:10:11,4169.5,98399
2021-06-21 10:10:13,4169.5,98399
2021-06-21 10:10:14,4169.0,98404
2021-06-21 10:10:15,4170.0,98508
2021-06-21 10:10:16,4169.95,98512
2021-06-21 10:10:17,4169.95,98512
2021-06-21 10:10:18,4169.95,98512
2021-06-21 10:10:19,4169.95,98512
2021-06-21 10:10:20,4169.95,98512
2021-06-21 10:10:22,4169.9,98513
2021-06-21 10:10:22,4169.9,98513
2021-06-21 10:10:24,4169.9,98513
2021-06-21 10:10:25,4166.7,98713
2021-06-21 10:10:26,4166.7,98713
2021-06-21 10:10:27,4168.8,98717
2021-06-21 10:10:28,4168.8,98717
2021-06-21 10:10:29,4168.8,98717
2021-06-21 10:10:30,4168.8,98717
2021-06-21 10:10:31,4168.8,98717
2021-06-21 10:10:32,4168.8,98717
2021-06-21 10:10:33,4168.8,98718
2021-06-21 10:10:34,4168.8,98719
2021-06-21 10:10:35,4168.8,98719
2021-06-21 10:10:36,4168.8,98719
2021-06-21 10:10:37,4169.65,98731
2021-06-21 10:10:38,4169.65,98731
2021-06-21 10:10:39,4169.65,98731
2021-06-21 10:10:40,4169.65,98733
2021-06-21 10:10:41,4169.65,98733
2021-06-21 10:10:42,4169.65,98733
2021-06-21 10:10:43,4169.65,98734
2021-06-21 10:10:44,4169.65,98734
2021-06-21 10:10:45,4169.65,98734
2021-06-21 10:10:46,4169.65,98734
2021-06-21 10:10:47,4169.65,98734
2021-06-21 10:10:48,4169.65,98734
2021-06-21 10:10:49,4169.65,98734
2021-06-21 10:10:50,4169.95,98739
2021-06-21 10:10:51,4169.95,98739
2021-06-21 10:10:52,4169.95,98739
2021-06-21 10:10:53,4169.95,98739
2021-06-21 10:10:54,4169.95,98739
2021-06-21 10:10:55,4169.95,98739
2021-06-21 10:10:56,4169.95,98739
2021-06-21 10:10:57,4169.95,98749
2021-06-21 10:10:58,4169.95,98749
2021-06-21 10:10:59,4169.95,98749
2021-06-21 10:11:00,4169.95,98749
2021-06-21 10:11:01,4169.95,98764
2021-06-21 10:11:02,4169.95,98764
2021-06-21 10:11:03,4169.95,98764
2021-06-21 10:11:04,4169.0,98765
2021-06-21 10:11:05,4169.0,98766
2021-06-21 10:11:07,4169.0,98766
2021-06-21 10:11:08,4169.0,98766
2021-06-21 10:11:09,4169.0,98766
2021-06-21 10:11:10,4169.0,98766
2021-06-21 10:11:11,4169.0,98766
2021-06-21 10:11:13,4169.0,98766
2021-06-21 10:11:14,4169.0,98770
2021-06-21 10:11:15,4169.0,98770
2021-06-21 10:11:16,4169.0,98770
2021-06-21 10:11:18,4169.0,98770
2021-06-21 10:11:19,4169.95,98775
2021-06-21 10:11:20,4169.95,98775
2021-06-21 10:11:21,4169.95,98775
2021-06-21 10:11:22,4169.95,98775
2021-06-21 10:11:23,4169.95,98775
2021-06-21 10:11:24,4169.95,98775
2021-06-21 10:11:25,4169.0,98776
2021-06-21 10:11:26,4169.0,98776
2021-06-21 10:11:27,4169.0,98776
2021-06-21 10:11:28,4169.95,98789
2021-06-21 10:11:29,4169.95,98794
2021-06-21 10:11:30,4170.0,98815
2021-06-21 10:11:31,4170.0,98815
2021-06-21 10:11:32,4170.0,98815
2021-06-21 10:11:34,4171.0,98817
2021-06-21 10:11:35,4171.0,98819
2021-06-21 10:11:36,4171.0,98819
2021-06-21 10:11:37,4171.0,98819
2021-06-21 10:11:38,4171.0,98819
2021-06-21 10:11:39,4171.0,98821
2021-06-21 10:11:40,4171.0,98821
2021-06-21 10:11:41,4169.95,98822
2021-06-21 10:11:42,4169.95,98822
2021-06-21 10:11:43,4171.0,98847
2021-06-21 10:11:44,4171.0,98847
2021-06-21 10:11:45,4171.0,98847
2021-06-21 10:11:46,4171.0,98847
2021-06-21 10:11:47,4171.0,98847
2021-06-21 10:11:48,4171.0,98847
2021-06-21 10:11:49,4171.0,98847
2021-06-21 10:11:50,4171.0,98904
2021-06-21 10:11:51,4171.0,98904
2021-06-21 10:11:52,4169.25,98905
2021-06-21 10:11:53,4169.25,98906
2021-06-21 10:11:54,4169.25,98907
2021-06-21 10:11:57,4169.25,98907
2021-06-21 10:12:00,4170.85,98912
2021-06-21 10:12:03,4170.45,98936
2021-06-21 10:12:07,4170.45,98936
2021-06-21 10:12:10,4170.45,98936
2021-06-21 10:12:13,4170.45,98936
2021-06-21 10:12:17,4170.45,98936
2021-06-21 10:12:20,4169.95,98937
2021-06-21 10:12:24,4169.95,98937
2021-06-21 10:12:27,4170.0,99039
2021-06-21 10:12:31,4169.25,99044
2021-06-21 10:12:34,4170.0,99058
2021-06-21 10:12:37,4170.0,99071
2021-06-21 10:12:40,4170.0,99071
2021-06-21 10:12:44,4170.0,99071
2021-06-21 10:12:46,4170.0,99071
2021-06-21 10:12:50,4168.0,99120
2021-06-21 10:12:53,4168.0,99120
2021-06-21 10:12:56,4166.05,99500
2021-06-21 10:12:59,4166.05,99500
2021-06-21 10:13:02,4166.05,99500
2021-06-21 10:13:05,4166.05,99500
2021-06-21 10:13:08,4166.05,99500
2021-06-21 10:13:11,4166.95,99511
2021-06-21 10:13:14,4166.95,99511
2021-06-21 10:13:17,4166.85,99516
2021-06-21 10:13:20,4165.7,99541
2021-06-21 10:13:23,4164.0,100076
2021-06-21 10:13:27,4163.0,100077
2021-06-21 10:13:37,4163.95,100188
2021-06-21 10:13:40,4163.0,100263
2021-06-21 10:13:43,4164.85,100352
2021-06-21 10:13:46,4165.35,100389
2021-06-21 10:13:49,4165.3,100390
2021-06-21 10:13:53,4162.8,100405
2021-06-21 10:13:56,4165.3,100505
2021-06-21 10:13:58,4165.25,100510
2021-06-21 10:14:02,4167.0,100727
2021-06-21 10:14:06,4167.3,101060
2021-06-21 10:14:09,4167.3,101060
2021-06-21 10:14:13,4169.8,101061
2021-06-21 10:14:16,4169.8,101061
2021-06-21 10:14:19,4167.85,101074
2021-06-21 10:14:23,4167.35,101075
2021-06-21 10:14:26,4167.35,101075
2021-06-21 10:14:29,4167.0,101079
2021-06-21 10:14:32,4167.0,101089
2021-06-21 10:14:35,4165.35,101099
2021-06-21 10:14:38,4165.35,101099
2021-06-21 10:14:41,4165.35,101099
2021-06-21 10:14:44,4166.45,101100
2021-06-21 10:14:50,4164.35,101181
2021-06-21 10:14:53,4164.35,101181
2021-06-21 10:14:57,4165.9,101183
2021-06-21 10:14:59,4165.9,101183
2021-06-21 10:15:03,4163.6,101199
2021-06-21 10:15:06,4165.9,101203
2021-06-21 10:15:10,4165.0,101221
2021-06-21 10:15:13,4164.55,101321
2021-06-21 10:15:17,4164.45,101324
2021-06-21 10:15:20,4164.45,101324
2021-06-21 10:15:23,4166.25,101337
2021-06-21 10:15:26,4163.5,101350
2021-06-21 10:15:29,4165.1,101363
2021-06-21 10:15:32,4165.1,101366
2021-06-21 10:15:36,4165.1,101373
2021-06-21 10:15:42,4166.3,101428
2021-06-21 10:15:51,4165.7,101433
2021-06-21 10:15:54,4166.55,101484
2021-06-21 10:15:57,4166.0,101485
2021-06-21 10:16:04,4166.55,101534
2021-06-21 10:16:07,4166.55,101616
2021-06-21 10:16:10,4168.0,101716
2021-06-21 10:16:13,4168.0,101729
2021-06-21 10:16:16,4166.35,101779
2021-06-21 10:16:19,4168.0,101780
2021-06-21 10:16:22,4167.8,101841
2021-06-21 10:16:25,4167.8,101846
2021-06-21 10:16:28,4167.8,101846
2021-06-21 10:16:31,4167.8,101848
2021-06-21 10:16:34,4167.8,101848
2021-06-21 10:16:37,4167.8,101849
2021-06-21 10:16:40,4167.8,101851
2021-06-21 10:16:43,4166.15,101862
2021-06-21 10:16:46,4168.0,101943
2021-06-21 10:16:49,4168.0,101943
2021-06-21 10:16:52,4168.0,101943
2021-06-21 10:16:55,4169.25,101953
2021-06-21 10:16:57,4169.2,102032
2021-06-21 10:17:00,4169.15,102110
2021-06-21 10:17:03,4167.85,102111
2021-06-21 10:17:06,4169.15,102121
2021-06-21 10:17:09,4168.8,103378
2021-06-21 10:17:13,4169.95,103472
2021-06-21 10:17:17,4169.95,103482
2021-06-21 10:17:20,4170.0,103483
2021-06-21 10:17:23,4170.0,103535
2021-06-21 10:17:26,4170.0,103535
2021-06-21 10:17:29,4169.95,103537
2021-06-21 10:17:32,4169.95,103537
2021-06-21 10:17:36,4169.95,103538
2021-06-21 10:17:40,4170.0,103543
2021-06-21 10:17:43,4170.0,103543
2021-06-21 10:17:46,4170.0,103565
2021-06-21 10:17:49,4170.0,103565
2021-06-21 10:17:52,4170.0,103573
2021-06-21 10:17:55,4169.95,103574
2021-06-21 10:17:58,4171.0,105374
2021-06-21 10:18:01,4171.0,105374
2021-06-21 10:18:05,4171.0,105374
2021-06-21 10:18:07,4172.0,105700
2021-06-21 10:18:10,4172.0,105700
2021-06-21 10:18:13,4172.0,105700
2021-06-21 10:18:17,4171.0,105711
2021-06-21 10:18:20,4172.0,105742
2021-06-21 10:18:23,4172.0,105742
2021-06-21 10:18:27,4172.0,105743
2021-06-21 10:18:30,4172.0,105743
2021-06-21 10:18:34,4172.0,105760
2021-06-21 10:18:37,4172.0,105760
2021-06-21 10:18:40,4172.0,105760
2021-06-21 10:18:43,4172.0,105768
2021-06-21 10:18:46,4172.5,105980
2021-06-21 10:18:49,4172.0,105992
2021-06-21 10:18:52,4172.0,105992
2021-06-21 10:18:55,4172.5,105993
2021-06-21 10:18:58,4171.05,106120
2021-06-21 10:19:01,4171.1,106122
2021-06-21 10:19:03,4171.1,106124
2021-06-21 10:19:06,4171.1,106124
2021-06-21 10:19:09,4172.5,106144
2021-06-21 10:19:12,4172.5,106144
2021-06-21 10:19:15,4172.45,106145
2021-06-21 10:19:17,4172.45,106145
2021-06-21 10:19:20,4172.45,106149
2021-06-21 10:19:24,4172.5,106180
2021-06-21 10:19:28,4172.5,106180
2021-06-21 10:19:31,4172.5,106264
2021-06-21 10:19:35,4172.5,106264
2021-06-21 10:19:39,4172.5,106266
2021-06-21 10:19:43,4174.95,106404
2021-06-21 10:19:46,4175.0,106439
2021-06-21 10:19:50,4175.0,106473
2021-06-21 10:19:53,4177.0,106776
2021-06-21 10:19:56,4177.4,106778
2021-06-21 10:19:59,4177.4,106786
2021-06-21 10:20:02,4175.3,106796
2021-06-21 10:20:05,4177.1,106798
2021-06-21 10:20:08,4177.3,106898
2021-06-21 10:20:11,4174.8,106903
2021-06-21 10:20:15,4171.95,107747
2021-06-21 10:20:18,4170.05,107781
