timestamp,ltp,volume
2021-06-21 09:16:41,1459.05,40398
2021-06-21 09:16:45,1459.45,40560
2021-06-21 09:16:49,1461.05,40850
2021-06-21 09:16:53,1461.1,41047
2021-06-21 09:16:58,1461.85,41171
2021-06-21 09:17:02,1461.2,41696
2021-06-21 09:17:06,1460.3,41965
2021-06-21 09:17:11,1459.55,42345
2021-06-21 09:17:15,1460.15,42951
2021-06-21 09:17:19,1459.15,43331
2021-06-21 09:17:24,1461.2,43662
2021-06-21 09:17:28,1459.15,44138
2021-06-21 09:17:33,1460.35,44353
2021-06-21 09:17:37,1461.9,45775
2021-06-21 09:17:41,1460.75,46108
2021-06-21 09:17:45,1460.5,47075
2021-06-21 09:17:49,1461.85,47876
2021-06-21 09:17:54,1461.5,48524
2021-06-21 09:17:58,1460.15,49853
2021-06-21 09:18:02,1460.5,50723
2021-06-21 09:18:06,1459.85,51861
2021-06-21 09:18:10,1459.6,52109
2021-06-21 09:18:14,1459.6,53252
2021-06-21 09:18:18,1459.5,53536
2021-06-21 09:18:22,1459.45,54382
2021-06-21 09:18:26,1458.45,54814
2021-06-21 09:18:30,1458.25,55338
2021-06-21 09:18:34,1456.9,56321
2021-06-21 09:18:38,1456.95,56801
2021-06-21 09:18:42,1458.95,57518
2021-06-21 09:18:46,1459.0,57720
2021-06-21 09:18:50,1459.3,57930
2021-06-21 09:18:54,1459.0,58040
2021-06-21 09:18:58,1459.0,58127
2021-06-21 09:19:02,1458.75,59474
2021-06-21 09:19:07,1459.95,60166
2021-06-21 09:19:11,1459.4,60168
2021-06-21 09:19:15,1460.2,60701
2021-06-21 09:19:19,1459.45,61047
2021-06-21 09:19:22,1460.95,61234
2021-06-21 09:19:26,1461.0,61324
2021-06-21 09:19:30,1461.75,61420
2021-06-21 09:19:34,1463.05,62006
2021-06-21 09:19:38,1462.65,62077
2021-06-21 09:19:42,1462.8,62173
2021-06-21 09:19:46,1462.1,62393
2021-06-21 09:19:50,1462.1,62486
2021-06-21 09:19:54,1463.1,63289
2021-06-21 09:19:58,1461.2,65342
2021-06-21 09:20:02,1460.05,66213
2021-06-21 09:20:06,1457.9,67074
2021-06-21 09:20:10,1457.1,67278
2021-06-21 09:20:14,1457.35,67896
2021-06-21 09:20:18,1458.3,68010
2021-06-21 09:20:22,1458.6,68060
2021-06-21 09:20:26,1459.2,68236
2021-06-21 09:20:30,1459.35,68354
2021-06-21 09:20:34,1458.8,68752
2021-06-21 09:20:38,1458.6,69274
2021-06-21 09:20:46,1458.45,69613
2021-06-21 09:20:50,1458.2,70787
2021-06-21 09:20:54,1458.9,71605
2021-06-21 09:20:57,1457.85,72304
2021-06-21 09:21:02,1458.0,72413
2021-06-21 09:21:05,1457.4,72514
2021-06-21 09:21:10,1458.15,73720
2021-06-21 09:21:14,1459.35,73922
2021-06-21 09:21:18,1458.3,74151
2021-06-21 09:21:22,1459.35,75098
2021-06-21 09:21:26,1457.75,75995
2021-06-21 09:21:30,1457.0,76692
2021-06-21 09:21:34,1456.15,77334
2021-06-21 09:21:38,1456.75,77676
2021-06-21 09:21:42,1456.95,78292
2021-06-21 09:21:46,1457.0,78559
2021-06-21 09:21:50,1457.2,79945
2021-06-21 09:21:53,1456.95,80017
2021-06-21 09:21:54,1457.15,80088
2021-06-21 09:21:55,1457.0,80099
2021-06-21 09:21:56,1457.0,80162
2021-06-21 09:21:57,1457.0,80589
2021-06-21 09:21:58,1456.25,80626
2021-06-21 09:21:59,1456.3,80640
2021-06-21 09:22:00,1457.0,80650
2021-06-21 09:22:01,1457.0,80734
2021-06-21 09:22:02,1457.0,80740
2021-06-21 09:22:03,1457.0,80753
2021-06-21 09:22:04,1457.5,81146
2021-06-21 09:22:05,1457.55,81152
2021-06-21 09:22:06,1458.85,81242
2021-06-21 09:22:07,1458.85,81242
2021-06-21 09:22:08,1458.85,81242
2021-06-21 09:22:09,1457.9,81262
2021-06-21 09:22:10,1457.7,81512
2021-06-21 09:22:11,1458.7,81522
2021-06-21 09:22:12,1458.7,81542
2021-06-21 09:22:13,1458.7,81542
2021-06-21 09:22:15,1458.7,81542
2021-06-21 09:22:16,1458.8,81851
2021-06-21 09:22:17,1458.65,82071
2021-06-21 09:22:18,1458.65,82071
2021-06-21 09:22:19,1458.65,82071
2021-06-21 09:22:20,1458.4,82160
2021-06-21 09:22:21,1458.2,82333
2021-06-21 09:22:22,1457.1,82547
2021-06-21 09:22:23,1457.1,82547
2021-06-21 09:22:24,1458.65,82635
2021-06-21 09:22:25,1458.65,82635
2021-06-21 09:22:26,1458.65,82635
2021-06-21 09:22:27,1457.7,82642
2021-06-21 09:22:28,1458.0,82663
2021-06-21 09:22:29,1458.0,82663
2021-06-21 09:22:30,1458.0,82872
2021-06-21 09:22:31,1458.0,82982
2021-06-21 09:22:32,1458.2,83074
2021-06-21 09:22:33,1458.2,83074
2021-06-21 09:22:34,1458.0,83833
2021-06-21 09:22:35,1458.0,83833
2021-06-21 09:22:36,1458.0,83833
2021-06-21 09:22:37,1458.4,84307
2021-06-21 09:22:37,1458.4,84307
2021-06-21 09:22:38,1458.9,84695
2021-06-21 09:22:39,1458.9,84695
2021-06-21 09:22:40,1458.9,84695
2021-06-21 09:22:41,1458.35,84701
2021-06-21 09:22:42,1458.35,84701
2021-06-21 09:22:43,1458.3,84832
2021-06-21 09:22:45,1458.35,84847
2021-06-21 09:22:46,1458.2,84990
2021-06-21 09:22:47,1458.0,85099
2021-06-21 09:22:48,1458.0,85099
2021-06-21 09:22:49,1458.45,85109
2021-06-21 09:22:50,1457.25,85122
2021-06-21 09:22:52,1457.3,85128
2021-06-21 09:22:53,1457.3,85128
2021-06-21 09:22:54,1457.3,85128
2021-06-21 09:22:55,1457.65,85136
2021-06-21 09:22:56,1457.65,85177
2021-06-21 09:22:57,1457.65,85183
2021-06-21 09:22:58,1457.65,85183
2021-06-21 09:23:00,1457.65,85225
2021-06-21 09:23:01,1458.0,85299
2021-06-21 09:23:03,1457.2,85328
2021-06-21 09:23:09,1457.0,86981
2021-06-21 09:23:10,1457.0,86981
2021-06-21 09:23:11,1457.5,87071
2021-06-21 09:23:12,1457.5,87071
2021-06-21 09:23:13,1457.95,87402
2021-06-21 09:23:14,1457.8,87417
2021-06-21 09:23:15,1457.8,87445
2021-06-21 09:23:16,1457.15,87475
2021-06-21 09:23:17,1457.0,87528
2021-06-21 09:23:18,1457.2,88166
2021-06-21 09:23:19,1457.2,88166
2021-06-21 09:23:20,1457.2,88183
2021-06-21 09:23:21,1456.2,88190
2021-06-21 09:23:22,1457.0,88210
2021-06-21 09:23:23,1457.0,88259
2021-06-21 09:23:24,1457.0,88259
2021-06-21 09:23:25,1456.1,88266
2021-06-21 09:23:27,1457.3,88291
2021-06-21 09:23:28,1456.05,88491
2021-06-21 09:23:34,1457.0,88737
2021-06-21 09:23:35,1457.0,88737
2021-06-21 09:23:36,1457.0,88737
2021-06-21 09:23:37,1457.0,88737
2021-06-21 09:23:38,1456.2,88867
2021-06-21 09:23:40,1457.0,88869
2021-06-21 09:23:41,1457.0,89010
2021-06-21 09:23:42,1457.0,89035
2021-06-21 09:23:43,1457.0,89040
2021-06-21 09:23:44,1457.0,89040
2021-06-21 09:23:45,1457.0,89112
2021-06-21 09:23:46,1456.0,89897
2021-06-21 09:23:47,1456.85,89918
2021-06-21 09:23:48,1456.85,89918
2021-06-21 09:23:49,1456.5,90269
2021-06-21 09:23:50,1456.5,90269
2021-06-21 09:23:51,1456.5,90269
2021-06-21 09:23:52,1456.0,90295
2021-06-21 09:23:53,1457.0,90433
2021-06-21 09:23:54,1457.0,90483
2021-06-21 09:23:55,1456.9,90583
2021-06-21 09:23:56,1456.9,90583
2021-06-21 09:23:58,1457.65,90704
2021-06-21 09:23:59,1458.0,90947
2021-06-21 09:24:00,1457.1,91522
2021-06-21 09:24:01,1457.1,91522
2021-06-21 09:24:02,1457.1,91532
2021-06-21 09:24:03,1457.1,91532
2021-06-21 09:24:04,1457.1,91555
2021-06-21 09:24:05,1457.1,91555
2021-06-21 09:24:06,1457.95,91755
2021-06-21 09:24:07,1457.95,91755
2021-06-21 09:24:08,1457.95,91755
2021-06-21 09:24:09,1458.05,91867
2021-06-21 09:24:10,1457.1,91868
2021-06-21 09:24:11,1457.8,91974
2021-06-21 09:24:12,1457.8,91974
2021-06-21 09:24:13,1457.8,91974
2021-06-21 09:24:14,1458.0,92114
2021-06-21 09:24:15,1458.0,92207
2021-06-21 09:24:16,1458.05,92357
2021-06-21 09:24:17,1456.7,92891
2021-06-21 09:24:18,1456.3,92907
2021-06-21 09:24:19,1456.8,93007
2021-06-21 09:24:20,1456.1,93047
2021-06-21 09:24:21,1456.45,93431
2021-06-21 09:24:22,1456.5,93432
2021-06-21 09:24:23,1456.5,93432
2021-06-21 09:24:24,1456.5,93432
2021-06-21 09:24:25,1456.5,93432
2021-06-21 09:24:26,1456.5,93432
2021-06-21 09:24:27,1456.5,93432
2021-06-21 09:24:28,1456.3,93468
2021-06-21 09:24:29,1456.3,93468
2021-06-21 09:24:30,1456.8,93543
2021-06-21 09:24:31,1456.8,93668
2021-06-21 09:24:32,1456.8,93668
2021-06-21 09:24:33,1456.8,93668
2021-06-21 09:24:34,1457.65,93683
2021-06-21 09:24:35,1457.65,93683
2021-06-21 09:24:36,1457.65,93683
2021-06-21 09:24:37,1457.95,94018
2021-06-21 09:24:38,1457.95,94018
2021-06-21 09:24:39,1457.95,94018
2021-06-21 09:24:40,1457.95,94018
2021-06-21 09:24:41,1456.6,94026
2021-06-21 09:24:42,1456.6,94026
2021-06-21 09:24:43,1456.6,94037
2021-06-21 09:24:44,1456.6,94037
2021-06-21 09:24:45,1457.8,94073
2021-06-21 09:24:46,1457.8,94073
2021-06-21 09:24:47,1457.8,94094
2021-06-21 09:24:48,1457.8,94104
2021-06-21 09:24:49,1457.8,94109
2021-06-21 09:24:50,1457.8,94109
2021-06-21 09:24:51,1456.8,94115
2021-06-21 09:24:52,1457.8,94123
2021-06-21 09:24:53,1457.8,94123
2021-06-21 09:24:53,1457.8,94123
2021-06-21 09:24:54,1457.75,94128
2021-06-21 09:24:55,1457.75,94137
2021-06-21 09:24:56,1457.75,94137
2021-06-21 09:24:57,1457.75,94162
2021-06-21 09:24:58,1457.75,94162
2021-06-21 09:24:59,1456.8,94262
2021-06-21 09:25:00,1457.7,94375
2021-06-21 09:25:01,1457.0,94405
2021-06-21 09:25:02,1456.8,94555
2021-06-21 09:25:03,1457.85,95563
2021-06-21 09:25:04,1457.2,95687
2021-06-21 09:25:05,1457.2,95687
2021-06-21 09:25:06,1457.8,95850
2021-06-21 09:25:07,1458.25,95856
2021-06-21 09:25:08,1457.25,95918
2021-06-21 09:25:09,1458.2,95919
2021-06-21 09:25:10,1458.0,95969
2021-06-21 09:25:11,1458.0,95969
2021-06-21 09:25:12,1458.0,95969
2021-06-21 09:25:13,1458.1,95970
2021-06-21 09:25:14,1458.1,96020
2021-06-21 09:25:15,1457.35,96437
2021-06-21 09:25:16,1457.3,96456
2021-06-21 09:25:17,1457.3,96472
2021-06-21 09:25:18,1456.15,97224
2021-06-21 09:25:19,1457.0,97324
2021-06-21 09:25:20,1456.3,97333
2021-06-21 09:25:21,1456.15,97406
2021-06-21 09:25:22,1457.2,97436
2021-06-21 09:25:23,1457.2,97436
2021-06-21 09:25:24,1457.2,97436
2021-06-21 09:25:25,1457.2,97436
2021-06-21 09:25:26,1456.45,97457
2021-06-21 09:25:27,1457.0,97638
2021-06-21 09:25:28,1457.0,97638
2021-06-21 09:25:29,1457.2,97948
2021-06-21 09:25:31,1457.2,98056
2021-06-21 09:25:32,1458.2,98058
2021-06-21 09:25:33,1458.3,98109
2021-06-21 09:25:34,1458.3,98109
2021-06-21 09:25:35,1458.3,98109
2021-06-21 09:25:36,1458.1,98172
2021-06-21 09:25:37,1458.8,98179
2021-06-21 09:25:38,1458.5,98182
2021-06-21 09:25:39,1458.5,98204
2021-06-21 09:25:40,1458.5,98204
2021-06-21 09:25:41,1458.5,98204
2021-06-21 09:25:42,1458.5,98204
2021-06-21 09:25:43,1458.5,98204
2021-06-21 09:25:44,1458.5,98204
2021-06-21 09:25:46,1458.8,98391
2021-06-21 09:25:48,1458.5,98449
2021-06-21 09:25:49,1458.5,98455
2021-06-21 09:25:50,1458.2,98479
2021-06-21 09:25:52,1458.15,98494
2021-06-21 09:25:53,1458.7,98662
2021-06-21 09:25:54,1458.7,98662
2021-06-21 09:25:55,1458.7,98662
2021-06-21 09:25:56,1458.7,98662
2021-06-21 09:25:57,1458.7,98662
2021-06-21 09:25:58,1458.7,98662
2021-06-21 09:25:59,1458.35,98759
2021-06-21 09:26:00,1458.65,98836
2021-06-21 09:26:01,1458.65,98836
2021-06-21 09:26:02,1458.65,98836
2021-06-21 09:26:03,1458.65,98836
2021-06-21 09:26:04,1458.4,98856
2021-06-21 09:26:05,1458.4,98856
2021-06-21 09:26:06,1458.3,98913
2021-06-21 09:26:07,1458.3,98913
2021-06-21 09:26:08,1458.3,98913
2021-06-21 09:26:09,1458.0,99211
2021-06-21 09:26:10,1457.9,99215
2021-06-21 09:26:11,1457.9,99216
2021-06-21 09:26:12,1457.9,99216
2021-06-21 09:26:13,1457.95,99449
2021-06-21 09:26:14,1457.95,99449
2021-06-21 09:26:16,1457.0,99481
2021-06-21 09:26:15,1457.1,99468
2021-06-21 09:26:17,1456.3,99808
2021-06-21 09:26:18,1457.0,99819
2021-06-21 09:26:19,1457.0,99844
2021-06-21 09:26:22,1457.65,99934
2021-06-21 09:26:23,1457.65,99934
2021-06-21 09:26:24,1457.65,99934
2021-06-21 09:26:25,1457.65,99934
2021-06-21 09:26:26,1457.65,99934
2021-06-21 09:26:27,1457.65,99934
2021-06-21 09:26:28,1457.65,99934
2021-06-21 09:26:29,1457.65,99934
2021-06-21 09:26:30,1457.65,99934
2021-06-21 09:26:31,1457.65,99935
2021-06-21 09:26:32,1457.65,99935
2021-06-21 09:26:33,1457.9,99985
2021-06-21 09:26:34,1457.9,99985
2021-06-21 09:26:35,1457.9,99985
2021-06-21 09:26:36,1457.65,99995
2021-06-21 09:26:37,1457.65,99995
2021-06-21 09:26:38,1457.95,100016
2021-06-21 09:26:39,1457.25,100026
2021-06-21 09:26:40,1457.25,100026
2021-06-21 09:26:41,1457.25,100126
2021-06-21 09:26:42,1457.9,100226
2021-06-21 09:26:43,1457.25,100227
2021-06-21 09:26:44,1457.25,100227
2021-06-21 09:26:45,1457.95,100341
2021-06-21 09:26:46,1457.95,100343
2021-06-21 09:26:47,1457.95,100343
2021-06-21 09:26:48,1457.5,100420
2021-06-21 09:26:49,1457.2,100453
2021-06-21 09:26:50,1457.2,100473
2021-06-21 09:26:51,1457.2,100473
2021-06-21 09:26:52,1457.2,100473
2021-06-21 09:26:53,1457.2,100473
2021-06-21 09:26:56,1457.25,100664
2021-06-21 09:27:00,1457.95,100714
2021-06-21 09:27:04,1457.6,100891
2021-06-21 09:27:08,1458.3,101112
2021-06-21 09:27:12,1457.25,101443
2021-06-21 09:27:16,1457.95,102388
2021-06-21 09:27:20,1457.5,103238
2021-06-21 09:27:24,1457.7,103246
2021-06-21 09:27:32,1458.05,104385
2021-06-21 09:27:36,1459.0,104889
2021-06-21 09:27:39,1459.25,105000
2021-06-21 09:27:43,1458.05,105037
2021-06-21 09:27:46,1459.0,105173
2021-06-21 09:27:54,1458.95,105223
2021-06-21 09:27:57,1458.95,105324
2021-06-21 09:28:01,1458.95,105808
2021-06-21 09:28:05,1459.25,106019
2021-06-21 09:28:13,1458.85,106487
2021-06-21 09:28:17,1459.05,106679
2021-06-21 09:28:20,1458.65,106890
2021-06-21 09:28:24,1458.85,106895
2021-06-21 09:28:28,1459.85,106914
2021-06-21 09:28:35,1460.85,107048
2021-06-21 09:28:39,1459.9,107081
2021-06-21 09:28:43,1459.9,107456
2021-06-21 09:28:47,1459.9,107565
2021-06-21 09:28:54,1461.5,107850
2021-06-21 09:28:58,1462.95,108205
2021-06-21 09:29:02,1462.95,108232
2021-06-21 09:29:06,1462.0,108266
2021-06-21 09:29:09,1462.95,108308
2021-06-21 09:29:13,1463.0,108332
2021-06-21 09:29:17,1462.95,108822
2021-06-21 09:29:21,1462.2,108957
2021-06-21 09:29:25,1460.0,111210
2021-06-21 09:29:29,1460.8,111238
2021-06-21 09:29:33,1460.7,111456
2021-06-21 09:29:37,1460.7,111615
2021-06-21 09:29:41,1461.1,111703
2021-06-21 09:29:44,1462.05,111858
2021-06-21 09:29:48,1460.5,112126
2021-06-21 09:29:52,1460.5,112126
2021-06-21 09:29:56,1462.05,112286
2021-06-21 09:30:00,1462.95,112669
2021-06-21 09:30:08,1462.75,112992
2021-06-21 09:30:13,1462.75,113259
2021-06-21 09:30:16,1461.5,113299
2021-06-21 09:30:20,1461.5,113354
2021-06-21 09:30:24,1458.2,116445
2021-06-21 09:30:28,1459.8,116500
2021-06-21 09:30:31,1459.8,116648
2021-06-21 09:30:35,1459.15,116788
2021-06-21 09:30:39,1460.2,116793
2021-06-21 09:30:43,1460.25,116837
2021-06-21 09:30:47,1460.1,116948
2021-06-21 09:30:51,1459.4,116974
2021-06-21 09:30:55,1460.0,117244
2021-06-21 09:30:59,1459.95,117452
2021-06-21 09:31:03,1459.05,117621
2021-06-21 09:31:07,1458.05,117656
2021-06-21 09:31:11,1458.05,117656
2021-06-21 09:31:15,1458.0,117728
2021-06-21 09:31:18,1457.25,118901
2021-06-21 09:31:22,1457.45,118942
2021-06-21 09:31:26,1456.8,118992
2021-06-21 09:31:30,1457.8,119102
2021-06-21 09:31:34,1457.8,119195
2021-06-21 09:31:38,1457.1,119206
2021-06-21 09:31:41,1457.1,119231
2021-06-21 09:31:45,1457.8,119242
2021-06-21 09:31:49,1457.8,119258
2021-06-21 09:31:53,1457.1,119268
2021-06-21 09:31:53,1457.1,119268
2021-06-21 09:31:54,1457.1,119288
2021-06-21 09:31:55,1457.1,119288
2021-06-21 09:31:56,1457.1,119298
2021-06-21 09:31:57,1458.4,119598
2021-06-21 09:31:58,1457.25,119751
2021-06-21 09:31:59,1457.25,119751
2021-06-21 09:32:00,1457.4,119764
2021-06-21 09:32:01,1457.4,119770
2021-06-21 09:32:02,1457.4,119770
2021-06-21 09:32:04,1458.3,119804
2021-06-21 09:32:05,1458.3,119804
2021-06-21 09:32:06,1458.35,119854
2021-06-21 09:32:07,1458.4,119979
2021-06-21 09:32:08,1458.4,119979
2021-06-21 09:32:09,1458.4,119979
2021-06-21 09:32:10,1458.4,120030
2021-06-21 09:32:11,1458.4,120030
2021-06-21 09:32:12,1458.4,120030
2021-06-21 09:32:13,1458.4,120030
2021-06-21 09:32:14,1458.45,120040
2021-06-21 09:32:15,1458.45,120090
2021-06-21 09:32:16,1458.45,120090
2021-06-21 09:32:17,1459.55,120220
2021-06-21 09:32:17,1459.55,120220
2021-06-21 09:32:18,1458.5,120270
2021-06-21 09:32:19,1458.5,120270
2021-06-21 09:32:20,1458.5,120270
2021-06-21 09:32:22,1458.5,120270
2021-06-21 09:32:23,1459.0,120301
2021-06-21 09:32:24,1459.0,120341
2021-06-21 09:32:25,1459.0,120341
2021-06-21 09:32:26,1459.0,120341
2021-06-21 09:32:27,1459.6,120346
2021-06-21 09:32:28,1459.6,120471
2021-06-21 09:32:28,1458.95,120514
2021-06-21 09:32:29,1458.6,120547
2021-06-21 09:32:30,1458.75,120557
2021-06-21 09:32:32,1458.95,120577
2021-06-21 09:32:33,1459.0,120578
2021-06-21 09:32:34,1459.0,120579
2021-06-21 09:32:35,1459.0,120579
2021-06-21 09:32:36,1459.0,120579
2021-06-21 09:32:37,1459.0,120579
2021-06-21 09:32:37,1459.0,120579
2021-06-21 09:32:38,1458.15,120580
2021-06-21 09:32:39,1458.85,120581
2021-06-21 09:32:41,1458.0,120641
2021-06-21 09:32:42,1458.0,120641
2021-06-21 09:32:43,1457.85,120770
2021-06-21 09:32:44,1457.1,120777
2021-06-21 09:32:45,1457.1,120787
2021-06-21 09:32:46,1457.85,120902
2021-06-21 09:32:46,1457.85,120902
2021-06-21 09:32:47,1457.85,120902
2021-06-21 09:32:50,1457.95,120952
2021-06-21 09:32:51,1457.2,120962
2021-06-21 09:32:52,1458.25,120963
2021-06-21 09:32:52,1458.25,120963
2021-06-21 09:32:54,1458.25,120963
2021-06-21 09:32:55,1458.25,120963
2021-06-21 09:32:56,1458.25,120963
2021-06-21 09:32:57,1458.25,120963
2021-06-21 09:32:58,1458.25,120963
2021-06-21 09:32:58,1458.25,120963
2021-06-21 09:32:59,1458.25,120963
2021-06-21 09:33:00,1458.15,120964
2021-06-21 09:33:01,1458.0,120969
2021-06-21 09:33:03,1458.0,120969
2021-06-21 09:33:04,1458.1,120982
2021-06-21 09:33:06,1458.1,121003
2021-06-21 09:33:07,1458.1,121003
2021-06-21 09:33:08,1458.1,121014
2021-06-21 09:33:08,1458.1,121014
2021-06-21 09:33:09,1458.1,121014
2021-06-21 09:33:10,1458.1,121014
2021-06-21 09:33:12,1457.35,121045
2021-06-21 09:33:13,1458.1,121048
2021-06-21 09:33:14,1458.1,121073
2021-06-21 09:33:14,1458.1,121073
2021-06-21 09:33:15,1458.1,121110
2021-06-21 09:33:16,1457.5,121598
2021-06-21 09:33:19,1457.35,121725
2021-06-21 09:33:20,1457.35,121725
2021-06-21 09:33:21,1457.35,121725
2021-06-21 09:33:22,1457.35,121731
2021-06-21 09:33:23,1457.35,121751
2021-06-21 09:33:25,1457.35,121751
2021-06-21 09:33:26,1457.35,121751
2021-06-21 09:33:27,1457.35,121751
2021-06-21 09:33:29,1458.0,121819
2021-06-21 09:33:30,1458.0,121819
2021-06-21 09:33:31,1458.1,121870
2021-06-21 09:33:31,1458.1,121870
2021-06-21 09:33:33,1458.1,121870
2021-06-21 09:33:35,1458.1,121880
2021-06-21 09:33:36,1458.0,121993
2021-06-21 09:33:36,1458.0,121993
2021-06-21 09:33:38,1458.75,122500
2021-06-21 09:33:39,1458.75,122500
2021-06-21 09:33:40,1458.75,122500
2021-06-21 09:33:40,1458.75,122500
2021-06-21 09:33:41,1458.6,122501
2021-06-21 09:33:43,1458.7,122519
2021-06-21 09:33:45,1458.7,122569
2021-06-21 09:33:46,1457.45,122781
2021-06-21 09:33:47,1457.45,122787
2021-06-21 09:33:48,1458.6,122987
2021-06-21 09:33:49,1458.6,122987
2021-06-21 09:33:50,1458.6,122987
2021-06-21 09:33:51,1458.65,123111
2021-06-21 09:33:52,1459.0,123204
2021-06-21 09:33:53,1458.6,123237
2021-06-21 09:33:53,1458.6,123237
2021-06-21 09:33:55,1458.6,123237
2021-06-21 09:33:56,1458.6,123237
2021-06-21 09:33:57,1458.6,123238
2021-06-21 09:33:58,1458.6,123257
2021-06-21 09:33:58,1458.6,123257
2021-06-21 09:33:59,1458.6,123257
2021-06-21 09:34:00,1458.15,123286
2021-06-21 09:34:01,1458.15,123286
2021-06-21 09:34:03,1458.6,123296
2021-06-21 09:34:04,1458.6,123296
2021-06-21 09:34:05,1458.6,123296
2021-06-21 09:34:05,1458.6,123296
2021-06-21 09:34:06,1458.6,123296
2021-06-21 09:34:07,1458.6,123296
2021-06-21 09:34:08,1458.6,123296
2021-06-21 09:34:09,1458.6,123299
2021-06-21 09:34:11,1458.6,123299
2021-06-21 09:34:12,1458.6,123299
2021-06-21 09:34:13,1458.6,123299
2021-06-21 09:34:14,1458.6,123317
2021-06-21 09:34:15,1458.6,123346
2021-06-21 09:34:16,1458.7,123357
2021-06-21 09:34:17,1458.7,123357
2021-06-21 09:34:18,1458.6,123433
2021-06-21 09:34:19,1457.8,124424
2021-06-21 09:34:20,1457.8,124424
2021-06-21 09:34:21,1458.25,124430
2021-06-21 09:34:22,1457.6,124440
2021-06-21 09:34:25,1458.35,124501
2021-06-21 09:34:26,1457.55,124631
2021-06-21 09:34:27,1457.55,124631
2021-06-21 09:34:27,1457.55,124631
2021-06-21 09:34:28,1457.9,124634
2021-06-21 09:34:29,1457.65,124641
2021-06-21 09:34:31,1458.25,124666
2021-06-21 09:34:32,1458.25,124666
2021-06-21 09:34:33,1458.6,124686
2021-06-21 09:34:34,1458.7,124713
2021-06-21 09:34:35,1458.7,124713
2021-06-21 09:34:36,1458.7,124713
2021-06-21 09:34:36,1458.7,124713
2021-06-21 09:34:38,1458.7,124713
2021-06-21 09:34:39,1458.5,124718
2021-06-21 09:34:39,1458.5,124718
2021-06-21 09:34:41,1458.5,124718
2021-06-21 09:34:41,1458.5,124718
2021-06-21 09:34:42,1458.5,124718
2021-06-21 09:34:44,1458.3,124738
2021-06-21 09:34:45,1458.3,124776
2021-06-21 09:34:46,1458.5,124780
2021-06-21 09:34:47,1458.7,124781
2021-06-21 09:34:48,1458.7,124781
2021-06-21 09:34:49,1458.7,124782
2021-06-21 09:34:50,1458.7,124782
2021-06-21 09:34:51,1458.7,124782
2021-06-21 09:34:52,1458.7,124782
2021-06-21 09:34:52,1458.0,124792
2021-06-21 09:34:53,1458.0,124792
2021-06-21 09:34:54,1458.7,124847
2021-06-21 09:34:56,1458.9,124947
2021-06-21 09:34:57,1458.9,124974
2021-06-21 09:34:58,1458.9,124974
2021-06-21 09:34:59,1458.9,124974
2021-06-21 09:35:00,1458.9,124974
2021-06-21 09:35:01,1458.9,124974
2021-06-21 09:35:01,1458.9,124974
2021-06-21 09:35:03,1458.7,124976
2021-06-21 09:35:04,1458.7,124976
2021-06-21 09:35:05,1458.7,124976
2021-06-21 09:35:06,1458.7,124976
2021-06-21 09:35:07,1458.7,124976
2021-06-21 09:35:08,1458.7,124976
2021-06-21 09:35:09,1458.7,124976
2021-06-21 09:35:10,1458.7,124976
2021-06-21 09:35:11,1458.7,124976
2021-06-21 09:35:12,1458.7,124976
2021-06-21 09:35:13,1458.7,124976
2021-06-21 09:35:14,1460.0,127856
2021-06-21 09:35:14,1460.0,127856
2021-06-21 09:35:15,1459.75,127876
2021-06-21 09:35:17,1459.75,127876
2021-06-21 09:35:18,1459.75,127876
2021-06-21 09:35:19,1459.85,127878
2021-06-21 09:35:19,1459.85,127878
2021-06-21 09:35:21,1460.0,127904
2021-06-21 09:35:21,1460.0,127904
2021-06-21 09:35:23,1460.0,127904
2021-06-21 09:35:24,1460.0,127904
2021-06-21 09:35:25,1460.0,127904
2021-06-21 09:35:26,1460.95,127906
2021-06-21 09:35:27,1460.95,127906
2021-06-21 09:35:27,1460.95,127906
2021-06-21 09:35:29,1460.95,127906
2021-06-21 09:35:30,1460.95,127906
2021-06-21 09:35:32,1461.0,127908
2021-06-21 09:35:33,1461.95,128135
2021-06-21 09:35:34,1461.95,128135
2021-06-21 09:35:35,1461.95,128135
2021-06-21 09:35:36,1461.95,128135
2021-06-21 09:35:37,1461.95,128135
2021-06-21 09:35:38,1461.95,128135
2021-06-21 09:35:39,1462.5,128475
2021-06-21 09:35:40,1462.5,128475
2021-06-21 09:35:41,1461.6,128486
2021-06-21 09:35:41,1461.6,128486
2021-06-21 09:35:42,1461.6,128486
2021-06-21 09:35:43,1461.6,128486
2021-06-21 09:35:44,1461.6,128486
2021-06-21 09:35:45,1461.6,128486
2021-06-21 09:35:47,1461.6,128486
2021-06-21 09:35:48,1461.6,128486
2021-06-21 09:35:49,1461.6,128486
2021-06-21 09:35:49,1461.6,128486
2021-06-21 09:35:51,1462.55,128487
2021-06-21 09:35:52,1461.5,128724
2021-06-21 09:35:53,1461.5,128724
2021-06-21 09:35:54,1461.5,128724
2021-06-21 09:35:55,1461.5,128724
2021-06-21 09:35:57,1461.5,128724
2021-06-21 09:35:57,1461.5,128724
2021-06-21 09:35:58,1461.75,128797
2021-06-21 09:35:59,1461.15,128824
2021-06-21 09:36:01,1461.15,128824
2021-06-21 09:36:02,1461.1,128924
2021-06-21 09:36:04,1461.1,128934
2021-06-21 09:36:05,1461.1,128944
2021-06-21 09:36:06,1461.1,128944
2021-06-21 09:36:07,1461.1,128944
2021-06-21 09:36:08,1461.15,128994
2021-06-21 09:36:08,1461.15,128994
2021-06-21 09:36:09,1461.1,128999
2021-06-21 09:36:12,1461.1,128999
2021-06-21 09:36:13,1461.4,129009
2021-06-21 09:36:14,1461.4,129009
2021-06-21 09:36:15,1461.4,129013
2021-06-21 09:36:16,1461.4,129013
2021-06-21 09:36:17,1461.75,129055
2021-06-21 09:36:18,1461.75,129055
2021-06-21 09:36:19,1461.75,129055
2021-06-21 09:36:20,1461.5,129056
2021-06-21 09:36:21,1461.5,129060
2021-06-21 09:36:23,1460.4,129590
2021-06-21 09:36:24,1461.45,129644
2021-06-21 09:36:25,1461.45,129644
2021-06-21 09:36:26,1461.5,129669
2021-06-21 09:36:27,1461.1,129942
2021-06-21 09:36:28,1461.1,129942
2021-06-21 09:36:29,1461.6,129967
2021-06-21 09:36:29,1461.6,129967
2021-06-21 09:36:31,1460.55,130141
2021-06-21 09:36:32,1461.5,130156
2021-06-21 09:36:33,1461.5,130156
2021-06-21 09:36:34,1461.5,130156
2021-06-21 09:36:35,1461.5,130156
2021-06-21 09:36:36,1460.05,130290
2021-06-21 09:36:37,1461.1,130396
2021-06-21 09:36:38,1461.1,130396
2021-06-21 09:36:40,1461.1,130396
2021-06-21 09:36:41,1460.35,130397
2021-06-21 09:36:42,1460.35,130397
2021-06-21 09:36:43,1461.35,130417
2021-06-21 09:36:44,1461.3,130418
2021-06-21 09:36:47,1460.5,130574
2021-06-21 09:36:48,1460.0,130658
2021-06-21 09:36:49,1460.3,130750
2021-06-21 09:36:50,1461.0,130753
2021-06-21 09:36:51,1461.0,130753
2021-06-21 09:36:52,1461.05,130809
2021-06-21 09:36:53,1461.05,130809
2021-06-21 09:36:54,1460.6,130824
2021-06-21 09:36:55,1461.55,131068
2021-06-21 09:36:56,1461.55,131068
2021-06-21 09:36:57,1461.55,131068
2021-06-21 09:36:58,1461.55,131068
2021-06-21 09:36:59,1461.1,131098
2021-06-21 09:37:00,1461.1,131098
2021-06-21 09:37:01,1461.1,131098
2021-06-21 09:37:02,1461.1,131098
2021-06-21 09:37:03,1461.1,131098
2021-06-21 09:37:04,1461.1,131098
2021-06-21 09:37:05,1461.1,131098
2021-06-21 09:37:06,1461.95,131298
2021-06-21 09:37:07,1461.95,131298
2021-06-21 09:37:08,1461.95,131298
2021-06-21 09:37:09,1461.95,131298
2021-06-21 09:37:10,1461.95,131298
2021-06-21 09:37:11,1461.95,131298
2021-06-21 09:37:12,1461.25,131299
2021-06-21 09:37:13,1461.25,131299
2021-06-21 09:37:14,1461.25,131299
2021-06-21 09:37:15,1461.25,131299
2021-06-21 09:37:16,1462.35,131461
2021-06-21 09:37:17,1462.35,131461
2021-06-21 09:37:18,1462.35,131461
2021-06-21 09:37:19,1462.35,131461
2021-06-21 09:37:20,1462.35,131461
2021-06-21 09:37:22,1462.4,131462
2021-06-21 09:37:23,1462.4,131462
2021-06-21 09:37:24,1461.55,131487
2021-06-21 09:37:25,1461.55,131487
2021-06-21 09:37:26,1461.55,131487
2021-06-21 09:37:27,1461.55,131487
2021-06-21 09:37:28,1461.55,131487
2021-06-21 09:37:29,1461.55,131487
2021-06-21 09:37:31,1461.55,131487
2021-06-21 09:37:32,1462.55,131513
2021-06-21 09:37:33,1462.55,131513
2021-06-21 09:37:34,1461.65,131602
2021-06-21 09:37:35,1461.7,131608
2021-06-21 09:37:36,1461.7,131608
2021-06-21 09:37:37,1461.65,131618
2021-06-21 09:37:40,1461.85,131944
2021-06-21 09:37:41,1461.85,131944
2021-06-21 09:37:42,1462.55,131945
2021-06-21 09:37:43,1462.2,131955
2021-06-21 09:37:44,1462.2,131955
2021-06-21 09:37:45,1462.2,131965
2021-06-21 09:37:46,1462.2,131965
2021-06-21 09:37:47,1462.2,131965
2021-06-21 09:37:49,1461.5,132490
2021-06-21 09:37:48,1462.0,132015
2021-06-21 09:37:50,1462.2,132521
2021-06-21 09:37:51,1462.2,132521
2021-06-21 09:37:52,1462.7,132571
2021-06-21 09:37:53,1462.2,132591
2021-06-21 09:37:54,1462.2,132611
2021-06-21 09:37:55,1463.0,132791
2021-06-21 09:37:56,1463.45,133025
2021-06-21 09:37:57,1463.25,133056
2021-06-21 09:37:58,1463.3,133076
2021-06-21 09:37:59,1463.3,133076
2021-06-21 09:38:00,1463.9,133080
2021-06-21 09:38:01,1463.9,133082
2021-06-21 09:38:02,1463.5,133087
2021-06-21 09:38:03,1463.5,133087
2021-06-21 09:38:04,1463.9,133112
2021-06-21 09:38:05,1463.9,133112
2021-06-21 09:38:06,1463.9,133112
2021-06-21 09:38:07,1463.5,133117
2021-06-21 09:38:08,1463.5,133129
2021-06-21 09:38:09,1463.5,133129
2021-06-21 09:38:10,1463.5,133142
2021-06-21 09:38:11,1463.5,133142
2021-06-21 09:38:12,1462.75,133192
2021-06-21 09:38:13,1463.5,133194
2021-06-21 09:38:14,1463.5,133195
2021-06-21 09:38:15,1463.5,133195
2021-06-21 09:38:16,1463.5,133195
2021-06-21 09:38:17,1463.5,133195
2021-06-21 09:38:18,1463.5,133200
2021-06-21 09:38:19,1464.2,136476
2021-06-21 09:38:21,1464.0,136537
2021-06-21 09:38:23,1464.0,136648
2021-06-21 09:38:24,1464.85,136650
2021-06-21 09:38:25,1462.85,137168
2021-06-21 09:38:26,1462.85,137168
2021-06-21 09:38:27,1462.85,137168
2021-06-21 09:38:28,1462.85,137168
2021-06-21 09:38:29,1464.2,137228
2021-06-21 09:38:30,1464.2,137228
2021-06-21 09:38:31,1464.2,137248
2021-06-21 09:38:32,1464.2,137248
2021-06-21 09:38:33,1464.2,137273
2021-06-21 09:38:34,1464.2,137273
2021-06-21 09:38:35,1464.2,137273
2021-06-21 09:38:36,1464.2,137273
2021-06-21 09:38:37,1464.2,137273
2021-06-21 09:38:38,1464.2,137273
2021-06-21 09:38:39,1464.0,137573
2021-06-21 09:38:40,1464.0,137573
2021-06-21 09:38:41,1464.2,137672
2021-06-21 09:38:42,1464.2,137672
2021-06-21 09:38:43,1464.2,137672
2021-06-21 09:38:44,1463.95,137722
2021-06-21 09:38:45,1463.95,137722
2021-06-21 09:38:46,1464.2,137747
2021-06-21 09:38:47,1464.2,137894
2021-06-21 09:38:48,1464.2,137894
2021-06-21 09:38:49,1464.2,137894
2021-06-21 09:38:50,1464.2,137894
2021-06-21 09:38:51,1464.2,137894
2021-06-21 09:38:52,1464.2,137894
2021-06-21 09:38:53,1464.2,137894
2021-06-21 09:38:54,1464.2,137894
2021-06-21 09:38:55,1464.2,138144
2021-06-21 09:38:56,1464.2,138144
2021-06-21 09:38:57,1464.2,138144
2021-06-21 09:38:58,1464.2,138154
2021-06-21 09:39:00,1464.65,138264
2021-06-21 09:39:00,1464.2,138954
2021-06-21 09:39:01,1464.2,139014
2021-06-21 09:39:02,1464.2,139014
2021-06-21 09:39:03,1464.2,139014
2021-06-21 09:39:04,1464.2,139014
2021-06-21 09:39:05,1464.2,139014
2021-06-21 09:39:06,1464.2,139014
2021-06-21 09:39:08,1463.75,139020
2021-06-21 09:39:08,1463.75,139020
2021-06-21 09:39:10,1464.0,139030
2021-06-21 09:39:11,1464.2,139045
2021-06-21 09:39:12,1464.2,139045
2021-06-21 09:39:13,1464.2,139155
2021-06-21 09:39:13,1464.85,139205
2021-06-21 09:39:14,1464.85,139205
2021-06-21 09:39:15,1464.85,139205
2021-06-21 09:39:17,1464.85,139205
2021-06-21 09:39:18,1464.85,139205
2021-06-21 09:39:19,1464.0,139405
2021-06-21 09:39:20,1464.0,139405
2021-06-21 09:39:21,1464.0,139405
2021-06-21 09:39:22,1464.75,139411
2021-06-21 09:39:25,1464.75,139466
2021-06-21 09:39:26,1464.8,139494
2021-06-21 09:39:27,1464.8,139494
2021-06-21 09:39:28,1464.8,139494
2021-06-21 09:39:29,1464.85,139499
2021-06-21 09:39:30,1466.0,140441
2021-06-21 09:39:31,1464.8,140757
2021-06-21 09:39:32,1464.8,140757
2021-06-21 09:39:33,1464.8,140757
2021-06-21 09:39:34,1466.45,140782
2021-06-21 09:39:36,1466.45,140784
2021-06-21 09:39:37,1465.4,140844
2021-06-21 09:39:38,1466.45,140845
2021-06-21 09:39:39,1466.45,140845
2021-06-21 09:39:41,1465.4,140875
2021-06-21 09:39:41,1465.4,140875
2021-06-21 09:39:42,1466.0,140925
2021-06-21 09:39:43,1466.3,140935
2021-06-21 09:39:44,1465.4,141097
2021-06-21 09:39:45,1465.4,141097
2021-06-21 09:39:46,1465.4,141172
2021-06-21 09:39:47,1465.4,141222
2021-06-21 09:39:48,1466.0,141722
2021-06-21 09:39:49,1466.0,141722
2021-06-21 09:39:50,1465.05,141731
2021-06-21 09:39:51,1465.05,141731
2021-06-21 09:39:52,1465.05,141731
2021-06-21 09:39:53,1465.05,141806
2021-06-21 09:39:54,1466.0,141816
2021-06-21 09:39:55,1465.1,142091
2021-06-21 09:39:56,1466.35,142691
2021-06-21 09:39:57,1466.35,142691
2021-06-21 09:39:58,1466.0,142716
2021-06-21 09:39:59,1465.7,142772
2021-06-21 09:40:00,1465.7,142772
2021-06-21 09:40:01,1465.7,142772
2021-06-21 09:40:02,1465.7,142772
2021-06-21 09:40:03,1465.7,142772
2021-06-21 09:40:04,1465.7,142772
2021-06-21 09:40:06,1465.7,142772
2021-06-21 09:40:07,1465.7,142772
2021-06-21 09:40:08,1465.7,142772
2021-06-21 09:40:09,1465.7,142772
2021-06-21 09:40:10,1465.7,142781
2021-06-21 09:40:11,1466.0,142782
2021-06-21 09:40:13,1466.0,142782
2021-06-21 09:40:14,1466.0,142782
2021-06-21 09:40:15,1465.7,142982
2021-06-21 09:40:14,1465.7,142982
2021-06-21 09:40:16,1465.6,142984
2021-06-21 09:40:17,1466.0,143014
2021-06-21 09:40:18,1466.0,143017
2021-06-21 09:40:19,1466.0,143022
2021-06-21 09:40:20,1466.0,143022
2021-06-21 09:40:21,1465.5,143087
2021-06-21 09:40:22,1465.5,143087
2021-06-21 09:40:24,1465.6,143089
2021-06-21 09:40:25,1466.0,143187
2021-06-21 09:40:26,1466.0,143187
2021-06-21 09:40:27,1466.0,143187
2021-06-21 09:40:28,1466.0,143188
2021-06-21 09:40:29,1465.5,143313
2021-06-21 09:40:30,1466.0,143333
2021-06-21 09:40:31,1466.0,143333
2021-06-21 09:40:32,1466.0,143419
2021-06-21 09:40:33,1465.6,143464
2021-06-21 09:40:34,1465.6,143464
2021-06-21 09:40:36,1465.6,143476
2021-06-21 09:40:37,1465.6,143476
2021-06-21 09:40:38,1465.6,143487
2021-06-21 09:40:40,1465.5,143489
2021-06-21 09:40:40,1465.5,143489
2021-06-21 09:40:42,1465.5,143492
2021-06-21 09:40:43,1465.5,143517
2021-06-21 09:40:44,1465.5,143517
2021-06-21 09:40:45,1465.5,143517
2021-06-21 09:40:46,1465.5,143517
2021-06-21 09:40:48,1465.45,145326
2021-06-21 09:40:51,1465.6,145377
2021-06-21 09:40:55,1465.0,145652
2021-06-21 09:40:56,1465.55,145666
2021-06-21 09:40:57,1465.35,145676
2021-06-21 09:41:01,1465.4,145693
2021-06-21 09:41:02,1465.4,145693
2021-06-21 09:41:03,1465.0,145729
2021-06-21 09:41:04,1465.0,145729
2021-06-21 09:41:05,1465.0,145729
2021-06-21 09:41:06,1465.0,146440
2021-06-21 09:41:07,1465.0,146440
2021-06-21 09:41:08,1465.0,146440
2021-06-21 09:41:09,1465.0,146440
2021-06-21 09:41:10,1465.2,146441
2021-06-21 09:41:11,1465.2,146441
2021-06-21 09:41:11,1465.2,146441
2021-06-21 09:41:12,1465.0,146456
2021-06-21 09:41:13,1465.0,146556
2021-06-21 09:41:15,1464.7,146886
2021-06-21 09:41:16,1464.6,146920
2021-06-21 09:41:17,1464.6,146920
2021-06-21 09:41:18,1464.6,146920
2021-06-21 09:41:19,1463.75,146921
2021-06-21 09:41:20,1464.6,147021
2021-06-21 09:41:21,1464.6,147021
2021-06-21 09:41:22,1463.6,147175
2021-06-21 09:41:23,1464.6,147176
2021-06-21 09:41:24,1464.7,147206
2021-06-21 09:41:25,1464.7,147206
2021-06-21 09:41:26,1464.7,147206
2021-06-21 09:41:27,1465.0,147257
2021-06-21 09:41:28,1463.9,147262
2021-06-21 09:41:31,1465.9,149519
2021-06-21 09:41:32,1465.0,149667
2021-06-21 09:41:33,1464.95,149680
2021-06-21 09:41:34,1465.0,150080
2021-06-21 09:41:35,1465.0,150080
2021-06-21 09:41:36,1465.0,150080
2021-06-21 09:41:37,1465.0,150080
2021-06-21 09:41:39,1465.0,150080
2021-06-21 09:41:40,1465.65,151015
2021-06-21 09:41:41,1465.65,151015
2021-06-21 09:41:43,1465.65,151015
2021-06-21 09:41:43,1465.2,151065
2021-06-21 09:41:44,1465.2,151065
2021-06-21 09:41:45,1465.2,151065
2021-06-21 09:41:47,1465.2,151065
2021-06-21 09:41:48,1465.2,151065
2021-06-21 09:41:48,1465.2,151065
2021-06-21 09:41:49,1465.2,151065
2021-06-21 09:41:50,1465.2,151065
2021-06-21 09:41:51,1465.2,151065
2021-06-21 09:41:52,1466.0,151070
2021-06-21 09:41:56,1465.95,151140
2021-06-21 09:42:00,1466.05,151191
2021-06-21 09:42:03,1465.85,151690
2021-06-21 09:42:07,1465.85,151690
2021-06-21 09:42:11,1467.0,151761
2021-06-21 09:42:14,1467.2,152004
2021-06-21 09:42:17,1467.9,152089
2021-06-21 09:42:20,1468.0,152169
2021-06-21 09:42:23,1467.9,152881
2021-06-21 09:42:26,1467.9,153213
2021-06-21 09:42:30,1467.9,153213
2021-06-21 09:42:33,1467.25,155040
2021-06-21 09:42:37,1467.25,155048
2021-06-21 09:42:40,1467.25,155049
2021-06-21 09:42:44,1467.25,155049
2021-06-21 09:42:47,1467.25,155074
2021-06-21 09:42:51,1467.25,155163
2021-06-21 09:42:54,1468.2,155311
2021-06-21 09:42:57,1467.9,155416
2021-06-21 09:43:01,1468.7,156573
2021-06-21 09:43:04,1467.85,156915
2021-06-21 09:43:10,1467.05,156948
2021-06-21 09:43:13,1467.95,157059
2021-06-21 09:43:16,1468.6,157223
2021-06-21 09:43:19,1468.6,157242
2021-06-21 09:43:22,1468.6,157242
2021-06-21 09:43:25,1468.6,157242
2021-06-21 09:43:29,1468.5,157245
2021-06-21 09:43:33,1467.75,157376
2021-06-21 09:43:36,1468.45,157436
2021-06-21 09:43:40,1468.45,157541
2021-06-21 09:43:43,1468.45,157666
2021-06-21 09:43:49,1468.25,157864
2021-06-21 09:43:52,1468.25,157870
2021-06-21 09:43:55,1468.25,157991
2021-06-21 09:43:59,1467.45,157995
2021-06-21 09:44:02,1467.45,158173
2021-06-21 09:44:05,1468.15,158236
2021-06-21 09:44:08,1468.35,158237
2021-06-21 09:44:11,1467.2,158463
2021-06-21 09:44:14,1467.7,158688
2021-06-21 09:44:18,1467.7,158688
2021-06-21 09:44:21,1467.7,158758
2021-06-21 09:44:25,1467.7,158758
2021-06-21 09:44:28,1467.0,158788
2021-06-21 09:44:31,1467.0,158808
2021-06-21 09:44:35,1467.05,158846
2021-06-21 09:44:38,1467.05,158846
2021-06-21 09:44:41,1467.7,159130
2021-06-21 09:44:45,1467.05,159192
2021-06-21 09:44:48,1467.05,159192
2021-06-21 09:44:51,1466.95,159236
2021-06-21 09:44:54,1466.95,159236
2021-06-21 09:44:57,1467.5,159358
2021-06-21 09:45:00,1467.55,159363
2021-06-21 09:45:03,1466.9,159404
2021-06-21 09:45:06,1466.9,159404
2021-06-21 09:45:10,1466.55,159414
2021-06-21 09:45:13,1466.55,159414
2021-06-21 09:45:17,1466.55,160497
2021-06-21 09:45:28,1466.25,161217
2021-06-21 09:45:35,1466.0,161370
2021-06-21 09:45:38,1466.0,161370
2021-06-21 09:45:41,1466.0,161370
2021-06-21 09:45:44,1466.7,161570
2021-06-21 09:45:51,1467.0,161588
2021-06-21 09:45:54,1467.0,161588
2021-06-21 09:45:57,1466.1,161590
2021-06-21 09:46:00,1467.0,161793
2021-06-21 09:46:04,1466.35,161943
2021-06-21 09:46:08,1467.5,161944
2021-06-21 09:46:11,1467.0,161962
2021-06-21 09:46:14,1467.0,162063
2021-06-21 09:46:17,1467.0,162363
2021-06-21 09:46:21,1466.45,162469
2021-06-21 09:46:24,1467.4,162501
2021-06-21 09:46:27,1467.4,162533
2021-06-21 09:46:31,1467.5,162536
2021-06-21 09:46:34,1466.7,162643
2021-06-21 09:46:38,1467.55,162644
2021-06-21 09:46:41,1467.6,162694
2021-06-21 09:46:44,1467.6,162945
2021-06-21 09:46:48,1467.6,162945
2021-06-21 09:46:51,1467.1,164543
2021-06-21 09:46:57,1468.15,164604
2021-06-21 09:47:00,1467.6,164634
2021-06-21 09:47:03,1467.55,164780
2021-06-21 09:47:06,1467.55,164780
2021-06-21 09:47:09,1467.55,164883
2021-06-21 09:47:13,1468.15,165460
2021-06-21 09:47:16,1467.0,165463
2021-06-21 09:47:19,1467.85,165602
2021-06-21 09:47:23,1467.85,165602
2021-06-21 09:47:27,1466.5,165811
2021-06-21 09:47:30,1466.5,165811
2021-06-21 09:47:34,1466.85,166016
2021-06-21 09:47:37,1467.55,166018
2021-06-21 09:47:40,1467.55,166024
2021-06-21 09:47:43,1467.55,166024
2021-06-21 09:47:46,1466.75,166074
2021-06-21 09:47:50,1466.65,166169
2021-06-21 09:47:53,1466.75,166188
2021-06-21 09:47:56,1466.75,166188
2021-06-21 09:47:59,1466.7,166237
2021-06-21 09:48:02,1466.4,166528
2021-06-21 09:48:06,1466.2,166564
2021-06-21 09:48:09,1466.2,166564
2021-06-21 09:48:12,1466.2,166564
2021-06-21 09:48:16,1466.2,166564
2021-06-21 09:48:19,1466.2,166564
2021-06-21 09:48:22,1466.95,166714
2021-06-21 09:48:25,1466.9,167246
2021-06-21 09:48:29,1466.9,167246
2021-06-21 09:48:32,1467.0,167409
2021-06-21 09:48:35,1466.3,167444
2021-06-21 09:48:40,1466.3,167444
2021-06-21 09:48:43,1466.3,167474
2021-06-21 09:48:46,1466.3,167474
2021-06-21 09:48:49,1466.3,167474
2021-06-21 09:48:52,1466.3,167557
2021-06-21 09:48:55,1466.3,167557
2021-06-21 09:48:58,1466.3,167557
2021-06-21 09:49:01,1466.3,167557
2021-06-21 09:49:04,1466.1,167794
2021-06-21 09:49:08,1467.0,167844
2021-06-21 09:49:11,1467.0,167844
2021-06-21 09:49:14,1467.0,168250
2021-06-21 09:49:18,1466.3,168255
2021-06-21 09:49:21,1467.0,168275
2021-06-21 09:49:24,1467.0,168275
2021-06-21 09:49:27,1467.0,168290
2021-06-21 09:49:30,1466.35,168441
2021-06-21 09:49:34,1466.0,168566
2021-06-21 09:49:37,1466.0,168566
2021-06-21 09:49:40,1466.0,168566
2021-06-21 09:49:43,1467.0,168567
2021-06-21 09:49:46,1467.0,168567
2021-06-21 09:49:49,1467.0,168567
2021-06-21 09:49:56,1466.0,168717
2021-06-21 09:49:59,1466.0,168717
2021-06-21 09:50:02,1466.0,168750
2021-06-21 09:50:05,1466.85,168836
2021-06-21 09:50:08,1466.0,168877
2021-06-21 09:50:11,1466.8,168917
2021-06-21 09:50:15,1466.8,168917
2021-06-21 09:50:18,1466.75,168922
2021-06-21 09:50:21,1465.65,169224
2021-06-21 09:50:24,1466.75,169251
2021-06-21 09:50:28,1465.8,169369
2021-06-21 09:50:31,1465.25,169598
2021-06-21 09:50:35,1465.0,169870
2021-06-21 09:50:37,1465.0,169888
2021-06-21 09:50:40,1463.95,170922
2021-06-21 09:50:43,1464.0,170932
2021-06-21 09:50:47,1464.0,170942
2021-06-21 09:50:50,1464.0,171132
2021-06-21 09:50:53,1464.0,171132
2021-06-21 09:50:56,1463.0,173132
2021-06-21 09:50:59,1463.25,173246
2021-06-21 09:51:02,1463.5,173581
2021-06-21 09:51:05,1463.1,173617
2021-06-21 09:51:08,1463.1,173720
2021-06-21 09:51:11,1463.95,174112
2021-06-21 09:51:14,1463.0,174152
2021-06-21 09:51:17,1463.0,174159
2021-06-21 09:51:20,1463.0,174309
2021-06-21 09:51:23,1463.8,174320
2021-06-21 09:51:26,1463.55,174408
2021-06-21 09:51:29,1463.55,174408
2021-06-21 09:51:33,1462.95,174485
2021-06-21 09:51:36,1462.25,174621
2021-06-21 09:51:39,1462.25,174621
2021-06-21 09:51:43,1462.2,174741
2021-06-21 09:51:46,1461.75,174951
2021-06-21 09:51:49,1461.6,175450
2021-06-21 09:51:53,1460.55,175555
2021-06-21 09:51:55,1460.55,175755
2021-06-21 09:52:02,1459.7,176406
2021-06-21 09:52:05,1459.2,176575
2021-06-21 09:52:09,1459.7,177301
2021-06-21 09:52:12,1459.55,177628
2021-06-21 09:52:15,1461.8,177945
2021-06-21 09:52:19,1462.15,178049
2021-06-21 09:52:23,1462.15,178049
2021-06-21 09:52:33,1461.15,178109
2021-06-21 09:52:36,1461.15,178109
2021-06-21 09:52:39,1462.2,178335
2021-06-21 09:52:42,1462.2,178336
2021-06-21 09:52:45,1462.3,178459
2021-06-21 09:52:49,1462.95,178959
2021-06-21 09:52:52,1462.5,178960
2021-06-21 09:52:55,1463.0,179473
2021-06-21 09:52:58,1462.95,179574
2021-06-21 09:53:02,1461.9,179674
2021-06-21 09:53:05,1461.95,179710
2021-06-21 09:53:08,1462.85,179760
2021-06-21 09:53:10,1462.25,180085
2021-06-21 09:53:13,1462.25,180085
2021-06-21 09:53:16,1463.0,180218
2021-06-21 09:53:19,1462.35,180219
2021-06-21 09:53:23,1462.35,180219
2021-06-21 09:53:26,1462.9,180228
2021-06-21 09:53:28,1462.0,180328
2021-06-21 09:53:31,1462.0,180328
2021-06-21 09:53:34,1461.8,180514
2021-06-21 09:53:37,1462.45,180524
2021-06-21 09:53:41,1461.7,180529
2021-06-21 09:53:44,1461.7,180529
2021-06-21 09:53:47,1461.7,180529
2021-06-21 09:53:49,1462.7,180599
2021-06-21 09:53:52,1461.45,180749
2021-06-21 09:53:55,1462.55,180773
2021-06-21 09:53:57,1462.55,180773
2021-06-21 09:53:59,1462.5,180798
2021-06-21 09:54:02,1462.5,180798
2021-06-21 09:54:04,1461.45,180834
2021-06-21 09:54:07,1462.0,180877
2021-06-21 09:54:10,1462.0,180877
2021-06-21 09:54:12,1462.0,180887
2021-06-21 09:54:16,1460.05,183182
2021-06-21 09:54:19,1460.1,183579
2021-06-21 09:54:22,1460.1,183579
2021-06-21 09:54:25,1459.05,183879
2021-06-21 09:54:27,1459.8,183970
2021-06-21 09:54:30,1460.0,184703
2021-06-21 09:54:33,1459.15,184738
2021-06-21 09:54:36,1459.8,184794
2021-06-21 09:54:39,1459.85,184909
2021-06-21 09:54:42,1460.35,185080
2021-06-21 09:54:45,1460.65,185346
2021-06-21 09:54:48,1460.65,185346
2021-06-21 09:54:51,1460.0,185350
2021-06-21 09:54:54,1460.75,185352
2021-06-21 09:54:57,1460.55,185527
2021-06-21 09:55:00,1460.55,185527
2021-06-21 09:55:05,1458.9,185714
2021-06-21 09:55:08,1459.15,185718
2021-06-21 09:55:11,1459.9,185723
2021-06-21 09:55:17,1459.9,185723
2021-06-21 09:55:20,1459.2,185943
2021-06-21 09:55:23,1459.9,185958
2021-06-21 09:55:26,1459.9,185958
2021-06-21 09:55:30,1459.9,185958
2021-06-21 09:55:37,1459.8,186572
2021-06-21 09:55:40,1459.1,186632
2021-06-21 09:55:44,1459.1,186652
2021-06-21 09:55:47,1459.1,186652
2021-06-21 09:55:50,1459.15,186654
2021-06-21 09:55:53,1459.1,186684
2021-06-21 09:55:56,1459.75,186754
2021-06-21 09:55:59,1461.0,187674
2021-06-21 09:56:02,1461.2,187922
2021-06-21 09:56:05,1461.0,187958
2021-06-21 09:56:08,1461.25,187960
2021-06-21 09:56:11,1461.25,187960
2021-06-21 09:56:13,1461.95,187962
2021-06-21 09:56:15,1461.95,187962
2021-06-21 09:56:18,1461.95,187962
2021-06-21 09:56:20,1461.8,188291
2021-06-21 09:56:23,1461.8,188291
2021-06-21 09:56:26,1461.5,188341
2021-06-21 09:56:29,1461.5,188341
2021-06-21 09:56:32,1461.5,188346
2021-06-21 09:56:38,1460.6,188510
2021-06-21 09:56:41,1461.9,188610
2021-06-21 09:56:44,1461.85,188613
2021-06-21 09:56:48,1461.3,188652
2021-06-21 09:56:51,1462.2,188656
2021-06-21 09:56:54,1462.2,188656
2021-06-21 09:56:55,1462.2,188656
2021-06-21 09:56:56,1462.2,188656
2021-06-21 09:56:57,1462.2,188659
2021-06-21 09:56:58,1462.2,188659
2021-06-21 09:56:59,1462.2,188659
2021-06-21 09:57:00,1462.2,188659
2021-06-21 09:57:01,1461.5,188804
2021-06-21 09:57:02,1461.5,188804
2021-06-21 09:57:03,1461.55,188840
2021-06-21 09:57:04,1461.55,188840
2021-06-21 09:57:05,1461.55,188840
2021-06-21 09:57:06,1462.2,188850
2021-06-21 09:57:07,1462.2,188850
2021-06-21 09:57:07,1462.2,188850
2021-06-21 09:57:08,1462.2,188850
2021-06-21 09:57:10,1462.2,188850
2021-06-21 09:57:13,1462.2,188851
2021-06-21 09:57:14,1462.2,188851
2021-06-21 09:57:14,1461.55,188856
2021-06-21 09:57:15,1461.55,188856
2021-06-21 09:57:17,1462.4,189027
2021-06-21 09:57:19,1462.4,189027
2021-06-21 09:57:20,1462.4,189027
2021-06-21 09:57:21,1462.4,189027
2021-06-21 09:57:22,1462.4,189027
2021-06-21 09:57:23,1462.4,189027
2021-06-21 09:57:24,1462.4,189027
2021-06-21 09:57:25,1462.4,189027
2021-06-21 09:57:26,1462.4,189027
2021-06-21 09:57:28,1462.4,189102
2021-06-21 09:57:29,1462.4,189103
2021-06-21 09:57:30,1462.4,189103
2021-06-21 09:57:31,1461.55,189252
2021-06-21 09:57:32,1461.55,189252
2021-06-21 09:57:33,1461.55,189287
2021-06-21 09:57:34,1461.6,189307
2021-06-21 09:57:35,1461.6,189307
2021-06-21 09:57:36,1461.6,189307
2021-06-21 09:57:37,1461.6,189307
2021-06-21 09:57:38,1461.6,189307
2021-06-21 09:57:39,1461.6,189307
2021-06-21 09:57:40,1461.6,189307
2021-06-21 09:57:41,1461.6,189307
2021-06-21 09:57:42,1461.6,189307
2021-06-21 09:57:43,1461.6,189307
2021-06-21 09:57:44,1461.6,189308
2021-06-21 09:57:46,1462.4,189608
2021-06-21 09:57:48,1462.4,189608
2021-06-21 09:57:48,1462.4,189608
2021-06-21 09:57:49,1462.4,189608
2021-06-21 09:57:50,1461.65,189758
2021-06-21 09:57:51,1461.65,189758
2021-06-21 09:57:53,1461.65,189758
2021-06-21 09:57:54,1461.65,189758
2021-06-21 09:57:55,1462.6,189760
2021-06-21 09:57:56,1462.6,189760
2021-06-21 09:57:57,1462.6,189760
2021-06-21 09:57:58,1462.6,189760
2021-06-21 09:57:59,1462.6,189760
2021-06-21 09:58:00,1462.6,189760
2021-06-21 09:58:01,1462.6,189760
2021-06-21 09:58:02,1461.45,189969
2021-06-21 09:58:03,1461.1,190018
2021-06-21 09:58:04,1461.25,190049
2021-06-21 09:58:05,1461.25,190059
2021-06-21 09:58:06,1461.25,190059
2021-06-21 09:58:07,1461.25,190059
2021-06-21 09:58:08,1461.25,190059
2021-06-21 09:58:09,1461.25,190059
2021-06-21 09:58:10,1461.25,190060
2021-06-21 09:58:11,1461.25,190060
2021-06-21 09:58:12,1461.25,190060
2021-06-21 09:58:13,1461.25,190060
2021-06-21 09:58:14,1461.25,190110
2021-06-21 09:58:15,1461.25,190120
2021-06-21 09:58:16,1461.0,190225
2021-06-21 09:58:18,1461.0,190227
2021-06-21 09:58:19,1461.0,190227
2021-06-21 09:58:20,1461.05,190228
2021-06-21 09:58:21,1461.05,190228
2021-06-21 09:58:22,1461.05,190228
2021-06-21 09:58:23,1461.05,190228
2021-06-21 09:58:24,1461.0,190238
2021-06-21 09:58:25,1461.0,190238
2021-06-21 09:58:26,1461.0,190291
2021-06-21 09:58:27,1461.0,190291
2021-06-21 09:58:29,1461.0,190291
2021-06-21 09:58:30,1461.0,190291
2021-06-21 09:58:31,1461.0,190291
2021-06-21 09:58:33,1460.5,190307
2021-06-21 09:58:34,1460.5,190330
2021-06-21 09:58:35,1460.5,190330
2021-06-21 09:58:36,1460.0,190578
2021-06-21 09:58:37,1459.8,190584
2021-06-21 09:58:38,1459.5,190609
2021-06-21 09:58:39,1459.5,190609
2021-06-21 09:58:40,1459.3,190703
2021-06-21 09:58:41,1459.3,190763
2021-06-21 09:58:42,1459.3,190763
2021-06-21 09:58:43,1459.3,190763
2021-06-21 09:58:44,1459.3,190763
2021-06-21 09:58:46,1459.3,190763
2021-06-21 09:58:47,1460.45,190766
2021-06-21 09:58:48,1460.45,190766
2021-06-21 09:58:49,1459.6,190768
2021-06-21 09:58:50,1459.6,190768
2021-06-21 09:58:51,1459.6,190768
2021-06-21 09:58:52,1459.95,190772
2021-06-21 09:58:53,1459.95,190772
2021-06-21 09:58:55,1459.95,190772
2021-06-21 09:58:56,1459.1,190949
2021-06-21 09:58:57,1459.1,190949
2021-06-21 09:58:58,1459.1,190949
2021-06-21 09:58:59,1459.2,191034
2021-06-21 09:59:00,1459.2,191034
2021-06-21 09:59:01,1459.2,191034
2021-06-21 09:59:02,1459.95,191044
2021-06-21 09:59:03,1459.2,191080
2021-06-21 09:59:04,1459.2,191080
2021-06-21 09:59:05,1459.2,191080
2021-06-21 09:59:06,1459.2,191080
2021-06-21 09:59:07,1459.2,191080
2021-06-21 09:59:08,1459.2,191080
2021-06-21 09:59:09,1459.2,191080
2021-06-21 09:59:10,1459.95,191090
2021-06-21 09:59:11,1459.95,191090
2021-06-21 09:59:14,1459.95,191110
2021-06-21 09:59:15,1459.95,191110
2021-06-21 09:59:16,1459.95,191110
2021-06-21 09:59:17,1459.95,191110
2021-06-21 09:59:18,1459.2,192630
2021-06-21 09:59:19,1459.2,192630
2021-06-21 09:59:20,1459.2,192630
2021-06-21 09:59:21,1459.2,192630
2021-06-21 09:59:22,1459.1,192768
2021-06-21 09:59:23,1459.1,192768
2021-06-21 09:59:24,1459.1,192768
2021-06-21 09:59:25,1459.1,192768
2021-06-21 09:59:26,1459.1,192768
2021-06-21 09:59:27,1459.1,192768
2021-06-21 09:59:29,1459.1,192768
2021-06-21 09:59:30,1459.1,192768
2021-06-21 09:59:31,1459.1,192768
2021-06-21 09:59:32,1459.95,192773
2021-06-21 09:59:34,1459.95,192810
2021-06-21 09:59:35,1459.95,192810
2021-06-21 09:59:36,1459.2,192832
2021-06-21 09:59:37,1459.2,192832
2021-06-21 09:59:38,1459.2,192832
2021-06-21 09:59:39,1459.0,192982
2021-06-21 09:59:40,1459.0,192982
2021-06-21 09:59:41,1459.0,192982
2021-06-21 09:59:42,1458.9,194352
2021-06-21 09:59:43,1458.9,194352
2021-06-21 09:59:44,1458.0,194708
2021-06-21 09:59:45,1458.85,194718
2021-06-21 09:59:46,1458.85,194818
2021-06-21 09:59:47,1458.85,194818
2021-06-21 09:59:48,1458.85,194818
2021-06-21 09:59:49,1458.8,194868
2021-06-21 09:59:50,1458.8,194868
2021-06-21 09:59:51,1458.8,194875
2021-06-21 09:59:53,1458.8,194885
2021-06-21 09:59:54,1458.2,194968
2021-06-21 09:59:55,1459.1,194978
2021-06-21 09:59:56,1459.1,194978
2021-06-21 09:59:57,1459.1,194978
2021-06-21 09:59:59,1458.8,194987
2021-06-21 10:00:01,1459.15,194995
2021-06-21 10:00:02,1459.15,194995
2021-06-21 10:00:03,1458.05,195100
2021-06-21 10:00:04,1458.05,195100
2021-06-21 10:00:05,1458.4,195101
2021-06-21 10:00:06,1458.4,195101
2021-06-21 10:00:07,1458.4,195101
2021-06-21 10:00:08,1458.4,195136
2021-06-21 10:00:09,1458.4,195136
2021-06-21 10:00:10,1458.1,195145
2021-06-21 10:00:11,1458.1,195145
2021-06-21 10:00:12,1458.1,195145
2021-06-21 10:00:13,1458.1,195145
2021-06-21 10:00:14,1458.4,195147
2021-06-21 10:00:15,1458.4,195152
2021-06-21 10:00:16,1458.4,195152
2021-06-21 10:00:17,1458.4,195152
2021-06-21 10:00:19,1458.4,195152
2021-06-21 10:00:19,1458.4,195152
2021-06-21 10:00:20,1458.0,195784
2021-06-21 10:00:21,1457.6,195836
2021-06-21 10:00:22,1457.6,196003
2021-06-21 10:00:23,1457.6,196003
2021-06-21 10:00:24,1457.6,196003
2021-06-21 10:00:25,1458.25,196020
2021-06-21 10:00:26,1458.2,196022
2021-06-21 10:00:27,1458.3,196023
2021-06-21 10:00:28,1458.3,196023
2021-06-21 10:00:29,1458.3,196023
2021-06-21 10:00:30,1458.3,196023
2021-06-21 10:00:31,1458.3,196023
2021-06-21 10:00:32,1457.6,196609
2021-06-21 10:00:33,1457.55,196617
2021-06-21 10:00:34,1458.05,196653
2021-06-21 10:00:36,1458.05,196653
2021-06-21 10:00:37,1458.05,196653
2021-06-21 10:00:38,1458.05,196653
2021-06-21 10:00:40,1457.55,196663
2021-06-21 10:00:41,1457.55,196663
2021-06-21 10:00:42,1458.0,196681
2021-06-21 10:00:42,1458.0,196816
2021-06-21 10:00:43,1458.0,196816
2021-06-21 10:00:44,1458.0,196816
2021-06-21 10:00:45,1458.0,196816
2021-06-21 10:00:46,1458.0,196816
2021-06-21 10:00:47,1458.0,196816
2021-06-21 10:00:48,1458.0,196816
2021-06-21 10:00:49,1458.0,196816
2021-06-21 10:00:50,1457.2,196899
2021-06-21 10:00:51,1457.95,196949
2021-06-21 10:00:52,1457.95,196974
2021-06-21 10:00:53,1457.95,196974
2021-06-21 10:00:54,1457.95,196974
2021-06-21 10:00:55,1457.9,196977
2021-06-21 10:00:56,1457.9,196982
2021-06-21 10:00:57,1457.1,197042
2021-06-21 10:00:58,1457.1,197042
2021-06-21 10:00:59,1457.1,197042
2021-06-21 10:01:00,1457.1,197138
2021-06-21 10:01:01,1458.0,197225
2021-06-21 10:01:02,1458.1,197240
2021-06-21 10:01:03,1457.95,197255
2021-06-21 10:01:04,1457.95,197255
2021-06-21 10:01:05,1457.95,197277
2021-06-21 10:01:06,1457.95,197277
2021-06-21 10:01:07,1457.95,197277
2021-06-21 10:01:08,1457.15,197478
2021-06-21 10:01:09,1457.15,197478
2021-06-21 10:01:10,1457.15,197478
2021-06-21 10:01:11,1458.1,197479
2021-06-21 10:01:12,1458.3,198286
2021-06-21 10:01:13,1458.5,198301
2021-06-21 10:01:14,1458.5,198301
2021-06-21 10:01:15,1459.3,198376
2021-06-21 10:01:16,1459.3,198376
2021-06-21 10:01:17,1459.3,198376
2021-06-21 10:01:19,1459.3,198376
2021-06-21 10:01:19,1458.85,198377
2021-06-21 10:01:20,1458.85,198377
2021-06-21 10:01:22,1459.0,198427
2021-06-21 10:01:23,1459.0,198427
2021-06-21 10:01:25,1460.05,198477
2021-06-21 10:01:25,1460.05,198477
2021-06-21 10:01:27,1460.05,198477
2021-06-21 10:01:28,1460.0,198498
2021-06-21 10:01:29,1460.0,198498
2021-06-21 10:01:30,1460.0,198558
2021-06-21 10:01:31,1460.0,198558
2021-06-21 10:01:32,1460.0,198558
2021-06-21 10:01:33,1460.0,198663
2021-06-21 10:01:34,1460.0,198663
2021-06-21 10:01:35,1460.0,198663
2021-06-21 10:01:36,1460.0,198663
2021-06-21 10:01:37,1460.0,198663
2021-06-21 10:01:39,1460.0,198704
2021-06-21 10:01:39,1460.0,198704
2021-06-21 10:01:40,1460.0,198704
2021-06-21 10:01:42,1460.0,198704
2021-06-21 10:01:43,1460.0,198704
2021-06-21 10:01:44,1460.0,198704
2021-06-21 10:01:45,1460.0,198704
2021-06-21 10:01:46,1460.0,198721
2021-06-21 10:01:47,1460.0,198721
2021-06-21 10:01:48,1460.0,198721
2021-06-21 10:01:49,1460.0,198721
2021-06-21 10:01:50,1460.0,198723
2021-06-21 10:01:51,1460.0,198723
2021-06-21 10:01:52,1460.0,198723
2021-06-21 10:01:53,1459.3,198843
2021-06-21 10:01:54,1459.0,198993
2021-06-21 10:01:57,1460.0,199017
2021-06-21 10:01:59,1460.0,199045
2021-06-21 10:02:05,1459.95,199132
2021-06-21 10:02:08,1460.0,199139
2021-06-21 10:02:12,1459.85,199141
2021-06-21 10:02:15,1459.0,199205
2021-06-21 10:02:18,1459.55,199408
2021-06-21 10:02:21,1458.95,199435
2021-06-21 10:02:24,1458.95,199435
2021-06-21 10:02:27,1459.55,199478
2021-06-21 10:02:30,1459.0,199516
2021-06-21 10:02:33,1458.95,199527
2021-06-21 10:02:37,1458.4,199654
2021-06-21 10:02:39,1458.3,199692
2021-06-21 10:02:42,1458.3,199692
2021-06-21 10:02:45,1458.3,199692
2021-06-21 10:02:47,1458.3,199692
2021-06-21 10:02:50,1458.2,199717
2021-06-21 10:02:53,1458.0,199819
2021-06-21 10:02:56,1457.4,199969
2021-06-21 10:02:58,1457.4,199969
2021-06-21 10:03:02,1459.0,200469
2021-06-21 10:03:05,1458.45,201005
2021-06-21 10:03:07,1458.45,201005
2021-06-21 10:03:10,1458.6,201146
2021-06-21 10:03:13,1458.6,201168
2021-06-21 10:03:16,1458.9,201203
2021-06-21 10:03:18,1457.25,201353
2021-06-21 10:03:21,1458.55,201363
2021-06-21 10:03:23,1458.45,201476
2021-06-21 10:03:26,1458.45,201476
2021-06-21 10:03:29,1458.45,201478
2021-06-21 10:03:31,1457.5,201629
2021-06-21 10:03:34,1457.35,201746
2021-06-21 10:03:37,1458.25,201796
2021-06-21 10:03:40,1458.5,201871
2021-06-21 10:03:42,1458.7,201872
2021-06-21 10:03:45,1458.7,201872
2021-06-21 10:03:48,1458.7,201872
2021-06-21 10:03:51,1458.7,201872
2021-06-21 10:03:53,1458.8,202160
2021-06-21 10:03:56,1458.8,202160
2021-06-21 10:03:59,1458.45,202260
2021-06-21 10:04:02,1459.4,202302
2021-06-21 10:04:05,1458.75,202340
2021-06-21 10:04:08,1459.0,202392
2021-06-21 10:04:13,1459.0,202392
2021-06-21 10:04:16,1458.5,202463
2021-06-21 10:04:18,1458.3,202612
2021-06-21 10:04:25,1459.0,202712
2021-06-21 10:04:28,1459.0,202922
2021-06-21 10:04:31,1459.5,202952
2021-06-21 10:04:33,1459.05,202987
2021-06-21 10:04:36,1459.0,203188
2021-06-21 10:04:39,1459.1,203189
2021-06-21 10:04:42,1459.1,203193
2021-06-21 10:04:45,1459.1,203193
2021-06-21 10:04:48,1459.15,203287
2021-06-21 10:04:51,1459.75,203288
2021-06-21 10:04:54,1459.75,203288
2021-06-21 10:04:57,1459.75,203288
2021-06-21 10:04:59,1459.8,203537
2021-06-21 10:05:02,1459.8,203537
2021-06-21 10:05:05,1459.0,203594
2021-06-21 10:05:07,1459.0,203594
2021-06-21 10:05:10,1460.0,205026
2021-06-21 10:05:12,1460.0,205098
2021-06-21 10:05:15,1460.05,205209
2021-06-21 10:05:20,1460.35,205636
2021-06-21 10:05:24,1460.35,205636
2021-06-21 10:05:27,1461.0,205733
2021-06-21 10:05:30,1461.0,205733
2021-06-21 10:05:32,1460.35,205747
2021-06-21 10:05:35,1460.95,205793
2021-06-21 10:05:37,1460.95,205794
2021-06-21 10:05:40,1460.95,205795
2021-06-21 10:05:43,1460.35,205940
2021-06-21 10:05:46,1460.45,205998
2021-06-21 10:05:49,1461.35,205999
2021-06-21 10:05:51,1461.55,206059
2021-06-21 10:05:54,1461.7,206260
2021-06-21 10:05:57,1460.85,206262
2021-06-21 10:06:00,1460.85,206262
2021-06-21 10:06:03,1460.9,206298
2021-06-21 10:06:05,1460.9,206298
2021-06-21 10:06:08,1460.9,206298
2021-06-21 10:06:10,1460.9,206298
2021-06-21 10:06:13,1461.85,206396
2021-06-21 10:06:16,1461.05,206644
2021-06-21 10:06:19,1460.1,207041
2021-06-21 10:06:22,1460.1,207066
2021-06-21 10:06:27,1460.15,207173
2021-06-21 10:06:30,1461.0,207209
2021-06-21 10:06:34,1460.2,207427
2021-06-21 10:06:37,1460.2,207427
2021-06-21 10:06:39,1460.2,207427
2021-06-21 10:06:42,1460.2,207427
2021-06-21 10:06:45,1460.5,207448
2021-06-21 10:06:47,1461.0,207462
2021-06-21 10:06:50,1461.0,207462
2021-06-21 10:06:53,1461.0,207462
2021-06-21 10:06:55,1461.0,207487
2021-06-21 10:06:58,1461.0,207487
2021-06-21 10:07:01,1461.0,207487
2021-06-21 10:07:04,1460.45,207618
2021-06-21 10:07:06,1460.45,207649
2021-06-21 10:07:09,1460.1,207683
2021-06-21 10:07:11,1461.0,207959
2021-06-21 10:07:14,1461.0,207959
2021-06-21 10:07:16,1460.9,207991
2021-06-21 10:07:18,1460.55,208469
2021-06-21 10:07:21,1460.55,208569
2021-06-21 10:07:23,1460.1,208628
2021-06-21 10:07:25,1460.7,208651
2021-06-21 10:07:30,1461.25,208851
2021-06-21 10:07:33,1460.65,208886
2021-06-21 10:07:36,1460.65,208886
2021-06-21 10:07:39,1460.65,208892
2021-06-21 10:07:42,1461.15,208904
2021-06-21 10:07:45,1461.5,209553
2021-06-21 10:07:47,1461.5,209553
2021-06-21 10:07:49,1460.8,209704
2021-06-21 10:07:52,1460.8,209704
2021-06-21 10:07:55,1460.8,209705
2021-06-21 10:07:58,1460.8,209706
2021-06-21 10:08:01,1460.6,209856
2021-06-21 10:08:03,1460.35,209893
2021-06-21 10:08:06,1460.35,209893
2021-06-21 10:08:09,1460.35,209893
2021-06-21 10:08:11,1460.35,209893
2021-06-21 10:08:14,1461.45,210093
2021-06-21 10:08:18,1460.5,210096
2021-06-21 10:08:21,1461.45,210111
2021-06-21 10:08:23,1461.45,210112
2021-06-21 10:08:26,1461.45,210216
2021-06-21 10:08:29,1461.45,210216
2021-06-21 10:08:31,1461.4,210227
2021-06-21 10:08:33,1461.2,210263
2021-06-21 10:08:36,1461.2,210463
2021-06-21 10:08:39,1461.2,210463
2021-06-21 10:08:42,1461.8,211766
2021-06-21 10:08:46,1463.1,212069
2021-06-21 10:08:49,1462.95,212070
2021-06-21 10:08:51,1463.0,212082
2021-06-21 10:08:54,1462.3,212088
2021-06-21 10:08:57,1462.3,212088
2021-06-21 10:09:02,1462.2,212245
2021-06-21 10:09:05,1461.75,212605
2021-06-21 10:09:08,1462.2,212732
2021-06-21 10:09:11,1462.2,212732
2021-06-21 10:09:14,1461.5,212750
2021-06-21 10:09:16,1462.2,212854
2021-06-21 10:09:19,1461.75,212858
2021-06-21 10:09:22,1462.0,213008
2021-06-21 10:09:25,1462.0,213302
2021-06-21 10:09:27,1462.0,213302
2021-06-21 10:09:30,1462.0,213302
2021-06-21 10:09:33,1462.0,213337
2021-06-21 10:09:36,1462.4,213537
2021-06-21 10:09:39,1462.4,213540
2021-06-21 10:09:41,1462.4,213540
2021-06-21 10:09:44,1462.4,213621
2021-06-21 10:09:46,1462.0,213622
2021-06-21 10:09:52,1462.4,213632
2021-06-21 10:09:55,1462.4,214136
2021-06-21 10:09:58,1462.4,214136
2021-06-21 10:10:01,1462.4,214136
2021-06-21 10:10:07,1462.3,214184
2021-06-21 10:10:10,1462.3,214184
2021-06-21 10:10:12,1462.0,214301
2021-06-21 10:10:18,1462.3,214303
2021-06-21 10:10:22,1462.3,214385
2021-06-21 10:10:25,1462.25,214451
2021-06-21 10:10:28,1462.25,214461
2021-06-21 10:10:31,1462.25,214461
2021-06-21 10:10:33,1462.25,214622
2021-06-21 10:10:36,1461.6,214925
2021-06-21 10:10:38,1461.5,215030
2021-06-21 10:10:41,1462.3,215150
2021-06-21 10:10:44,1462.4,215179
2021-06-21 10:10:47,1462.4,215179
2021-06-21 10:10:50,1461.7,215204
2021-06-21 10:10:52,1462.0,215238
2021-06-21 10:10:54,1461.45,215373
2021-06-21 10:10:57,1461.45,215373
2021-06-21 10:11:00,1462.4,215473
2021-06-21 10:11:02,1462.4,215473
2021-06-21 10:11:05,1462.0,215586
2021-06-21 10:11:07,1462.0,215704
2021-06-21 10:11:10,1462.4,215739
2021-06-21 10:11:12,1462.4,215739
2021-06-21 10:11:15,1462.0,215889
2021-06-21 10:11:18,1462.0,215889
2021-06-21 10:11:20,1462.0,215889
2021-06-21 10:11:22,1462.4,216889
2021-06-21 10:11:24,1462.4,216889
2021-06-21 10:11:27,1462.4,216889
2021-06-21 10:11:30,1462.4,216889
2021-06-21 10:11:32,1462.4,216889
2021-06-21 10:11:35,1462.0,216925
2021-06-21 10:11:37,1462.0,216925
2021-06-21 10:11:40,1462.0,216925
2021-06-21 10:11:42,1462.35,216975
2021-06-21 10:11:45,1462.05,217082
2021-06-21 10:11:47,1462.3,217092
2021-06-21 10:11:50,1462.3,217092
2021-06-21 10:11:52,1462.3,217092
2021-06-21 10:11:54,1462.3,217092
2021-06-21 10:11:57,1462.25,217112
2021-06-21 10:11:59,1462.0,217247
2021-06-21 10:12:01,1462.3,217313
2021-06-21 10:12:04,1462.0,217349
2021-06-21 10:12:07,1462.3,217364
2021-06-21 10:12:09,1462.3,217564
2021-06-21 10:12:12,1462.3,217568
2021-06-21 10:12:15,1462.05,217579
2021-06-21 10:12:18,1462.0,217729
2021-06-21 10:12:21,1462.0,217729
2021-06-21 10:12:24,1462.4,218040
2021-06-21 10:12:26,1462.4,218040
2021-06-21 10:12:29,1462.3,218047
2021-06-21 10:12:32,1462.3,218059
2021-06-21 10:12:35,1462.3,218094
2021-06-21 10:12:37,1462.3,218094
2021-06-21 10:12:39,1462.3,218094
2021-06-21 10:12:41,1462.3,218094
2021-06-21 10:12:44,1462.45,218171
2021-06-21 10:12:46,1462.45,218171
2021-06-21 10:12:48,1461.8,218471
2021-06-21 10:12:51,1462.45,218559
2021-06-21 10:12:54,1462.45,218559
2021-06-21 10:12:56,1462.45,218559
2021-06-21 10:12:59,1462.45,218559
2021-06-21 10:13:02,1462.45,218559
2021-06-21 10:13:04,1462.45,218616
2021-06-21 10:13:06,1462.45,218836
2021-06-21 10:13:09,1462.45,218900
2021-06-21 10:13:12,1462.85,219072
2021-06-21 10:13:17,1462.9,219152
2021-06-21 10:13:19,1462.9,219171
2021-06-21 10:13:22,1462.65,219196
2021-06-21 10:13:25,1462.45,219749
2021-06-21 10:13:27,1462.9,219754
2021-06-21 10:13:30,1462.45,219783
2021-06-21 10:13:32,1462.45,219783
2021-06-21 10:13:35,1462.45,220397
2021-06-21 10:13:38,1462.9,220505
2021-06-21 10:13:43,1462.45,220668
2021-06-21 10:13:46,1462.45,220668
2021-06-21 10:13:48,1462.4,220688
2021-06-21 10:13:51,1462.4,220688
2021-06-21 10:13:53,1462.4,220688
2021-06-21 10:13:56,1461.55,220838
2021-06-21 10:13:58,1462.4,220856
2021-06-21 10:14:01,1462.4,220856
2021-06-21 10:14:04,1462.45,220907
2021-06-21 10:14:07,1463.0,221356
2021-06-21 10:14:10,1463.0,221356
2021-06-21 10:14:12,1463.0,221356
2021-06-21 10:14:14,1462.2,221506
2021-06-21 10:14:17,1462.2,221506
2021-06-21 10:14:19,1463.0,221516
2021-06-21 10:14:25,1463.05,221522
2021-06-21 10:14:27,1462.4,221537
2021-06-21 10:14:29,1463.0,221562
2021-06-21 10:14:31,1461.95,221713
2021-06-21 10:14:34,1462.4,221720
2021-06-21 10:14:36,1462.4,221720
2021-06-21 10:14:39,1462.4,221720
2021-06-21 10:14:41,1462.4,221730
2021-06-21 10:14:43,1462.4,221730
2021-06-21 10:14:45,1462.4,221733
2021-06-21 10:14:48,1461.95,221781
2021-06-21 10:14:50,1461.95,221781
2021-06-21 10:14:53,1461.75,221793
2021-06-21 10:14:56,1461.85,221977
2021-06-21 10:14:58,1461.85,221977
2021-06-21 10:15:01,1461.85,221977
2021-06-21 10:15:04,1462.35,221995
2021-06-21 10:15:07,1462.3,221996
2021-06-21 10:15:09,1462.3,221996
2021-06-21 10:15:12,1462.3,222046
2021-06-21 10:15:15,1462.0,222157
2021-06-21 10:15:20,1462.0,222163
2021-06-21 10:15:23,1462.0,222163
2021-06-21 10:15:25,1462.0,222163
2021-06-21 10:15:27,1462.0,222183
2021-06-21 10:15:30,1462.3,222683
2021-06-21 10:15:35,1461.5,222979
2021-06-21 10:15:38,1461.5,222979
2021-06-21 10:15:40,1461.5,222979
2021-06-21 10:15:43,1461.5,222979
2021-06-21 10:15:47,1462.45,222999
2021-06-21 10:15:49,1462.45,222999
2021-06-21 10:15:51,1462.45,222999
2021-06-21 10:15:54,1462.45,222999
2021-06-21 10:15:56,1462.25,223024
2021-06-21 10:15:58,1462.25,223024
2021-06-21 10:16:01,1461.55,223174
2021-06-21 10:16:03,1461.55,223237
2021-06-21 10:16:06,1461.55,223237
2021-06-21 10:16:08,1461.55,223237
2021-06-21 10:16:10,1461.55,223237
2021-06-21 10:16:12,1461.55,223237
2021-06-21 10:16:15,1462.25,223248
2021-06-21 10:16:17,1461.55,223393
2021-06-21 10:16:20,1461.55,223393
2021-06-21 10:16:23,1461.6,223546
2021-06-21 10:16:25,1461.6,223546
2021-06-21 10:16:28,1461.65,223588
2021-06-21 10:16:30,1461.55,223628
2021-06-21 10:16:32,1461.55,223628
2021-06-21 10:16:35,1461.55,223663
2021-06-21 10:16:40,1461.55,223834
2021-06-21 10:16:42,1461.55,223980
2021-06-21 10:16:44,1461.55,223980
2021-06-21 10:16:46,1461.55,223980
2021-06-21 10:16:48,1461.55,223980
2021-06-21 10:16:50,1461.4,224636
2021-06-21 10:16:52,1462.1,224897
2021-06-21 10:16:54,1461.2,224994
2021-06-21 10:16:56,1461.2,224994
2021-06-21 10:16:58,1461.2,224994
2021-06-21 10:17:03,1461.2,225000
2021-06-21 10:17:05,1461.0,225296
2021-06-21 10:17:08,1461.15,225326
2021-06-21 10:17:11,1461.15,225350
2021-06-21 10:17:14,1461.5,225355
2021-06-21 10:17:17,1461.55,225516
2021-06-21 10:17:23,1463.75,226209
2021-06-21 10:17:26,1462.45,226224
2021-06-21 10:17:28,1462.45,226224
2021-06-21 10:17:31,1462.45,226224
2021-06-21 10:17:33,1462.65,226260
2021-06-21 10:17:37,1462.7,226410
2021-06-21 10:17:40,1462.7,226410
2021-06-21 10:17:43,1462.7,226410
2021-06-21 10:17:46,1463.5,227143
2021-06-21 10:17:48,1463.5,227143
2021-06-21 10:17:51,1463.5,227143
2021-06-21 10:17:54,1463.5,227143
2021-06-21 10:17:56,1463.5,227325
2021-06-21 10:17:59,1463.5,227325
2021-06-21 10:18:02,1463.5,227325
2021-06-21 10:18:05,1463.5,227402
2021-06-21 10:18:07,1463.55,227422
2021-06-21 10:18:09,1463.55,227422
2021-06-21 10:18:12,1463.55,227422
2021-06-21 10:18:14,1463.6,227658
2021-06-21 10:18:17,1463.6,227660
2021-06-21 10:18:20,1463.6,227660
2021-06-21 10:18:22,1463.55,227670
2021-06-21 10:18:24,1463.55,228170
2021-06-21 10:18:26,1463.55,228170
2021-06-21 10:18:29,1464.0,228320
2021-06-21 10:18:31,1464.0,228320
2021-06-21 10:18:34,1463.55,228355
2021-06-21 10:18:36,1463.55,228355
2021-06-21 10:18:39,1464.0,228582
2021-06-21 10:18:41,1463.25,228762
2021-06-21 10:18:44,1463.25,228762
2021-06-21 10:18:46,1463.25,228762
2021-06-21 10:18:48,1464.0,228772
2021-06-21 10:18:51,1464.0,228772
2021-06-21 10:18:53,1463.05,228922
2021-06-21 10:18:56,1463.05,228922
2021-06-21 10:18:59,1463.5,228932
2021-06-21 10:19:01,1463.5,228932
2021-06-21 10:19:03,1463.5,228969
2021-06-21 10:19:05,1463.25,228976
2021-06-21 10:19:07,1463.25,228976
2021-06-21 10:19:09,1463.9,228983
2021-06-21 10:19:12,1463.25,229133
2021-06-21 10:19:14,1463.25,229133
2021-06-21 10:19:16,1463.9,229135
2021-06-21 10:19:18,1463.9,229135
2021-06-21 10:19:21,1463.9,229135
2021-06-21 10:19:23,1463.35,229150
2021-06-21 10:19:26,1463.35,229150
2021-06-21 10:19:29,1464.1,231303
2021-06-21 10:19:33,1463.65,231363
2021-06-21 10:19:36,1465.0,234218
2021-06-21 10:19:39,1464.7,234295
2021-06-21 10:19:42,1465.5,234298
2021-06-21 10:19:45,1465.0,234581
2021-06-21 10:19:48,1465.0,234642
2021-06-21 10:19:51,1465.0,234642
2021-06-21 10:19:53,1465.0,234647
2021-06-21 10:19:56,1465.0,234747
2021-06-21 10:19:58,1464.2,234897
2021-06-21 10:20:01,1464.2,234897
2021-06-21 10:20:03,1464.65,234909
2021-06-21 10:20:06,1465.85,235154
2021-06-21 10:20:08,1465.0,235255
2021-06-21 10:20:11,1464.95,235261
2021-06-21 10:20:13,1465.0,235268
2021-06-21 10:20:16,1464.6,235418
2021-06-21 10:20:19,1464.6,235418
2021-06-21 10:20:21,1464.6,235418
2021-06-21 10:20:23,1464.6,235418
2021-06-21 10:20:26,1466.0,236024
2021-06-21 10:20:28,1466.0,236049
2021-06-21 10:20:30,1465.95,236058
2021-06-21 10:20:32,1466.8,236478
2021-06-21 10:20:35,1465.95,236504
2021-06-21 10:20:38,1465.95,236529
2021-06-21 10:20:40,1467.0,237005
2021-06-21 10:20:43,1466.1,237130
2021-06-21 10:20:46,1467.0,237145
2021-06-21 10:20:48,1467.0,237240
2021-06-21 10:20:51,1467.0,237280
2021-06-21 10:20:54,1467.0,237556
2021-06-21 10:20:56,1467.0,237591
2021-06-21 10:20:59,1467.0,237641
2021-06-21 10:21:01,1467.0,237643
2021-06-21 10:21:04,1466.45,237697
2021-06-21 10:21:07,1466.45,237697
2021-06-21 10:21:09,1466.2,237698
2021-06-21 10:21:13,1466.15,237762
2021-06-21 10:21:16,1465.75,238046
2021-06-21 10:21:18,1465.2,238053
2021-06-21 10:21:20,1465.15,238204
2021-06-21 10:21:23,1466.15,238299
2021-06-21 10:21:25,1466.15,238299
2021-06-21 10:21:27,1465.4,238425
2021-06-21 10:21:29,1466.1,238475
2021-06-21 10:21:34,1465.5,238510
2021-06-21 10:21:36,1465.5,238715
2021-06-21 10:21:39,1465.5,238725
2021-06-21 10:21:41,1465.5,238978
2021-06-21 10:21:44,1465.5,238978
2021-06-21 10:21:46,1465.5,238978
2021-06-21 10:21:49,1466.7,239168
2021-06-21 10:21:51,1466.0,239196
2021-06-21 10:21:54,1465.05,240276
2021-06-21 10:21:56,1465.05,240276
2021-06-21 10:21:59,1465.05,240276
2021-06-21 10:22:01,1465.45,240319
2021-06-21 10:22:04,1465.9,240499
2021-06-21 10:22:06,1465.9,240499
2021-06-21 10:22:09,1465.9,240499
2021-06-21 10:22:11,1465.9,240749
2021-06-21 10:22:14,1466.0,240912
2021-06-21 10:22:16,1466.1,241039
2021-06-21 10:22:18,1466.1,241039
2021-06-21 10:22:20,1466.5,241089
2021-06-21 10:22:23,1466.85,241558
2021-06-21 10:22:25,1466.85,241558
2021-06-21 10:22:27,1466.8,241583
2021-06-21 10:22:30,1465.8,241638
2021-06-21 10:22:33,1465.8,241673
2021-06-21 10:22:36,1466.1,241923
2021-06-21 10:22:38,1466.15,242577
2021-06-21 10:22:41,1466.15,242577
2021-06-21 10:22:43,1466.0,242587
2021-06-21 10:22:46,1466.2,242592
2021-06-21 10:22:48,1466.2,242592
2021-06-21 10:22:50,1466.3,242642
2021-06-21 10:22:53,1466.3,242642
2021-06-21 10:22:55,1465.4,242793
2021-06-21 10:22:57,1466.15,242845
2021-06-21 10:23:00,1466.1,242870
2021-06-21 10:23:02,1466.1,242870
2021-06-21 10:23:04,1465.55,242892
2021-06-21 10:23:07,1466.0,242949
2021-06-21 10:23:10,1466.0,242949
2021-06-21 10:23:13,1465.3,243099
2021-06-21 10:23:16,1465.3,243099
2021-06-21 10:23:18,1466.55,243201
2021-06-21 10:23:21,1466.55,243201
2021-06-21 10:23:24,1465.5,243221
2021-06-21 10:23:26,1465.5,243221
2021-06-21 10:23:28,1465.5,243229
2021-06-21 10:23:30,1465.5,243269
2021-06-21 10:23:33,1465.55,243343
2021-06-21 10:23:35,1465.5,243454
2021-06-21 10:23:37,1465.5,243454
2021-06-21 10:23:40,1465.5,243454
2021-06-21 10:23:42,1465.5,243454
2021-06-21 10:23:44,1465.5,243455
2021-06-21 10:23:46,1465.5,243455
2021-06-21 10:23:49,1465.05,243479
2021-06-21 10:23:51,1465.05,243479
2021-06-21 10:23:54,1465.05,243479
2021-06-21 10:23:57,1465.05,243479
2021-06-21 10:24:00,1465.05,243479
2021-06-21 10:24:02,1465.05,243489
2021-06-21 10:24:04,1463.5,244275
2021-06-21 10:24:06,1464.15,244383
2021-06-21 10:24:08,1464.15,244383
2021-06-21 10:24:11,1464.4,244433
2021-06-21 10:24:13,1464.4,244433
2021-06-21 10:24:15,1463.3,244584
2021-06-21 10:24:18,1463.3,244584
2021-06-21 10:24:20,1464.15,244588
2021-06-21 10:24:22,1464.15,244588
2021-06-21 10:24:24,1464.15,244588
2021-06-21 10:24:27,1464.15,244588
2021-06-21 10:24:29,1463.2,244638
2021-06-21 10:24:31,1464.1,244689
2021-06-21 10:24:33,1463.15,244936
2021-06-21 10:24:35,1463.15,244936
2021-06-21 10:24:37,1463.15,244936
2021-06-21 10:24:39,1463.15,244936
2021-06-21 10:24:41,1463.95,245036
2021-06-21 10:24:44,1464.1,245131
2021-06-21 10:24:47,1464.1,245132
2021-06-21 10:24:49,1465.0,245232
2021-06-21 10:24:52,1465.0,245232
2021-06-21 10:24:54,1465.0,245484
2021-06-21 10:24:56,1465.0,245484
2021-06-21 10:24:59,1465.0,245697
2021-06-21 10:25:02,1465.0,245697
2021-06-21 10:25:04,1464.6,245734
2021-06-21 10:25:06,1464.6,245734
2021-06-21 10:25:08,1465.45,245737
2021-06-21 10:25:11,1465.45,245737
2021-06-21 10:25:14,1465.45,245738
2021-06-21 10:25:16,1465.0,245739
2021-06-21 10:25:18,1465.45,245891
2021-06-21 10:25:21,1464.95,245911
2021-06-21 10:25:23,1464.95,245911
2021-06-21 10:25:25,1464.95,245911
2021-06-21 10:25:27,1464.95,245911
2021-06-21 10:25:29,1465.0,246011
2021-06-21 10:25:31,1465.0,246011
2021-06-21 10:25:33,1464.95,246046
2021-06-21 10:25:36,1465.45,246056
2021-06-21 10:25:38,1465.45,246056
2021-06-21 10:25:40,1464.65,246198
2021-06-21 10:25:42,1464.65,246198
2021-06-21 10:25:44,1464.65,246198
2021-06-21 10:25:47,1464.65,246198
2021-06-21 10:25:50,1464.5,246212
2021-06-21 10:25:52,1464.5,246212
2021-06-21 10:25:55,1464.5,246212
2021-06-21 10:25:57,1464.5,246212
2021-06-21 10:26:00,1465.0,246288
2021-06-21 10:26:02,1465.15,246422
2021-06-21 10:26:04,1464.35,246450
2021-06-21 10:26:07,1464.95,246480
2021-06-21 10:26:10,1464.95,246480
2021-06-21 10:26:12,1464.65,246987
2021-06-21 10:26:14,1465.4,247037
2021-06-21 10:26:17,1465.4,247037
2021-06-21 10:26:19,1465.0,247237
2021-06-21 10:26:22,1464.35,247371
2021-06-21 10:26:24,1464.75,247410
2021-06-21 10:26:26,1464.75,247410
2021-06-21 10:26:28,1464.75,247410
2021-06-21 10:26:31,1464.75,247410
2021-06-21 10:26:33,1464.45,247427
2021-06-21 10:26:36,1464.45,247452
2021-06-21 10:26:42,1464.45,247454
2021-06-21 10:26:44,1464.45,247515
2021-06-21 10:26:47,1464.45,247518
2021-06-21 10:26:49,1464.35,247595
2021-06-21 10:26:52,1464.65,247610
2021-06-21 10:26:54,1464.3,247617
2021-06-21 10:26:56,1464.3,247617
2021-06-21 10:26:59,1464.3,247617
2021-06-21 10:27:01,1464.0,247767
2021-06-21 10:27:03,1463.95,247803
2021-06-21 10:27:06,1463.95,247803
2021-06-21 10:27:08,1463.95,247803
2021-06-21 10:27:11,1463.95,247803
2021-06-21 10:27:13,1463.95,247803
2021-06-21 10:27:15,1463.9,247813
2021-06-21 10:27:17,1463.9,247823
2021-06-21 10:27:20,1464.65,248158
2021-06-21 10:27:22,1464.0,248308
2021-06-21 10:27:24,1464.95,248328
2021-06-21 10:27:27,1464.95,248328
2021-06-21 10:27:29,1464.95,248328
2021-06-21 10:27:32,1464.95,248328
2021-06-21 10:27:35,1465.0,248366
2021-06-21 10:27:38,1465.0,248366
2021-06-21 10:27:40,1465.0,248366
2021-06-21 10:27:43,1465.0,248366
2021-06-21 10:27:46,1464.95,248532
2021-06-21 10:27:49,1464.95,248532
2021-06-21 10:27:52,1464.95,248532
2021-06-21 10:27:55,1466.7,249863
2021-06-21 10:27:58,1466.8,249951
2021-06-21 10:28:01,1466.8,249951
2021-06-21 10:28:04,1465.95,250006
2021-06-21 10:28:06,1465.95,250006
2021-06-21 10:28:09,1465.95,250119
2021-06-21 10:28:12,1464.75,250214
2021-06-21 10:28:15,1465.6,250428
2021-06-21 10:28:17,1465.6,250428
2021-06-21 10:28:19,1467.5,252568
2021-06-21 10:28:22,1467.5,252587
2021-06-21 10:28:25,1466.6,252670
2021-06-21 10:28:28,1467.75,252867
2021-06-21 10:28:31,1467.75,252867
2021-06-21 10:28:34,1467.95,254902
2021-06-21 10:28:36,1466.95,255009
2021-06-21 10:28:39,1466.9,255409
2021-06-21 10:28:41,1467.75,255459
2021-06-21 10:28:43,1467.05,255462
2021-06-21 10:28:46,1467.75,255474
2021-06-21 10:28:48,1466.95,255623
2021-06-21 10:28:50,1467.7,255636
2021-06-21 10:28:52,1467.7,255637
2021-06-21 10:28:55,1467.75,255654
2021-06-21 10:28:57,1467.7,255682
2021-06-21 10:28:59,1467.7,255705
2021-06-21 10:29:02,1467.7,255728
2021-06-21 10:29:05,1467.7,255801
2021-06-21 10:29:08,1467.7,255845
2021-06-21 10:29:10,1467.7,255865
2021-06-21 10:29:12,1467.7,255911
2021-06-21 10:29:17,1467.7,256016
2021-06-21 10:29:20,1467.7,256044
2021-06-21 10:29:23,1467.7,256165
2021-06-21 10:29:25,1467.7,256188
2021-06-21 10:29:27,1467.7,256207
2021-06-21 10:29:30,1467.7,256207
2021-06-21 10:29:33,1467.15,256312
2021-06-21 10:29:35,1467.15,256421
2021-06-21 10:29:38,1467.8,256475
2021-06-21 10:29:40,1467.8,256475
2021-06-21 10:29:42,1467.8,256475
2021-06-21 10:29:44,1467.0,256630
2021-06-21 10:29:47,1467.0,256630
2021-06-21 10:29:49,1467.2,256680
2021-06-21 10:29:51,1467.2,256680
2021-06-21 10:29:54,1467.2,256680
2021-06-21 10:29:56,1468.15,257505
2021-06-21 10:29:59,1469.0,257672
2021-06-21 10:30:02,1469.0,257672
2021-06-21 10:30:05,1468.3,257708
2021-06-21 10:30:08,1468.3,257708
2021-06-21 10:30:14,1468.45,258040
2021-06-21 10:30:17,1468.3,258115
2021-06-21 10:30:20,1468.4,258204
2021-06-21 10:30:23,1468.35,258229
2021-06-21 10:30:25,1469.0,258244
2021-06-21 10:30:28,1468.4,258246
2021-06-21 10:30:31,1470.0,260922
2021-06-21 10:30:33,1469.55,261378
2021-06-21 10:30:35,1470.0,261385
2021-06-21 10:30:38,1469.75,261806
2021-06-21 10:30:40,1470.0,261889
2021-06-21 10:30:42,1470.0,262039
2021-06-21 10:30:44,1470.0,262179
2021-06-21 10:30:46,1470.0,262179
2021-06-21 10:30:48,1469.5,262211
2021-06-21 10:30:50,1470.0,262311
2021-06-21 10:30:53,1470.0,262546
2021-06-21 10:30:57,1469.95,262556
2021-06-21 10:30:59,1470.5,263691
2021-06-21 10:31:01,1469.7,263724
2021-06-21 10:31:04,1470.15,264018
2021-06-21 10:31:07,1470.95,264039
2021-06-21 10:31:09,1470.95,264069
2021-06-21 10:31:11,1470.5,264324
2021-06-21 10:31:16,1470.95,264335
2021-06-21 10:31:19,1470.95,264336
2021-06-21 10:31:20,1470.5,264520
2021-06-21 10:31:23,1470.5,264530
2021-06-21 10:31:25,1470.5,264530
2021-06-21 10:31:27,1470.9,264665
2021-06-21 10:31:30,1470.9,264671
2021-06-21 10:31:32,1470.95,265035
2021-06-21 10:31:34,1470.9,265185
2021-06-21 10:31:36,1469.9,265607
2021-06-21 10:31:38,1469.8,265610
2021-06-21 10:31:41,1469.8,265611
2021-06-21 10:31:43,1469.4,265627
2021-06-21 10:31:46,1469.45,265676
2021-06-21 10:31:49,1469.0,265798
2021-06-21 10:31:51,1469.0,265881
2021-06-21 10:31:53,1468.95,266304
2021-06-21 10:31:54,1468.95,266304
2021-06-21 10:31:55,1468.95,266304
2021-06-21 10:31:56,1469.0,266404
2021-06-21 10:31:57,1469.0,266404
2021-06-21 10:31:58,1469.0,266404
2021-06-21 10:31:59,1469.0,266404
2021-06-21 10:32:00,1469.0,266404
2021-06-21 10:32:01,1469.0,266454
2021-06-21 10:32:02,1469.0,266454
2021-06-21 10:32:03,1468.65,266481
2021-06-21 10:32:04,1468.0,266830
2021-06-21 10:32:05,1468.0,266830
2021-06-21 10:32:06,1468.0,266830
2021-06-21 10:32:07,1468.95,266850
2021-06-21 10:32:08,1469.0,266900
2021-06-21 10:32:09,1469.0,266900
2021-06-21 10:32:10,1469.0,266900
2021-06-21 10:32:11,1469.0,266900
2021-06-21 10:32:12,1469.0,266900
2021-06-21 10:32:13,1468.0,266927
2021-06-21 10:32:14,1468.0,266927
2021-06-21 10:32:15,1468.0,266927
2021-06-21 10:32:16,1468.0,266927
2021-06-21 10:32:18,1468.7,266940
2021-06-21 10:32:19,1468.7,266940
2021-06-21 10:32:19,1468.7,266940
2021-06-21 10:32:20,1468.7,266940
2021-06-21 10:32:21,1468.7,266940
2021-06-21 10:32:23,1468.7,266940
2021-06-21 10:32:24,1467.8,267089
2021-06-21 10:32:25,1467.8,267089
2021-06-21 10:32:26,1467.85,267090
2021-06-21 10:32:27,1468.75,267100
2021-06-21 10:32:28,1468.75,267100
2021-06-21 10:32:29,1468.75,267100
2021-06-21 10:32:30,1468.75,267100
2021-06-21 10:32:31,1468.75,267100
2021-06-21 10:32:32,1468.75,267100
2021-06-21 10:32:33,1467.8,267136
2021-06-21 10:32:34,1467.8,267136
2021-06-21 10:32:35,1467.8,267136
2021-06-21 10:32:36,1468.55,267144
2021-06-21 10:32:37,1468.55,267144
2021-06-21 10:32:38,1468.55,267144
2021-06-21 10:32:39,1468.55,267144
2021-06-21 10:32:40,1468.45,267145
2021-06-21 10:32:42,1468.45,267145
2021-06-21 10:32:43,1467.15,267354
2021-06-21 10:32:44,1468.05,267588
2021-06-21 10:32:45,1468.15,268231
2021-06-21 10:32:46,1468.15,268231
2021-06-21 10:32:47,1468.15,268241
2021-06-21 10:32:48,1468.15,268241
2021-06-21 10:32:49,1468.15,268241
2021-06-21 10:32:50,1467.95,268563
2021-06-21 10:32:51,1467.95,268563
2021-06-21 10:32:52,1467.95,268563
2021-06-21 10:32:53,1467.95,268563
2021-06-21 10:32:54,1467.95,268563
2021-06-21 10:32:55,1469.4,268603
2021-06-21 10:32:56,1469.4,268603
2021-06-21 10:32:57,1469.4,268603
2021-06-21 10:32:58,1469.4,268603
2021-06-21 10:32:59,1469.55,268653
2021-06-21 10:33:00,1468.95,268708
2021-06-21 10:33:01,1468.95,268723
2021-06-21 10:33:02,1468.95,268723
2021-06-21 10:33:03,1468.95,268759
2021-06-21 10:33:04,1469.0,268775
2021-06-21 10:33:05,1469.0,268775
2021-06-21 10:33:06,1469.2,268800
2021-06-21 10:33:07,1469.2,268800
2021-06-21 10:33:08,1469.2,268800
2021-06-21 10:33:09,1469.2,268800
2021-06-21 10:33:10,1469.2,268800
2021-06-21 10:33:11,1469.2,268800
2021-06-21 10:33:12,1469.2,268800
2021-06-21 10:33:13,1469.1,268940
2021-06-21 10:33:14,1469.1,268954
2021-06-21 10:33:15,1469.1,268954
2021-06-21 10:33:16,1469.1,268954
2021-06-21 10:33:17,1469.2,268989
2021-06-21 10:33:18,1469.2,268989
2021-06-21 10:33:19,1469.2,268989
2021-06-21 10:33:20,1469.2,269009
2021-06-21 10:33:21,1469.2,269157
2021-06-21 10:33:22,1469.4,269207
2021-06-21 10:33:23,1469.4,269207
2021-06-21 10:33:24,1469.4,269207
2021-06-21 10:33:26,1469.4,269207
2021-06-21 10:33:27,1469.1,269311
2021-06-21 10:33:28,1469.1,269321
2021-06-21 10:33:29,1469.4,269329
2021-06-21 10:33:30,1469.4,269339
2021-06-21 10:33:31,1469.4,269344
2021-06-21 10:33:33,1469.1,269379
2021-06-21 10:33:33,1469.1,269379
2021-06-21 10:33:34,1469.1,269379
2021-06-21 10:33:35,1469.1,269479
2021-06-21 10:33:36,1469.1,269480
2021-06-21 10:33:38,1469.1,269480
2021-06-21 10:33:38,1469.4,269524
2021-06-21 10:33:39,1469.8,269684
2021-06-21 10:33:40,1469.8,269687
2021-06-21 10:33:41,1469.8,269687
2021-06-21 10:33:42,1469.8,269687
2021-06-21 10:33:43,1469.8,269787
2021-06-21 10:33:44,1469.8,269787
2021-06-21 10:33:45,1469.8,269787
2021-06-21 10:33:46,1469.55,269982
2021-06-21 10:33:47,1469.95,270354
2021-06-21 10:33:48,1469.95,270354
2021-06-21 10:33:49,1470.0,270488
2021-06-21 10:33:50,1470.0,270488
2021-06-21 10:33:51,1470.0,271591
2021-06-21 10:33:53,1470.0,271591
2021-06-21 10:33:54,1470.0,271591
2021-06-21 10:33:55,1470.65,271791
2021-06-21 10:33:56,1470.65,271791
2021-06-21 10:33:57,1470.65,271811
2021-06-21 10:33:58,1470.65,271811
2021-06-21 10:33:59,1470.0,271816
2021-06-21 10:34:01,1470.1,272056
2021-06-21 10:34:02,1470.1,272056
2021-06-21 10:34:03,1470.1,272094
2021-06-21 10:34:04,1470.1,272369
2021-06-21 10:34:05,1470.1,272369
2021-06-21 10:34:06,1470.1,272399
2021-06-21 10:34:07,1470.1,272412
2021-06-21 10:34:08,1470.1,272412
2021-06-21 10:34:09,1470.1,272412
2021-06-21 10:34:10,1470.5,272427
2021-06-21 10:34:11,1470.5,272577
2021-06-21 10:34:12,1470.5,272577
2021-06-21 10:34:13,1470.1,273165
2021-06-21 10:34:14,1470.1,273175
2021-06-21 10:34:17,1470.1,273175
2021-06-21 10:34:18,1470.1,273175
2021-06-21 10:34:19,1470.1,273275
2021-06-21 10:34:20,1470.1,273275
2021-06-21 10:34:21,1470.1,273275
2021-06-21 10:34:22,1470.1,273275
2021-06-21 10:34:23,1470.1,273275
2021-06-21 10:34:24,1470.5,273285
2021-06-21 10:34:26,1470.5,273285
2021-06-21 10:34:27,1470.5,273485
2021-06-21 10:34:28,1470.5,273485
2021-06-21 10:34:29,1470.1,273542
2021-06-21 10:34:29,1470.1,273542
2021-06-21 10:34:30,1470.1,273542
2021-06-21 10:34:31,1470.1,273542
2021-06-21 10:34:32,1470.1,273542
2021-06-21 10:34:33,1470.15,273606
2021-06-21 10:34:34,1470.15,273606
2021-06-21 10:34:35,1470.15,273606
2021-06-21 10:34:36,1470.5,273706
2021-06-21 10:34:37,1470.5,273706
2021-06-21 10:34:38,1470.5,273706
2021-06-21 10:34:39,1470.5,273706
2021-06-21 10:34:40,1470.5,273706
2021-06-21 10:34:41,1470.5,273706
2021-06-21 10:34:42,1470.5,273706
2021-06-21 10:34:43,1470.1,273855
2021-06-21 10:34:44,1470.1,273855
2021-06-21 10:34:45,1470.1,273855
2021-06-21 10:34:47,1470.1,273855
2021-06-21 10:34:47,1470.15,273856
2021-06-21 10:34:49,1470.15,273856
2021-06-21 10:34:50,1470.5,274096
2021-06-21 10:34:51,1470.5,274096
2021-06-21 10:34:52,1470.5,274096
2021-06-21 10:34:53,1470.5,274096
2021-06-21 10:34:54,1470.5,274100
2021-06-21 10:34:55,1470.5,274100
2021-06-21 10:34:56,1470.5,274100
2021-06-21 10:34:57,1470.1,274200
2021-06-21 10:34:58,1470.1,274200
2021-06-21 10:35:00,1470.1,274281
2021-06-21 10:35:01,1470.1,274281
2021-06-21 10:35:02,1470.1,274281
2021-06-21 10:35:03,1470.1,274317
2021-06-21 10:35:05,1470.5,274318
2021-06-21 10:35:06,1470.5,274318
2021-06-21 10:35:07,1470.5,274418
2021-06-21 10:35:08,1470.5,274418
2021-06-21 10:35:09,1470.75,274822
2021-06-21 10:35:10,1470.25,274832
2021-06-21 10:35:11,1470.25,274832
2021-06-21 10:35:12,1470.3,274847
2021-06-21 10:35:13,1470.5,274922
2021-06-21 10:35:14,1470.5,274922
2021-06-21 10:35:15,1470.5,274922
2021-06-21 10:35:16,1470.5,274922
2021-06-21 10:35:17,1470.5,274922
2021-06-21 10:35:18,1470.8,275207
2021-06-21 10:35:19,1470.8,275207
2021-06-21 10:35:20,1470.6,275231
2021-06-21 10:35:21,1470.5,275243
2021-06-21 10:35:22,1470.5,275243
2021-06-21 10:35:23,1470.5,275243
2021-06-21 10:35:24,1470.5,275243
2021-06-21 10:35:25,1470.5,275434
2021-06-21 10:35:26,1470.3,275534
2021-06-21 10:35:27,1470.45,275539
2021-06-21 10:35:28,1471.0,275612
2021-06-21 10:35:29,1471.0,275617
2021-06-21 10:35:30,1471.0,275617
2021-06-21 10:35:31,1471.0,275617
2021-06-21 10:35:32,1471.0,275617
2021-06-21 10:35:33,1471.0,275714
2021-06-21 10:35:35,1471.0,275714
2021-06-21 10:35:35,1470.45,275721
2021-06-21 10:35:36,1470.45,275721
2021-06-21 10:35:37,1470.45,275721
2021-06-21 10:35:40,1470.45,275721
2021-06-21 10:35:41,1470.45,275745
2021-06-21 10:35:41,1470.45,275745
2021-06-21 10:35:42,1470.45,275745
2021-06-21 10:35:43,1470.95,275906
2021-06-21 10:35:46,1470.95,275907
2021-06-21 10:35:47,1470.95,275907
2021-06-21 10:35:48,1470.95,275907
2021-06-21 10:35:49,1470.95,275907
2021-06-21 10:35:50,1470.9,275927
2021-06-21 10:35:51,1470.9,275927
2021-06-21 10:35:52,1470.35,275995
2021-06-21 10:35:53,1470.35,275995
2021-06-21 10:35:54,1470.35,275995
2021-06-21 10:35:55,1470.35,275995
2021-06-21 10:35:56,1470.35,275995
2021-06-21 10:35:56,1470.35,275995
2021-06-21 10:35:57,1470.5,276025
2021-06-21 10:35:58,1470.5,276025
2021-06-21 10:35:59,1471.0,276525
2021-06-21 10:36:00,1471.0,276525
2021-06-21 10:36:01,1471.0,276525
2021-06-21 10:36:03,1470.5,276584
2021-06-21 10:36:04,1470.5,276584
2021-06-21 10:36:07,1470.5,276584
2021-06-21 10:36:07,1470.5,276584
2021-06-21 10:36:08,1470.3,276669
2021-06-21 10:36:09,1470.3,276669
2021-06-21 10:36:10,1470.3,276669
2021-06-21 10:36:12,1470.3,276669
2021-06-21 10:36:13,1470.3,276669
2021-06-21 10:36:14,1470.3,276911
2021-06-21 10:36:14,1470.3,276911
2021-06-21 10:36:15,1470.3,276911
2021-06-21 10:36:16,1470.3,276911
2021-06-21 10:36:17,1470.3,276911
2021-06-21 10:36:18,1470.3,276911
2021-06-21 10:36:19,1470.3,276911
2021-06-21 10:36:20,1470.3,276911
2021-06-21 10:36:21,1470.3,276911
2021-06-21 10:36:22,1470.3,276911
2021-06-21 10:36:23,1470.3,277060
2021-06-21 10:36:24,1470.3,277060
2021-06-21 10:36:26,1470.3,277060
2021-06-21 10:36:27,1471.05,277135
2021-06-21 10:36:28,1471.05,277135
2021-06-21 10:36:29,1470.95,277165
2021-06-21 10:36:30,1470.95,277165
2021-06-21 10:36:31,1470.95,277165
2021-06-21 10:36:32,1470.5,277171
2021-06-21 10:36:35,1470.45,277186
2021-06-21 10:36:36,1470.9,277286
2021-06-21 10:36:37,1470.9,277286
2021-06-21 10:36:38,1470.9,277286
2021-06-21 10:36:39,1470.9,277286
2021-06-21 10:36:39,1470.9,277286
2021-06-21 10:36:40,1470.3,277782
2021-06-21 10:36:41,1470.3,277782
2021-06-21 10:36:42,1470.75,277783
2021-06-21 10:36:43,1470.75,277783
2021-06-21 10:36:44,1470.75,277783
2021-06-21 10:36:45,1470.3,277797
2021-06-21 10:36:46,1470.75,277817
2021-06-21 10:36:47,1470.75,277817
2021-06-21 10:36:48,1470.75,277832
2021-06-21 10:36:49,1470.75,277832
2021-06-21 10:36:50,1470.75,277847
2021-06-21 10:36:51,1470.3,277973
2021-06-21 10:36:52,1470.3,277973
2021-06-21 10:36:54,1470.3,277973
2021-06-21 10:36:57,1470.75,278024
2021-06-21 10:36:59,1470.3,278041
2021-06-21 10:37:01,1470.3,278041
2021-06-21 10:37:04,1470.3,278128
2021-06-21 10:37:06,1470.3,278155
2021-06-21 10:37:09,1470.3,278155
2021-06-21 10:37:12,1470.3,278305
2021-06-21 10:37:14,1470.95,278807
2021-06-21 10:37:17,1470.75,278808
2021-06-21 10:37:19,1470.75,278808
2021-06-21 10:37:22,1470.95,278882
2021-06-21 10:37:24,1470.75,278917
2021-06-21 10:37:26,1470.75,278939
2021-06-21 10:37:28,1470.75,278941
2021-06-21 10:37:30,1470.75,279125
2021-06-21 10:37:32,1470.75,279146
2021-06-21 10:37:34,1470.95,279421
2021-06-21 10:37:37,1470.95,279543
2021-06-21 10:37:40,1470.3,279555
2021-06-21 10:37:42,1470.3,279605
2021-06-21 10:37:44,1470.3,279613
2021-06-21 10:37:46,1470.3,279616
2021-06-21 10:37:49,1469.1,281208
2021-06-21 10:37:51,1468.8,281623
2021-06-21 10:37:54,1468.9,281649
2021-06-21 10:37:57,1469.35,281769
2021-06-21 10:38:00,1469.3,281886
2021-06-21 10:38:03,1469.3,282039
2021-06-21 10:38:05,1468.7,282313
2021-06-21 10:38:07,1468.55,282350
2021-06-21 10:38:10,1469.3,282378
2021-06-21 10:38:12,1469.3,282382
2021-06-21 10:38:14,1469.3,282382
2021-06-21 10:38:17,1469.3,282382
2021-06-21 10:38:19,1469.3,282492
2021-06-21 10:38:21,1469.3,282509
2021-06-21 10:38:24,1469.3,282515
2021-06-21 10:38:26,1468.75,282665
2021-06-21 10:38:28,1468.7,282696
2021-06-21 10:38:31,1469.3,282721
2021-06-21 10:38:33,1468.7,282762
2021-06-21 10:38:36,1468.7,282770
2021-06-21 10:38:38,1469.3,282823
2021-06-21 10:38:40,1468.7,282844
2021-06-21 10:38:42,1468.75,282900
2021-06-21 10:38:44,1468.75,282911
2021-06-21 10:38:47,1468.75,282911
2021-06-21 10:38:49,1469.3,283110
2021-06-21 10:38:51,1468.6,283151
2021-06-21 10:38:53,1468.5,283161
2021-06-21 10:38:55,1468.5,283163
2021-06-21 10:38:58,1468.5,283178
2021-06-21 10:39:00,1469.15,283192
2021-06-21 10:39:02,1468.5,283195
2021-06-21 10:39:04,1468.45,283280
2021-06-21 10:39:06,1468.45,283303
2021-06-21 10:39:09,1468.0,283475
2021-06-21 10:39:10,1468.0,283475
2021-06-21 10:39:12,1468.0,283475
2021-06-21 10:39:14,1467.85,283568
2021-06-21 10:39:16,1468.1,283629
2021-06-21 10:39:19,1468.1,283729
2021-06-21 10:39:21,1468.1,283751
2021-06-21 10:39:23,1468.1,283751
2021-06-21 10:39:25,1468.15,283979
2021-06-21 10:39:27,1468.1,284056
2021-06-21 10:39:30,1468.0,284071
2021-06-21 10:39:33,1469.05,284165
2021-06-21 10:39:35,1467.8,284423
2021-06-21 10:39:37,1468.05,284488
2021-06-21 10:39:39,1467.4,284507
2021-06-21 10:39:41,1467.4,284507
2021-06-21 10:39:43,1467.4,284552
2021-06-21 10:39:45,1467.55,284561
2021-06-21 10:39:48,1468.95,284562
2021-06-21 10:39:50,1467.55,284862
2021-06-21 10:39:53,1468.9,285021
2021-06-21 10:39:55,1467.85,285126
2021-06-21 10:39:58,1468.8,285260
2021-06-21 10:40:00,1468.5,285261
2021-06-21 10:40:03,1468.5,285262
2021-06-21 10:40:05,1468.2,285452
2021-06-21 10:40:08,1468.3,285542
2021-06-21 10:40:10,1467.55,285556
2021-06-21 10:40:11,1467.55,285557
2021-06-21 10:40:14,1468.45,285567
2021-06-21 10:40:16,1467.65,285571
2021-06-21 10:40:19,1467.65,285605
2021-06-21 10:40:21,1467.5,285760
2021-06-21 10:40:24,1468.85,285907
2021-06-21 10:40:26,1468.15,285928
2021-06-21 10:40:31,1469.0,285933
2021-06-21 10:40:33,1468.15,285969
2021-06-21 10:40:35,1468.15,285975
2021-06-21 10:40:37,1468.15,285975
2021-06-21 10:40:40,1468.15,285975
2021-06-21 10:40:42,1468.15,285975
2021-06-21 10:40:44,1468.15,285975
2021-06-21 10:40:46,1468.15,285975
2021-06-21 10:40:48,1467.95,286124
2021-06-21 10:40:50,1468.0,286148
2021-06-21 10:40:52,1468.85,286150
2021-06-21 10:40:54,1468.85,286150
2021-06-21 10:40:56,1468.8,286189
2021-06-21 10:40:59,1468.8,286206
2021-06-21 10:41:02,1469.0,287370
2021-06-21 10:41:04,1468.25,287617
2021-06-21 10:41:07,1468.6,287624
2021-06-21 10:41:09,1468.6,287624
2021-06-21 10:41:12,1470.0,287955
2021-06-21 10:41:17,1469.75,288029
2021-06-21 10:41:19,1470.25,288085
2021-06-21 10:41:21,1470.25,288178
2021-06-21 10:41:23,1469.75,288193
2021-06-21 10:41:25,1469.75,288193
2021-06-21 10:41:27,1469.7,288209
2021-06-21 10:41:30,1470.0,288237
2021-06-21 10:41:32,1470.0,288291
2021-06-21 10:41:34,1469.6,288300
2021-06-21 10:41:35,1469.7,288307
2021-06-21 10:41:37,1469.55,288308
2021-06-21 10:41:39,1469.55,288308
2021-06-21 10:41:40,1469.7,288309
2021-06-21 10:41:42,1469.35,288317
2021-06-21 10:41:45,1469.7,288448
2021-06-21 10:41:47,1469.35,288470
2021-06-21 10:41:50,1469.7,288520
2021-06-21 10:41:52,1469.7,288529
2021-06-21 10:41:53,1469.7,288529
2021-06-21 10:41:54,1469.7,288529
2021-06-21 10:41:55,1469.7,288529
2021-06-21 10:41:56,1469.95,288535
2021-06-21 10:41:57,1469.7,288536
2021-06-21 10:41:58,1469.7,288536
2021-06-21 10:41:59,1469.7,288536
2021-06-21 10:42:00,1469.7,288536
2021-06-21 10:42:01,1469.7,288536
2021-06-21 10:42:02,1469.7,288541
2021-06-21 10:42:03,1469.7,288578
2021-06-21 10:42:04,1469.7,288578
2021-06-21 10:42:05,1469.7,288584
2021-06-21 10:42:06,1469.7,288584
2021-06-21 10:42:07,1469.7,288584
2021-06-21 10:42:08,1470.0,288594
2021-06-21 10:42:09,1470.0,288601
2021-06-21 10:42:10,1470.0,288601
2021-06-21 10:42:11,1470.0,288601
2021-06-21 10:42:12,1470.0,288601
2021-06-21 10:42:13,1470.0,288601
2021-06-21 10:42:14,1470.0,288601
2021-06-21 10:42:15,1469.7,288750
2021-06-21 10:42:16,1469.7,288775
2021-06-21 10:42:17,1470.1,288865
2021-06-21 10:42:18,1469.7,288880
2021-06-21 10:42:19,1469.7,288880
2021-06-21 10:42:20,1469.7,288880
2021-06-21 10:42:21,1469.7,288880
2021-06-21 10:42:22,1469.7,288880
2021-06-21 10:42:23,1469.7,288880
2021-06-21 10:42:24,1470.0,288910
2021-06-21 10:42:25,1469.7,289185
2021-06-21 10:42:26,1469.7,289229
2021-06-21 10:42:27,1469.7,289229
2021-06-21 10:42:28,1469.7,289236
2021-06-21 10:42:29,1469.7,289236
2021-06-21 10:42:30,1469.7,289236
2021-06-21 10:42:31,1469.7,289236
2021-06-21 10:42:32,1469.7,289286
2021-06-21 10:42:33,1469.8,290066
2021-06-21 10:42:34,1469.7,290193
2021-06-21 10:42:35,1469.7,290193
2021-06-21 10:42:36,1469.7,290193
2021-06-21 10:42:37,1469.7,290193
2021-06-21 10:42:38,1469.7,290193
2021-06-21 10:42:39,1469.7,290193
2021-06-21 10:42:40,1469.7,290193
2021-06-21 10:42:41,1469.7,290193
2021-06-21 10:42:42,1469.7,290193
2021-06-21 10:42:43,1469.7,290228
2021-06-21 10:42:44,1469.7,290245
2021-06-21 10:42:45,1469.7,290246
2021-06-21 10:42:46,1469.7,290246
2021-06-21 10:42:47,1470.55,290390
2021-06-21 10:42:48,1469.9,290391
2021-06-21 10:42:49,1469.7,290414
2021-06-21 10:42:50,1469.7,290414
2021-06-21 10:42:51,1469.7,290414
2021-06-21 10:42:52,1469.7,290458
2021-06-21 10:42:53,1469.7,290490
2021-06-21 10:42:54,1469.7,290540
2021-06-21 10:42:55,1469.7,290540
2021-06-21 10:42:56,1469.7,290552
2021-06-21 10:42:57,1469.7,290552
2021-06-21 10:42:58,1469.7,290554
2021-06-21 10:42:59,1470.55,290584
2021-06-21 10:43:00,1470.0,290589
2021-06-21 10:43:01,1470.0,290589
2021-06-21 10:43:02,1470.0,290589
2021-06-21 10:43:03,1469.75,290626
2021-06-21 10:43:04,1469.7,290633
2021-06-21 10:43:05,1469.7,290633
2021-06-21 10:43:06,1469.7,290633
2021-06-21 10:43:07,1469.7,290633
2021-06-21 10:43:09,1469.7,290633
2021-06-21 10:43:09,1469.7,290633
2021-06-21 10:43:10,1469.7,290633
2021-06-21 10:43:11,1469.7,290633
2021-06-21 10:43:12,1469.7,290802
2021-06-21 10:43:13,1469.7,290807
2021-06-21 10:43:14,1469.7,290837
2021-06-21 10:43:15,1469.7,290837
2021-06-21 10:43:16,1469.7,290837
2021-06-21 10:43:18,1469.7,290837
2021-06-21 10:43:19,1469.7,290837
2021-06-21 10:43:20,1470.0,290838
2021-06-21 10:43:21,1469.7,290839
2021-06-21 10:43:22,1470.0,290846
2021-06-21 10:43:23,1470.0,290946
2021-06-21 10:43:24,1469.7,290964
2021-06-21 10:43:25,1469.7,290965
2021-06-21 10:43:26,1469.7,290988
2021-06-21 10:43:28,1469.7,290992
2021-06-21 10:43:28,1469.7,290992
2021-06-21 10:43:29,1469.7,291111
2021-06-21 10:43:31,1469.7,291132
2021-06-21 10:43:32,1469.7,291132
2021-06-21 10:43:34,1470.0,291187
2021-06-21 10:43:34,1469.7,291196
2021-06-21 10:43:35,1470.0,291197
2021-06-21 10:43:36,1470.0,291197
2021-06-21 10:43:37,1470.0,291197
2021-06-21 10:43:38,1470.0,291197
2021-06-21 10:43:39,1470.0,291246
2021-06-21 10:43:40,1470.1,291255
2021-06-21 10:43:41,1470.1,291255
2021-06-21 10:43:42,1470.1,291255
2021-06-21 10:43:43,1470.1,291305
2021-06-21 10:43:44,1470.1,291314
2021-06-21 10:43:45,1470.1,291314
2021-06-21 10:43:47,1470.1,291464
2021-06-21 10:43:49,1470.1,291490
2021-06-21 10:43:49,1470.1,291490
2021-06-21 10:43:50,1470.1,291490
2021-06-21 10:43:51,1470.1,291590
2021-06-21 10:43:52,1470.1,291659
2021-06-21 10:43:53,1470.1,291668
2021-06-21 10:43:55,1470.1,291678
2021-06-21 10:43:56,1470.1,291705
2021-06-21 10:43:59,1470.1,291711
2021-06-21 10:44:00,1470.1,292011
2021-06-21 10:44:01,1470.2,292111
2021-06-21 10:44:02,1470.1,292119
2021-06-21 10:44:03,1470.2,292196
2021-06-21 10:44:04,1470.1,292212
2021-06-21 10:44:05,1470.1,292212
2021-06-21 10:44:06,1470.1,292212
2021-06-21 10:44:07,1470.1,292212
2021-06-21 10:44:10,1470.1,292212
2021-06-21 10:44:11,1470.1,292212
2021-06-21 10:44:12,1470.2,292431
2021-06-21 10:44:12,1470.1,292476
2021-06-21 10:44:14,1470.2,292527
2021-06-21 10:44:14,1470.1,292637
2021-06-21 10:44:15,1470.1,292657
2021-06-21 10:44:17,1470.1,292757
2021-06-21 10:44:17,1470.1,292778
2021-06-21 10:44:18,1470.1,292779
2021-06-21 10:44:19,1470.1,295178
2021-06-21 10:44:20,1469.2,295205
2021-06-21 10:44:21,1469.2,295205
2021-06-21 10:44:22,1468.6,295315
2021-06-21 10:44:23,1468.3,295916
2021-06-21 10:44:24,1468.3,296103
2021-06-21 10:44:25,1468.15,296131
2021-06-21 10:44:26,1468.15,296131
2021-06-21 10:44:27,1468.15,296135
2021-06-21 10:44:28,1468.0,296285
2021-06-21 10:44:29,1468.0,296317
2021-06-21 10:44:30,1468.15,296318
2021-06-21 10:44:31,1467.65,296444
2021-06-21 10:44:32,1467.55,296463
2021-06-21 10:44:33,1467.5,296647
2021-06-21 10:44:34,1467.4,296666
2021-06-21 10:44:35,1467.05,296771
2021-06-21 10:44:36,1467.35,296816
2021-06-21 10:44:37,1467.5,296886
2021-06-21 10:44:38,1467.5,296899
2021-06-21 10:44:39,1467.5,296899
2021-06-21 10:44:40,1467.5,296899
2021-06-21 10:44:41,1467.5,296899
2021-06-21 10:44:42,1467.5,296899
2021-06-21 10:44:43,1467.5,296899
2021-06-21 10:44:44,1469.25,297399
2021-06-21 10:44:45,1469.5,297642
2021-06-21 10:44:46,1468.35,297666
2021-06-21 10:44:47,1468.35,297666
2021-06-21 10:44:49,1468.35,297666
2021-06-21 10:44:50,1468.35,297666
2021-06-21 10:44:51,1468.35,297666
2021-06-21 10:44:52,1468.35,297666
2021-06-21 10:44:54,1468.35,297666
2021-06-21 10:44:54,1468.35,297666
2021-06-21 10:44:55,1468.35,297666
2021-06-21 10:44:57,1468.35,297666
2021-06-21 10:44:58,1468.35,297666
2021-06-21 10:44:58,1468.35,297666
2021-06-21 10:45:00,1468.95,297676
2021-06-21 10:45:01,1468.35,297677
2021-06-21 10:45:02,1468.35,297677
2021-06-21 10:45:03,1468.95,297733
2021-06-21 10:45:04,1468.95,298117
2021-06-21 10:45:05,1469.0,298267
2021-06-21 10:45:06,1469.0,298280
2021-06-21 10:45:07,1469.0,298280
2021-06-21 10:45:08,1469.0,298321
2021-06-21 10:45:09,1469.0,298326
2021-06-21 10:45:10,1469.0,298326
2021-06-21 10:45:12,1469.0,298326
2021-06-21 10:45:13,1469.0,298326
2021-06-21 10:45:14,1469.0,298326
2021-06-21 10:45:15,1469.0,298326
2021-06-21 10:45:16,1470.0,298406
2021-06-21 10:45:17,1470.0,298417
2021-06-21 10:45:19,1470.0,298417
2021-06-21 10:45:20,1469.35,298447
2021-06-21 10:45:20,1469.35,298447
2021-06-21 10:45:22,1469.3,298451
2021-06-21 10:45:23,1469.3,298451
2021-06-21 10:45:24,1469.3,298451
2021-06-21 10:45:24,1469.3,298451
2021-06-21 10:45:25,1469.25,298600
2021-06-21 10:45:26,1469.25,298619
2021-06-21 10:45:27,1469.25,298622
2021-06-21 10:45:28,1469.25,298622
2021-06-21 10:45:30,1469.25,298622
2021-06-21 10:45:31,1469.25,298622
2021-06-21 10:45:31,1469.25,298638
2021-06-21 10:45:32,1469.25,298641
2021-06-21 10:45:33,1469.2,298676
2021-06-21 10:45:34,1469.2,298681
2021-06-21 10:45:36,1469.2,298681
2021-06-21 10:45:37,1469.2,298681
2021-06-21 10:45:38,1469.2,298681
2021-06-21 10:45:39,1469.2,298681
2021-06-21 10:45:40,1469.2,298681
2021-06-21 10:45:40,1469.2,298681
2021-06-21 10:45:41,1469.2,298691
2021-06-21 10:45:42,1469.2,298693
2021-06-21 10:45:43,1469.2,298693
2021-06-21 10:45:44,1469.2,298693
2021-06-21 10:45:45,1468.95,298842
2021-06-21 10:45:46,1468.95,298842
2021-06-21 10:45:47,1468.95,298842
2021-06-21 10:45:49,1469.95,298852
2021-06-21 10:45:50,1468.75,298877
2021-06-21 10:45:51,1468.75,298877
2021-06-21 10:45:52,1468.75,298877
2021-06-21 10:45:53,1468.75,298877
2021-06-21 10:45:53,1469.8,298892
2021-06-21 10:45:54,1468.7,298894
2021-06-21 10:45:55,1468.7,298894
2021-06-21 10:45:56,1468.7,298894
2021-06-21 10:45:57,1468.7,298894
2021-06-21 10:45:58,1468.7,298894
2021-06-21 10:45:59,1468.7,298894
2021-06-21 10:46:00,1468.7,298894
2021-06-21 10:46:02,1468.7,298894
2021-06-21 10:46:02,1469.75,298934
2021-06-21 10:46:03,1468.45,298978
2021-06-21 10:46:04,1468.45,298984
2021-06-21 10:46:05,1468.35,299134
2021-06-21 10:46:06,1468.4,299157
2021-06-21 10:46:07,1468.4,299157
2021-06-21 10:46:08,1468.4,299157
2021-06-21 10:46:09,1468.4,299157
2021-06-21 10:46:10,1468.4,299157
2021-06-21 10:46:11,1468.4,299157
2021-06-21 10:46:12,1468.4,299157
2021-06-21 10:46:13,1468.4,299157
2021-06-21 10:46:14,1468.4,299157
2021-06-21 10:46:15,1468.4,299157
2021-06-21 10:46:16,1468.4,299157
2021-06-21 10:46:17,1468.4,299157
2021-06-21 10:46:18,1468.4,299157
2021-06-21 10:46:20,1468.55,299230
2021-06-21 10:46:21,1468.55,299238
2021-06-21 10:46:22,1468.55,299238
2021-06-21 10:46:24,1468.55,299238
2021-06-21 10:46:25,1468.5,299248
2021-06-21 10:46:26,1469.0,299438
2021-06-21 10:46:27,1469.0,299438
2021-06-21 10:46:28,1469.0,299450
2021-06-21 10:46:28,1469.0,299450
2021-06-21 10:46:29,1469.0,299450
2021-06-21 10:46:30,1469.0,299450
2021-06-21 10:46:31,1469.0,299450
2021-06-21 10:46:32,1469.0,299450
2021-06-21 10:46:33,1469.0,299514
2021-06-21 10:46:34,1469.0,299514
2021-06-21 10:46:35,1468.35,299541
2021-06-21 10:46:36,1468.35,299541
2021-06-21 10:46:37,1468.35,299541
2021-06-21 10:46:38,1468.35,299541
2021-06-21 10:46:39,1468.95,299562
2021-06-21 10:46:40,1469.0,299565
2021-06-21 10:46:41,1469.0,299565
2021-06-21 10:46:42,1469.0,299565
2021-06-21 10:46:43,1469.0,299565
2021-06-21 10:46:44,1469.0,299565
2021-06-21 10:46:45,1469.0,299602
2021-06-21 10:46:46,1468.15,299608
2021-06-21 10:46:47,1469.0,299611
2021-06-21 10:46:48,1469.0,299611
2021-06-21 10:46:51,1468.0,299626
2021-06-21 10:46:53,1468.9,299653
2021-06-21 10:46:53,1467.75,299806
2021-06-21 10:46:54,1467.75,299829
2021-06-21 10:46:55,1467.75,299829
2021-06-21 10:46:56,1467.75,299829
2021-06-21 10:46:57,1467.75,299829
2021-06-21 10:46:58,1467.75,299829
2021-06-21 10:46:59,1467.75,299829
2021-06-21 10:47:00,1467.75,299829
2021-06-21 10:47:02,1468.75,299834
2021-06-21 10:47:03,1467.7,299939
2021-06-21 10:47:04,1467.7,299939
2021-06-21 10:47:05,1467.6,299945
2021-06-21 10:47:06,1468.7,299946
2021-06-21 10:47:07,1468.7,299946
2021-06-21 10:47:08,1467.55,300101
2021-06-21 10:47:09,1468.6,300129
2021-06-21 10:47:11,1467.55,300135
