timestamp,ltp,volume
2021-06-21 09:16:28,2459.1,89871
2021-06-21 09:16:29,2459.1,90073
2021-06-21 09:16:30,2458.8,90196
2021-06-21 09:16:31,2457.6,90203
2021-06-21 09:16:32,2458.7,90334
2021-06-21 09:16:33,2458.0,90457
2021-06-21 09:16:34,2457.6,91004
2021-06-21 09:16:36,2457.8,93895
2021-06-21 09:16:37,2458.0,94232
2021-06-21 09:16:39,2458.25,94394
2021-06-21 09:16:40,2456.85,94518
2021-06-21 09:16:41,2458.6,94913
2021-06-21 09:16:42,2458.0,95138
2021-06-21 09:16:43,2458.7,95801
2021-06-21 09:16:44,2458.15,95870
2021-06-21 09:16:45,2458.15,96286
2021-06-21 09:16:46,2458.25,96346
2021-06-21 09:16:48,2458.0,96414
2021-06-21 09:16:49,2458.15,96458
2021-06-21 09:16:50,2458.15,96473
2021-06-21 09:16:51,2458.0,96659
2021-06-21 09:16:53,2458.25,96917
2021-06-21 09:16:52,2458.25,96917
2021-06-21 09:16:54,2460.45,98005
2021-06-21 09:16:55,2460.45,98026
2021-06-21 09:16:56,2461.9,98028
2021-06-21 09:16:57,2461.85,98442
2021-06-21 09:16:58,2462.05,98600
2021-06-21 09:16:59,2460.75,98966
2021-06-21 09:17:00,2461.55,99015
2021-06-21 09:17:01,2461.55,99028
2021-06-21 09:17:02,2461.55,99089
2021-06-21 09:17:03,2460.05,100019
2021-06-21 09:17:04,2461.45,100274
2021-06-21 09:17:05,2461.7,100379
2021-06-21 09:17:06,2460.0,100477
2021-06-21 09:17:07,2461.2,100613
2021-06-21 09:17:08,2461.0,100624
2021-06-21 09:17:09,2461.0,100624
2021-06-21 09:17:11,2460.8,101193
2021-06-21 09:17:13,2459.9,101429
2021-06-21 09:17:15,2460.0,101619
2021-06-21 09:17:16,2459.2,101895
2021-06-21 09:17:17,2459.15,102007
2021-06-21 09:17:18,2459.4,102188
2021-06-21 09:17:19,2459.5,102406
2021-06-21 09:17:20,2459.9,102721
2021-06-21 09:17:21,2459.15,102749
2021-06-21 09:17:22,2460.0,102760
2021-06-21 09:17:23,2459.25,102813
2021-06-21 09:17:24,2460.6,102934
2021-06-21 09:17:25,2460.6,102937
2021-06-21 09:17:26,2460.0,103015
2021-06-21 09:17:27,2460.0,103161
2021-06-21 09:17:28,2459.35,103274
2021-06-21 09:17:29,2460.6,103314
2021-06-21 09:17:31,2460.6,103322
2021-06-21 09:17:32,2461.0,103471
2021-06-21 09:17:32,2460.6,103487
2021-06-21 09:17:33,2461.65,103700
2021-06-21 09:17:34,2461.65,103703
2021-06-21 09:17:36,2460.95,103864
2021-06-21 09:17:36,2461.9,103882
2021-06-21 09:17:37,2461.95,103892
2021-06-21 09:17:38,2460.95,103976
2021-06-21 09:17:39,2461.95,104001
2021-06-21 09:17:41,2461.95,104012
2021-06-21 09:17:41,2461.95,104012
2021-06-21 09:17:42,2461.65,104092
2021-06-21 09:17:43,2461.65,104544
2021-06-21 09:17:44,2462.0,105114
2021-06-21 09:17:45,2462.15,105390
2021-06-21 09:17:46,2462.05,105541
2021-06-21 09:17:47,2463.0,105546
2021-06-21 09:17:48,2463.0,105546
2021-06-21 09:17:50,2462.15,105550
2021-06-21 09:17:50,2462.15,105550
2021-06-21 09:17:51,2463.0,105646
2021-06-21 09:17:52,2462.45,105940
2021-06-21 09:17:53,2460.65,106265
2021-06-21 09:17:54,2461.9,106339
2021-06-21 09:17:56,2461.9,106392
2021-06-21 09:17:56,2461.9,106392
2021-06-21 09:17:57,2461.9,106395
2021-06-21 09:17:58,2461.55,106402
2021-06-21 09:17:59,2462.35,106478
2021-06-21 09:18:02,2462.0,106919
2021-06-21 09:18:02,2462.0,106924
2021-06-21 09:18:03,2461.9,107039
2021-06-21 09:18:04,2461.85,107209
2021-06-21 09:18:05,2461.85,107387
2021-06-21 09:18:06,2461.85,107540
2021-06-21 09:18:07,2461.85,107558
2021-06-21 09:18:08,2461.85,107570
2021-06-21 09:18:10,2461.35,107660
2021-06-21 09:18:11,2461.35,107660
2021-06-21 09:18:11,2461.35,107660
2021-06-21 09:18:12,2461.85,108111
2021-06-21 09:18:13,2461.85,108440
2021-06-21 09:18:14,2461.85,108606
2021-06-21 09:18:15,2462.0,108971
2021-06-21 09:18:16,2462.0,108983
2021-06-21 09:18:17,2461.85,109307
2021-06-21 09:18:18,2461.85,109307
2021-06-21 09:18:19,2462.5,109308
2021-06-21 09:18:21,2462.5,109366
2021-06-21 09:18:21,2461.9,109390
2021-06-21 09:18:22,2462.3,109391
2021-06-21 09:18:25,2462.45,109667
2021-06-21 09:18:25,2462.45,109712
2021-06-21 09:18:26,2462.45,109772
2021-06-21 09:18:27,2462.4,109795
2021-06-21 09:18:28,2462.5,109956
2021-06-21 09:18:29,2462.5,110018
2021-06-21 09:18:30,2462.6,110220
2021-06-21 09:18:32,2462.85,110246
2021-06-21 09:18:32,2462.9,110276
2021-06-21 09:18:33,2463.2,111386
2021-06-21 09:18:34,2463.2,111450
2021-06-21 09:18:35,2463.2,111492
2021-06-21 09:18:36,2463.2,111563
2021-06-21 09:18:38,2463.2,111656
2021-06-21 09:18:39,2463.2,111708
2021-06-21 09:18:40,2462.6,111716
2021-06-21 09:18:41,2463.2,111723
2021-06-21 09:18:42,2463.2,111990
2021-06-21 09:18:44,2464.0,119670
2021-06-21 09:18:45,2465.0,120730
2021-06-21 09:18:46,2464.1,121011
2021-06-21 09:18:47,2464.25,121080
2021-06-21 09:18:48,2465.0,121100
2021-06-21 09:18:49,2466.0,122035
2021-06-21 09:18:50,2466.4,122053
2021-06-21 09:18:51,2466.45,122188
2021-06-21 09:18:53,2466.45,122255
2021-06-21 09:18:53,2466.45,122203
2021-06-21 09:18:54,2465.55,122610
2021-06-21 09:18:55,2466.45,122656
2021-06-21 09:18:56,2465.55,122908
2021-06-21 09:18:57,2466.2,122995
2021-06-21 09:18:59,2466.45,123103
2021-06-21 09:18:59,2466.45,123106
2021-06-21 09:19:00,2466.25,123435
2021-06-21 09:19:01,2466.4,123471
2021-06-21 09:19:02,2466.95,123540
2021-06-21 09:19:04,2465.55,123700
2021-06-21 09:19:04,2466.65,123701
2021-06-21 09:19:06,2466.45,124001
2021-06-21 09:19:07,2466.0,124067
2021-06-21 09:19:08,2466.85,124296
2021-06-21 09:19:09,2466.2,124453
2021-06-21 09:19:11,2466.0,124567
2021-06-21 09:19:12,2467.15,124694
2021-06-21 09:19:12,2467.15,124694
2021-06-21 09:19:13,2467.0,124795
2021-06-21 09:19:14,2467.4,124825
2021-06-21 09:19:15,2467.75,127015
2021-06-21 09:19:16,2467.6,127400
2021-06-21 09:19:17,2467.4,127425
2021-06-21 09:19:19,2467.95,127555
2021-06-21 09:19:19,2467.95,127555
2021-06-21 09:19:20,2467.95,127571
2021-06-21 09:19:21,2467.0,127582
2021-06-21 09:19:22,2467.9,127694
2021-06-21 09:19:23,2467.95,127697
2021-06-21 09:19:24,2467.95,128156
2021-06-21 09:19:26,2468.0,128354
2021-06-21 09:19:26,2468.4,128447
2021-06-21 09:19:28,2469.0,128693
2021-06-21 09:19:28,2469.0,128690
2021-06-21 09:19:29,2469.65,129063
2021-06-21 09:19:30,2468.7,129884
2021-06-21 09:19:31,2468.0,130022
2021-06-21 09:19:32,2468.3,130162
2021-06-21 09:19:34,2468.7,130267
2021-06-21 09:19:35,2468.75,130313
2021-06-21 09:19:36,2468.85,131699
2021-06-21 09:19:36,2468.95,131771
2021-06-21 09:19:37,2469.0,131791
2021-06-21 09:19:38,2468.2,132034
2021-06-21 09:19:40,2468.1,132152
2021-06-21 09:19:41,2469.0,132339
2021-06-21 09:19:41,2469.0,132339
2021-06-21 09:19:42,2468.75,132402
2021-06-21 09:19:44,2467.15,133644
2021-06-21 09:19:45,2468.7,133701
2021-06-21 09:19:46,2468.7,133835
2021-06-21 09:19:46,2468.85,133874
2021-06-21 09:19:47,2467.7,134126
2021-06-21 09:19:48,2468.7,134246
2021-06-21 09:19:49,2468.55,134580
2021-06-21 09:19:50,2468.2,134633
2021-06-21 09:19:52,2468.85,135031
2021-06-21 09:19:53,2468.25,135133
2021-06-21 09:19:53,2468.25,135133
2021-06-21 09:19:54,2468.7,135445
2021-06-21 09:19:55,2468.7,135445
2021-06-21 09:19:56,2468.7,135804
2021-06-21 09:19:58,2468.7,135868
2021-06-21 09:19:59,2468.0,136086
2021-06-21 09:20:00,2469.4,136639
2021-06-21 09:20:01,2469.5,136690
2021-06-21 09:20:01,2469.5,136853
2021-06-21 09:20:02,2468.2,136919
2021-06-21 09:20:03,2468.55,137048
2021-06-21 09:20:05,2468.5,137054
2021-06-21 09:20:06,2468.0,137113
2021-06-21 09:20:06,2467.7,137218
2021-06-21 09:20:07,2467.0,137914
2021-06-21 09:20:08,2468.8,138280
2021-06-21 09:20:10,2467.0,138754
2021-06-21 09:20:11,2467.05,138926
2021-06-21 09:20:12,2466.7,139056
2021-06-21 09:20:13,2466.8,139310
2021-06-21 09:20:14,2467.15,139452
2021-06-21 09:20:14,2467.0,139457
2021-06-21 09:20:15,2466.9,139801
2021-06-21 09:20:16,2466.85,140439
2021-06-21 09:20:18,2465.5,141180
2021-06-21 09:20:19,2466.55,141182
2021-06-21 09:20:20,2465.5,141584
2021-06-21 09:20:20,2466.55,141589
2021-06-21 09:20:21,2466.8,142083
2021-06-21 09:20:22,2467.5,142166
2021-06-21 09:20:23,2465.65,142552
2021-06-21 09:20:24,2467.15,142655
2021-06-21 09:20:25,2467.25,142690
2021-06-21 09:20:27,2467.3,142747
2021-06-21 09:20:28,2467.3,142855
2021-06-21 09:20:29,2468.85,143547
2021-06-21 09:20:30,2468.85,143592
2021-06-21 09:20:31,2468.85,143607
2021-06-21 09:20:31,2468.85,143607
2021-06-21 09:20:32,2468.3,143617
2021-06-21 09:20:33,2469.0,144620
2021-06-21 09:20:34,2469.55,144686
2021-06-21 09:20:35,2469.55,144768
2021-06-21 09:20:37,2469.55,144799
2021-06-21 09:20:38,2469.0,145100
2021-06-21 09:20:38,2469.95,145110
2021-06-21 09:20:39,2469.95,145145
2021-06-21 09:20:40,2469.95,145154
2021-06-21 09:20:43,2469.9,145186
2021-06-21 09:20:44,2469.0,145224
2021-06-21 09:20:44,2469.0,145224
2021-06-21 09:20:45,2469.95,145241
2021-06-21 09:20:46,2469.55,145313
2021-06-21 09:20:49,2469.45,145807
2021-06-21 09:20:50,2468.9,145946
2021-06-21 09:20:50,2469.5,145951
2021-06-21 09:20:51,2469.25,146452
2021-06-21 09:20:52,2468.35,146507
2021-06-21 09:20:54,2468.15,146576
2021-06-21 09:20:55,2467.4,146886
2021-06-21 09:20:55,2468.0,146802
2021-06-21 09:20:56,2467.25,147073
2021-06-21 09:20:57,2466.85,147258
2021-06-21 09:21:00,2466.4,147468
2021-06-21 09:21:01,2465.8,147586
2021-06-21 09:21:01,2467.0,147596
2021-06-21 09:21:02,2465.9,147663
2021-06-21 09:21:03,2466.4,147740
2021-06-21 09:21:05,2466.9,148006
2021-06-21 09:21:06,2465.75,148248
2021-06-21 09:21:06,2466.9,148280
2021-06-21 09:21:07,2466.0,148326
2021-06-21 09:21:08,2466.25,148445
2021-06-21 09:21:09,2465.25,148507
2021-06-21 09:21:10,2466.0,148511
2021-06-21 09:21:11,2465.0,148552
2021-06-21 09:21:13,2466.0,149104
2021-06-21 09:21:14,2465.0,149185
2021-06-21 09:21:15,2465.8,149463
2021-06-21 09:21:15,2465.8,149465
2021-06-21 09:21:16,2465.95,149472
2021-06-21 09:21:17,2465.95,149587
2021-06-21 09:21:19,2465.25,149656
2021-06-21 09:21:20,2465.05,149818
2021-06-21 09:21:20,2465.9,149880
2021-06-21 09:21:21,2464.3,154877
2021-06-21 09:21:22,2464.15,155743
2021-06-21 09:21:23,2464.15,155930
2021-06-21 09:21:25,2464.25,156491
2021-06-21 09:21:26,2465.05,156547
2021-06-21 09:21:27,2465.0,156617
2021-06-21 09:21:27,2465.0,156617
2021-06-21 09:21:28,2464.95,156890
2021-06-21 09:21:29,2463.4,157069
2021-06-21 09:21:31,2465.1,157142
2021-06-21 09:21:32,2464.4,157179
2021-06-21 09:21:33,2465.7,157292
2021-06-21 09:21:34,2465.4,157310
2021-06-21 09:21:35,2465.4,157416
2021-06-21 09:21:36,2466.25,158143
2021-06-21 09:21:37,2466.3,158197
2021-06-21 09:21:38,2465.5,158306
2021-06-21 09:21:38,2466.35,158322
2021-06-21 09:21:39,2465.45,158382
2021-06-21 09:21:40,2466.4,158547
2021-06-21 09:21:42,2465.25,158635
2021-06-21 09:21:43,2465.45,158731
2021-06-21 09:21:44,2466.75,158801
2021-06-21 09:21:45,2465.0,158903
2021-06-21 09:21:46,2464.0,159164
2021-06-21 09:21:47,2463.55,159251
2021-06-21 09:21:47,2464.3,159271
2021-06-21 09:21:48,2463.25,159302
2021-06-21 09:21:50,2463.55,159395
2021-06-21 09:21:51,2463.55,159395
2021-06-21 09:21:52,2464.0,159505
2021-06-21 09:21:53,2463.1,159577
2021-06-21 09:21:53,2463.05,159578
2021-06-21 09:21:54,2464.4,159672
2021-06-21 09:21:55,2464.4,159710
2021-06-21 09:21:56,2465.0,159815
2021-06-21 09:21:57,2465.0,159839
2021-06-21 09:21:58,2464.05,159883
2021-06-21 09:21:59,2463.25,160038
2021-06-21 09:22:00,2463.3,160069
2021-06-21 09:22:01,2464.6,160296
2021-06-21 09:22:02,2463.9,160459
2021-06-21 09:22:03,2464.1,160864
2021-06-21 09:22:04,2465.0,161557
2021-06-21 09:22:05,2464.75,161666
2021-06-21 09:22:06,2464.6,161692
2021-06-21 09:22:07,2465.2,161706
2021-06-21 09:22:08,2465.0,161710
2021-06-21 09:22:09,2463.95,161716
2021-06-21 09:22:10,2465.0,161766
2021-06-21 09:22:11,2464.8,161809
2021-06-21 09:22:12,2465.0,161957
2021-06-21 09:22:13,2464.85,162258
2021-06-21 09:22:14,2465.0,162305
2021-06-21 09:22:15,2464.9,162335
2021-06-21 09:22:16,2464.9,162436
2021-06-21 09:22:17,2465.0,162849
2021-06-21 09:22:18,2463.95,162985
2021-06-21 09:22:19,2464.85,163093
2021-06-21 09:22:20,2461.35,165763
2021-06-21 09:22:21,2462.9,166524
2021-06-21 09:22:23,2462.85,166732
2021-06-21 09:22:28,2464.15,167028
2021-06-21 09:22:29,2464.0,167046
2021-06-21 09:22:30,2464.1,167092
2021-06-21 09:22:31,2464.65,167123
2021-06-21 09:22:32,2464.65,167123
2021-06-21 09:22:33,2465.0,167326
2021-06-21 09:22:34,2465.4,167336
2021-06-21 09:22:35,2465.0,167392
2021-06-21 09:22:36,2465.0,167406
2021-06-21 09:22:37,2464.2,167937
2021-06-21 09:22:38,2465.5,168437
2021-06-21 09:22:38,2465.7,168443
2021-06-21 09:22:39,2465.1,168487
2021-06-21 09:22:40,2465.8,168527
2021-06-21 09:22:42,2466.8,168797
2021-06-21 09:22:43,2466.75,168841
2021-06-21 09:22:44,2466.0,169595
2021-06-21 09:22:45,2466.0,169671
2021-06-21 09:22:46,2465.0,169702
2021-06-21 09:22:47,2466.05,169797
2021-06-21 09:22:49,2466.0,169980
2021-06-21 09:22:50,2466.0,170081
2021-06-21 09:22:51,2466.8,170265
2021-06-21 09:22:52,2466.65,170266
2021-06-21 09:22:53,2466.0,170302
2021-06-21 09:22:54,2465.4,170333
2021-06-21 09:22:55,2466.4,170442
2021-06-21 09:22:56,2466.75,170465
2021-06-21 09:22:57,2466.75,170466
2021-06-21 09:22:58,2466.75,170505
2021-06-21 09:22:59,2465.8,170536
2021-06-21 09:23:00,2466.75,170662
2021-06-21 09:23:01,2466.35,170802
2021-06-21 09:23:02,2466.3,170895
2021-06-21 09:23:03,2466.7,171074
2021-06-21 09:23:04,2466.6,171107
2021-06-21 09:23:05,2466.6,171161
2021-06-21 09:23:06,2466.6,171198
2021-06-21 09:23:07,2466.9,171399
2021-06-21 09:23:08,2466.9,171415
2021-06-21 09:23:09,2466.75,171494
2021-06-21 09:23:10,2466.6,171496
2021-06-21 09:23:11,2467.65,172046
2021-06-21 09:23:12,2467.95,172092
2021-06-21 09:23:13,2467.9,172134
2021-06-21 09:23:14,2467.9,172134
2021-06-21 09:23:15,2467.8,172154
2021-06-21 09:23:17,2467.6,172256
2021-06-21 09:23:18,2467.9,172356
2021-06-21 09:23:19,2467.8,172372
2021-06-21 09:23:20,2467.65,172373
2021-06-21 09:23:21,2467.15,172500
2021-06-21 09:23:22,2467.6,172633
2021-06-21 09:23:23,2466.55,172902
2021-06-21 09:23:24,2467.4,172956
2021-06-21 09:23:25,2467.75,173108
2021-06-21 09:23:26,2467.4,173153
2021-06-21 09:23:27,2467.4,173175
2021-06-21 09:23:28,2467.4,173206
2021-06-21 09:23:34,2468.0,174236
2021-06-21 09:23:35,2468.15,174240
2021-06-21 09:23:36,2468.15,174255
2021-06-21 09:23:37,2468.2,174290
2021-06-21 09:23:38,2468.6,174309
2021-06-21 09:23:40,2468.2,174352
2021-06-21 09:23:41,2468.9,174354
2021-06-21 09:23:42,2468.9,174354
2021-06-21 09:23:43,2469.0,174471
2021-06-21 09:23:44,2469.0,174481
2021-06-21 09:23:45,2469.0,174487
2021-06-21 09:23:46,2467.6,174921
2021-06-21 09:23:46,2468.85,174924
2021-06-21 09:23:47,2468.85,175377
2021-06-21 09:23:48,2468.85,175386
2021-06-21 09:23:49,2469.0,175473
2021-06-21 09:23:50,2469.75,177157
2021-06-21 09:23:52,2469.0,177704
2021-06-21 09:23:53,2470.0,177894
2021-06-21 09:23:54,2468.8,178562
2021-06-21 09:23:55,2468.7,178641
2021-06-21 09:23:56,2469.85,178716
2021-06-21 09:23:57,2469.85,178716
2021-06-21 09:23:58,2469.85,178727
2021-06-21 09:23:59,2469.85,178738
2021-06-21 09:24:01,2469.0,179029
2021-06-21 09:24:02,2470.0,179349
2021-06-21 09:24:03,2469.1,179379
2021-06-21 09:24:05,2470.35,179530
2021-06-21 09:24:06,2470.1,179561
2021-06-21 09:24:07,2470.1,179767
2021-06-21 09:24:08,2470.0,179802
2021-06-21 09:24:10,2469.75,180025
2021-06-21 09:24:11,2469.75,180108
2021-06-21 09:24:12,2468.65,180615
2021-06-21 09:24:13,2468.65,180761
2021-06-21 09:24:14,2467.65,181756
2021-06-21 09:24:15,2467.25,181854
2021-06-21 09:24:16,2466.3,182167
2021-06-21 09:24:17,2466.8,182189
2021-06-21 09:24:18,2466.5,182240
2021-06-21 09:24:19,2466.35,182316
2021-06-21 09:24:20,2465.95,182427
2021-06-21 09:24:21,2466.3,182471
2021-06-21 09:24:22,2466.25,182484
2021-06-21 09:24:23,2466.6,182531
2021-06-21 09:24:24,2466.0,182537
2021-06-21 09:24:25,2466.85,182644
2021-06-21 09:24:26,2466.85,182775
2021-06-21 09:24:27,2466.85,182775
2021-06-21 09:24:28,2466.05,182777
2021-06-21 09:24:29,2467.2,182790
2021-06-21 09:24:30,2467.2,182802
2021-06-21 09:24:31,2467.85,182819
2021-06-21 09:24:32,2467.9,182828
2021-06-21 09:24:33,2467.2,182854
2021-06-21 09:24:34,2468.15,182999
2021-06-21 09:24:35,2468.15,182999
2021-06-21 09:24:36,2468.15,182999
2021-06-21 09:24:36,2468.2,183000
2021-06-21 09:24:37,2469.5,183124
2021-06-21 09:24:38,2469.5,183145
2021-06-21 09:24:39,2468.35,183220
2021-06-21 09:24:40,2469.5,183499
2021-06-21 09:24:41,2468.05,183724
2021-06-21 09:24:42,2469.3,183741
2021-06-21 09:24:43,2470.05,184760
2021-06-21 09:24:44,2470.05,184856
2021-06-21 09:24:45,2470.85,184886
2021-06-21 09:24:46,2470.85,184893
2021-06-21 09:24:47,2470.95,184904
2021-06-21 09:24:48,2470.95,184964
2021-06-21 09:24:49,2470.05,185119
2021-06-21 09:24:50,2470.95,185156
2021-06-21 09:24:51,2470.8,185365
2021-06-21 09:24:52,2470.8,185366
2021-06-21 09:25:00,2470.95,185925
2021-06-21 09:25:03,2470.95,186027
2021-06-21 09:25:04,2470.95,186059
2021-06-21 09:25:06,2470.95,186612
2021-06-21 09:25:07,2470.8,186863
2021-06-21 09:25:08,2470.95,186870
2021-06-21 09:25:09,2470.0,186929
2021-06-21 09:25:10,2471.0,186948
2021-06-21 09:25:11,2471.0,186964
2021-06-21 09:25:12,2471.0,186966
2021-06-21 09:25:13,2470.95,186977
2021-06-21 09:25:14,2470.95,186977
2021-06-21 09:25:15,2470.0,187030
2021-06-21 09:25:16,2469.55,187197
2021-06-21 09:25:17,2469.55,187282
2021-06-21 09:25:18,2469.4,187368
2021-06-21 09:25:19,2469.7,187544
2021-06-21 09:25:20,2470.05,187550
2021-06-21 09:25:21,2470.0,187602
2021-06-21 09:25:22,2469.0,187732
2021-06-21 09:25:23,2469.0,187747
2021-06-21 09:25:24,2470.0,187754
2021-06-21 09:25:25,2469.95,187765
2021-06-21 09:25:26,2469.95,187765
2021-06-21 09:25:27,2469.95,187808
2021-06-21 09:25:28,2470.0,187848
2021-06-21 09:25:30,2469.95,188002
2021-06-21 09:25:31,2470.65,188181
2021-06-21 09:25:32,2470.15,188204
2021-06-21 09:25:33,2470.65,188206
2021-06-21 09:25:34,2470.2,188334
2021-06-21 09:25:35,2470.1,188389
2021-06-21 09:25:36,2470.9,188392
2021-06-21 09:25:37,2470.9,188451
2021-06-21 09:25:38,2470.9,188461
2021-06-21 09:25:39,2470.9,188479
2021-06-21 09:25:40,2470.1,188516
2021-06-21 09:25:41,2470.9,188522
2021-06-21 09:25:42,2470.9,188552
2021-06-21 09:25:43,2470.8,188563
2021-06-21 09:25:44,2470.8,188597
2021-06-21 09:25:45,2470.8,188628
2021-06-21 09:25:46,2470.8,188688
2021-06-21 09:25:47,2470.8,189061
2021-06-21 09:25:48,2470.5,189462
2021-06-21 09:25:49,2470.9,189553
2021-06-21 09:25:50,2470.8,190246
2021-06-21 09:25:51,2471.35,190248
2021-06-21 09:25:52,2471.4,190266
2021-06-21 09:25:53,2471.0,190286
2021-06-21 09:25:55,2471.45,190589
2021-06-21 09:25:57,2471.1,190951
2021-06-21 09:25:58,2471.35,190952
2021-06-21 09:26:01,2471.5,191180
2021-06-21 09:26:02,2472.0,191478
2021-06-21 09:26:03,2471.6,191612
2021-06-21 09:26:04,2472.5,191691
2021-06-21 09:26:05,2472.5,191695
2021-06-21 09:26:06,2471.6,191836
2021-06-21 09:26:07,2472.4,192014
2021-06-21 09:26:08,2472.45,192072
2021-06-21 09:26:09,2472.0,192275
2021-06-21 09:26:10,2472.0,192275
2021-06-21 09:26:11,2472.95,192357
2021-06-21 09:26:12,2471.6,192427
2021-06-21 09:26:13,2472.4,192459
2021-06-21 09:26:14,2471.6,192530
2021-06-21 09:26:15,2471.0,192900
2021-06-21 09:26:16,2471.45,193027
2021-06-21 09:26:17,2471.45,193079
2021-06-21 09:26:18,2471.45,193080
2021-06-21 09:26:19,2471.55,193233
2021-06-21 09:26:22,2471.55,193702
2021-06-21 09:26:27,2471.6,194187
2021-06-21 09:26:28,2471.5,194352
2021-06-21 09:26:29,2472.3,194372
2021-06-21 09:26:30,2472.35,194385
2021-06-21 09:26:31,2472.5,194386
2021-06-21 09:26:32,2471.55,194486
2021-06-21 09:26:33,2472.5,194489
2021-06-21 09:26:34,2472.5,194491
2021-06-21 09:26:35,2472.5,194492
2021-06-21 09:26:36,2472.5,194505
2021-06-21 09:26:37,2472.3,195135
2021-06-21 09:26:38,2472.5,195199
2021-06-21 09:26:39,2472.5,195201
2021-06-21 09:26:40,2472.5,195205
2021-06-21 09:26:41,2472.5,195265
2021-06-21 09:26:42,2472.5,195285
2021-06-21 09:26:43,2472.9,195297
2021-06-21 09:26:44,2472.9,195307
2021-06-21 09:26:45,2472.9,195357
2021-06-21 09:26:46,2472.05,195421
2021-06-21 09:26:47,2472.25,195430
2021-06-21 09:26:48,2471.9,195549
2021-06-21 09:26:49,2471.8,195586
2021-06-21 09:26:50,2471.65,195596
2021-06-21 09:26:51,2472.0,196007
2021-06-21 09:26:52,2472.05,196017
2021-06-21 09:26:53,2471.65,196080
2021-06-21 09:26:54,2471.65,196080
2021-06-21 09:26:55,2471.9,196087
2021-06-21 09:26:56,2471.8,196102
2021-06-21 09:26:57,2470.85,197112
2021-06-21 09:26:58,2471.35,197589
2021-06-21 09:26:59,2471.05,199196
2021-06-21 09:27:00,2471.0,199398
2021-06-21 09:27:01,2472.95,201024
2021-06-21 09:27:02,2473.0,201185
2021-06-21 09:27:03,2473.0,201190
2021-06-21 09:27:04,2472.25,201217
2021-06-21 09:27:05,2473.0,201218
2021-06-21 09:27:06,2473.0,201221
2021-06-21 09:27:07,2473.0,201341
2021-06-21 09:27:08,2472.3,202351
2021-06-21 09:27:09,2474.0,202532
2021-06-21 09:27:10,2473.0,202726
2021-06-21 09:27:11,2472.4,203037
2021-06-21 09:27:12,2473.0,203583
2021-06-21 09:27:13,2472.45,203624
2021-06-21 09:27:14,2474.05,203690
2021-06-21 09:27:15,2474.1,203691
2021-06-21 09:27:16,2473.35,203757
2021-06-21 09:27:17,2473.2,203767
2021-06-21 09:27:18,2473.2,203767
2021-06-21 09:27:19,2472.05,203800
2021-06-21 09:27:20,2472.05,203841
2021-06-21 09:27:25,2472.8,204277
2021-06-21 09:27:27,2473.65,204430
2021-06-21 09:27:29,2474.0,204443
2021-06-21 09:27:30,2473.0,204474
2021-06-21 09:27:31,2473.3,204739
2021-06-21 09:27:32,2473.3,204763
2021-06-21 09:27:33,2473.8,204781
2021-06-21 09:27:34,2473.8,204781
2021-06-21 09:27:35,2473.9,204801
2021-06-21 09:27:36,2473.8,204811
2021-06-21 09:27:37,2472.5,204816
2021-06-21 09:27:38,2473.5,204817
2021-06-21 09:27:39,2473.5,204897
2021-06-21 09:27:40,2473.8,204898
2021-06-21 09:27:41,2473.8,204898
2021-06-21 09:27:42,2473.0,205122
2021-06-21 09:27:43,2472.15,205278
2021-06-21 09:27:44,2472.25,205741
2021-06-21 09:27:45,2473.65,205786
2021-06-21 09:27:46,2473.65,205799
2021-06-21 09:27:47,2473.65,205815
2021-06-21 09:27:48,2472.95,205994
2021-06-21 09:27:49,2472.95,206004
2021-06-21 09:27:50,2472.95,206035
2021-06-21 09:27:51,2473.0,206087
2021-06-21 09:27:52,2473.9,206144
2021-06-21 09:27:53,2473.65,206165
2021-06-21 09:27:54,2473.65,206165
2021-06-21 09:27:55,2473.6,206170
2021-06-21 09:27:56,2473.0,206237
2021-06-21 09:27:57,2473.65,206359
2021-06-21 09:27:59,2473.85,206364
2021-06-21 09:28:00,2473.1,206447
2021-06-21 09:28:01,2473.9,206468
2021-06-21 09:28:02,2473.65,206475
2021-06-21 09:28:03,2473.9,206476
2021-06-21 09:28:04,2473.5,206885
2021-06-21 09:28:05,2473.0,206954
2021-06-21 09:28:06,2473.75,206955
2021-06-21 09:28:06,2473.75,206955
2021-06-21 09:28:07,2473.95,206965
2021-06-21 09:28:08,2473.1,207018
2021-06-21 09:28:09,2473.6,207244
2021-06-21 09:28:10,2473.65,207295
2021-06-21 09:28:11,2472.0,215553
2021-06-21 09:28:12,2472.0,216019
2021-06-21 09:28:13,2472.7,216599
2021-06-21 09:28:14,2473.2,217146
2021-06-21 09:28:15,2473.0,217175
2021-06-21 09:28:16,2472.0,217223
2021-06-21 09:28:17,2473.25,217322
2021-06-21 09:28:18,2473.25,217329
2021-06-21 09:28:19,2473.5,217334
2021-06-21 09:28:20,2473.75,217372
2021-06-21 09:28:21,2473.75,217603
2021-06-21 09:28:22,2473.8,217605
2021-06-21 09:28:23,2472.25,217672
2021-06-21 09:28:24,2472.3,217718
2021-06-21 09:28:26,2474.7,218000
2021-06-21 09:28:26,2474.7,218000
2021-06-21 09:28:28,2473.6,218163
2021-06-21 09:28:29,2473.65,218219
2021-06-21 09:28:30,2473.65,218222
2021-06-21 09:28:31,2473.0,218363
2021-06-21 09:28:32,2473.75,218513
2021-06-21 09:28:33,2473.6,218561
2021-06-21 09:28:34,2473.6,218562
2021-06-21 09:28:35,2473.5,218678
2021-06-21 09:28:36,2473.6,218757
2021-06-21 09:28:37,2473.6,219203
2021-06-21 09:28:38,2474.75,219746
2021-06-21 09:28:39,2474.75,219786
2021-06-21 09:28:40,2473.6,219818
2021-06-21 09:28:41,2474.65,219870
2021-06-21 09:28:42,2474.5,220002
2021-06-21 09:28:43,2474.6,220092
2021-06-21 09:28:44,2473.4,220136
2021-06-21 09:28:45,2473.4,220168
2021-06-21 09:28:46,2474.3,220202
2021-06-21 09:28:47,2474.3,220253
2021-06-21 09:28:48,2474.3,220314
2021-06-21 09:28:49,2473.55,220319
2021-06-21 09:28:50,2474.35,220378
2021-06-21 09:28:51,2474.5,220480
2021-06-21 09:28:52,2474.5,220480
2021-06-21 09:28:53,2474.5,220510
2021-06-21 09:28:54,2474.7,220554
2021-06-21 09:28:55,2474.7,220555
2021-06-21 09:28:56,2474.65,220722
2021-06-21 09:28:58,2474.65,220722
2021-06-21 09:28:59,2474.6,220761
2021-06-21 09:29:00,2473.5,220817
2021-06-21 09:29:01,2473.5,220817
2021-06-21 09:29:02,2474.0,220918
2021-06-21 09:29:03,2473.2,220970
2021-06-21 09:29:04,2474.65,221072
2021-06-21 09:29:05,2474.0,221114
2021-06-21 09:29:06,2473.45,221256
2021-06-21 09:29:07,2472.75,221331
2021-06-21 09:29:07,2472.75,221331
2021-06-21 09:29:08,2473.2,221407
2021-06-21 09:29:09,2472.6,221461
2021-06-21 09:29:10,2472.6,221463
2021-06-21 09:29:11,2473.0,221484
2021-06-21 09:29:12,2473.0,221484
2021-06-21 09:29:13,2472.75,221495
2021-06-21 09:29:14,2472.75,221508
2021-06-21 09:29:16,2472.6,221539
2021-06-21 09:29:17,2472.75,221682
2021-06-21 09:29:18,2472.5,221719
2021-06-21 09:29:19,2472.5,221719
2021-06-21 09:29:20,2472.95,221739
2021-06-21 09:29:21,2472.1,221933
2021-06-21 09:29:22,2472.65,222025
2021-06-21 09:29:23,2472.65,222025
2021-06-21 09:29:24,2472.6,222387
2021-06-21 09:29:25,2473.25,222392
2021-06-21 09:29:26,2472.6,222437
2021-06-21 09:29:27,2472.6,222469
2021-06-21 09:29:28,2473.2,222494
2021-06-21 09:29:29,2473.2,222498
2021-06-21 09:29:30,2473.2,222512
2021-06-21 09:29:31,2473.15,222553
2021-06-21 09:29:32,2472.1,222804
2021-06-21 09:29:33,2472.0,222898
2021-06-21 09:29:34,2472.0,222997
2021-06-21 09:29:35,2472.15,223521
2021-06-21 09:29:36,2471.75,223562
2021-06-21 09:29:38,2471.75,223660
2021-06-21 09:29:39,2471.2,223691
2021-06-21 09:29:40,2471.2,223691
2021-06-21 09:29:40,2471.2,223691
2021-06-21 09:29:41,2471.95,223692
2021-06-21 09:29:42,2471.95,223692
2021-06-21 09:29:43,2471.95,223692
2021-06-21 09:29:45,2471.2,223758
2021-06-21 09:29:46,2471.8,223770
2021-06-21 09:29:47,2471.85,223882
2021-06-21 09:29:49,2471.0,224608
2021-06-21 09:29:51,2471.75,225099
2021-06-21 09:29:52,2471.95,225144
2021-06-21 09:29:53,2471.9,225156
2021-06-21 09:29:54,2471.9,225156
2021-06-21 09:29:55,2471.5,225205
2021-06-21 09:29:56,2471.75,225265
2021-06-21 09:29:57,2471.75,225265
2021-06-21 09:29:58,2471.75,225265
2021-06-21 09:29:59,2470.25,225514
2021-06-21 09:30:00,2471.7,225572
2021-06-21 09:30:01,2471.05,225719
2021-06-21 09:30:02,2472.75,226925
2021-06-21 09:30:03,2472.2,227231
2021-06-21 09:30:05,2473.0,227350
2021-06-21 09:30:06,2473.0,227409
2021-06-21 09:30:08,2473.2,228134
2021-06-21 09:30:09,2472.75,228185
2021-06-21 09:30:10,2472.75,228202
2021-06-21 09:30:11,2473.05,228328
2021-06-21 09:30:12,2473.0,228331
2021-06-21 09:30:13,2473.0,228333
2021-06-21 09:30:14,2473.0,228333
2021-06-21 09:30:14,2473.0,228333
2021-06-21 09:30:15,2473.0,228344
2021-06-21 09:30:16,2473.05,228453
2021-06-21 09:30:17,2473.25,228493
2021-06-21 09:30:18,2473.25,228494
2021-06-21 09:30:19,2473.25,228504
2021-06-21 09:30:20,2471.7,228656
2021-06-21 09:30:21,2471.75,228745
2021-06-21 09:30:22,2471.0,228793
2021-06-21 09:30:24,2471.8,228795
2021-06-21 09:30:25,2471.0,228807
2021-06-21 09:30:26,2471.0,229193
2021-06-21 09:30:27,2471.9,229245
2021-06-21 09:30:28,2471.8,229332
2021-06-21 09:30:28,2471.8,229332
2021-06-21 09:30:29,2471.0,229369
2021-06-21 09:30:30,2471.9,229419
2021-06-21 09:30:31,2471.75,229421
2021-06-21 09:30:32,2471.85,229424
2021-06-21 09:30:33,2471.05,229455
2021-06-21 09:30:34,2471.0,229466
2021-06-21 09:30:35,2471.0,229466
2021-06-21 09:30:36,2471.75,229473
2021-06-21 09:30:37,2471.75,229483
2021-06-21 09:30:38,2471.0,229613
2021-06-21 09:30:39,2471.2,229616
2021-06-21 09:30:40,2471.2,229628
2021-06-21 09:30:41,2471.2,229641
2021-06-21 09:30:42,2471.1,229693
2021-06-21 09:30:43,2471.0,229724
2021-06-21 09:30:44,2471.0,229810
2021-06-21 09:30:45,2471.0,229867
2021-06-21 09:30:46,2471.0,229867
2021-06-21 09:30:47,2471.4,229927
2021-06-21 09:30:48,2471.0,229938
2021-06-21 09:30:49,2471.0,229963
2021-06-21 09:30:50,2471.0,229963
2021-06-21 09:30:51,2471.4,230058
2021-06-21 09:30:52,2471.4,230213
2021-06-21 09:30:53,2471.4,230650
2021-06-21 09:30:54,2471.5,230759
2021-06-21 09:30:55,2471.7,230829
2021-06-21 09:30:56,2472.45,231643
2021-06-21 09:30:57,2472.2,231816
2021-06-21 09:30:58,2472.25,231848
2021-06-21 09:30:59,2472.25,231848
2021-06-21 09:31:00,2472.25,231848
2021-06-21 09:31:02,2471.8,231948
2021-06-21 09:31:03,2471.9,231949
2021-06-21 09:31:04,2471.4,231964
2021-06-21 09:31:05,2471.4,232055
2021-06-21 09:31:06,2471.55,232176
2021-06-21 09:31:07,2471.6,232222
2021-06-21 09:31:08,2471.7,232287
2021-06-21 09:31:09,2471.8,232291
2021-06-21 09:31:10,2471.4,232350
2021-06-21 09:31:11,2471.8,232368
2021-06-21 09:31:12,2471.9,232396
2021-06-21 09:31:13,2471.4,232639
2021-06-21 09:31:14,2471.9,232659
2021-06-21 09:31:15,2471.4,232750
2021-06-21 09:31:16,2471.0,233444
2021-06-21 09:31:17,2471.25,233483
2021-06-21 09:31:18,2471.65,233861
2021-06-21 09:31:19,2471.0,233875
2021-06-21 09:31:21,2471.6,234062
2021-06-21 09:31:23,2471.0,234101
2021-06-21 09:31:23,2471.6,234116
2021-06-21 09:31:24,2471.5,234359
2021-06-21 09:31:25,2471.75,234483
2021-06-21 09:31:26,2472.75,235360
2021-06-21 09:31:28,2472.2,235496
2021-06-21 09:31:31,2471.35,235870
2021-06-21 09:31:32,2472.35,235913
2021-06-21 09:31:33,2472.35,235913
2021-06-21 09:31:34,2472.6,235919
2021-06-21 09:31:35,2472.25,236158
2021-06-21 09:31:36,2471.8,236163
2021-06-21 09:31:37,2471.8,236223
2021-06-21 09:31:38,2471.8,236337
2021-06-21 09:31:39,2472.9,236405
2021-06-21 09:31:40,2471.75,236453
2021-06-21 09:31:41,2471.75,236487
2021-06-21 09:31:42,2472.0,236499
2021-06-21 09:31:43,2471.85,236551
2021-06-21 09:31:45,2473.05,237051
2021-06-21 09:31:46,2474.0,237057
2021-06-21 09:31:47,2471.95,237098
2021-06-21 09:31:48,2473.1,237107
2021-06-21 09:31:49,2473.45,237182
2021-06-21 09:31:50,2473.4,237294
2021-06-21 09:31:51,2473.4,237294
2021-06-21 09:31:52,2473.4,237632
2021-06-21 09:31:53,2472.85,237708
2021-06-21 09:31:54,2473.5,237711
2021-06-21 09:31:55,2474.5,237902
2021-06-21 09:31:56,2474.5,237928
2021-06-21 09:31:57,2474.6,237952
2021-06-21 09:31:57,2474.6,237952
2021-06-21 09:31:58,2474.5,238025
2021-06-21 09:31:59,2473.85,238042
2021-06-21 09:32:00,2472.85,238148
2021-06-21 09:32:01,2473.9,238229
2021-06-21 09:32:02,2474.6,238291
2021-06-21 09:32:03,2473.6,238421
2021-06-21 09:32:04,2473.6,238421
2021-06-21 09:32:08,2473.6,238468
2021-06-21 09:32:09,2473.6,238468
2021-06-21 09:32:10,2473.6,238470
2021-06-21 09:32:12,2473.6,238496
2021-06-21 09:32:13,2473.6,238537
2021-06-21 09:32:14,2473.6,238541
2021-06-21 09:32:15,2473.5,238554
2021-06-21 09:32:16,2473.6,238605
2021-06-21 09:32:16,2473.5,238606
2021-06-21 09:32:17,2473.3,238653
2021-06-21 09:32:19,2474.6,238702
2021-06-21 09:32:20,2473.5,238929
2021-06-21 09:32:21,2473.5,239037
2021-06-21 09:32:21,2473.5,239037
2021-06-21 09:32:22,2473.5,239037
2021-06-21 09:32:23,2474.2,239040
2021-06-21 09:32:25,2473.5,239090
2021-06-21 09:32:26,2473.5,239090
2021-06-21 09:32:27,2472.85,239230
2021-06-21 09:32:27,2472.85,239232
2021-06-21 09:32:30,2473.8,239865
2021-06-21 09:32:32,2474.65,240677
2021-06-21 09:32:34,2474.85,240812
2021-06-21 09:32:34,2473.65,240848
2021-06-21 09:32:35,2474.8,240933
2021-06-21 09:32:38,2474.0,241189
2021-06-21 09:32:39,2474.0,241236
2021-06-21 09:32:39,2474.0,241236
2021-06-21 09:32:40,2473.5,241557
2021-06-21 09:32:42,2474.0,244246
2021-06-21 09:32:43,2474.0,244826
2021-06-21 09:32:44,2472.35,246457
2021-06-21 09:32:45,2472.3,246586
2021-06-21 09:32:46,2472.4,246820
2021-06-21 09:32:46,2472.4,246832
2021-06-21 09:32:47,2472.15,246936
2021-06-21 09:32:48,2472.1,246992
2021-06-21 09:32:49,2472.05,247092
2021-06-21 09:32:51,2472.1,247098
2021-06-21 09:32:52,2472.3,247365
2021-06-21 09:32:53,2473.4,247366
2021-06-21 09:32:54,2473.3,247387
2021-06-21 09:32:54,2473.3,247387
2021-06-21 09:32:55,2473.3,247387
2021-06-21 09:32:56,2473.1,247397
2021-06-21 09:32:57,2473.1,247407
2021-06-21 09:32:59,2473.1,247413
2021-06-21 09:33:00,2473.0,247473
2021-06-21 09:33:01,2472.95,247478
2021-06-21 09:33:02,2473.0,247603
2021-06-21 09:33:03,2473.0,247618
2021-06-21 09:33:04,2472.35,247714
2021-06-21 09:33:04,2472.35,247714
2021-06-21 09:33:05,2473.0,247788
2021-06-21 09:33:08,2473.0,247850
2021-06-21 09:33:08,2472.3,247861
2021-06-21 09:33:10,2473.1,247996
2021-06-21 09:33:11,2474.0,248074
2021-06-21 09:33:12,2473.1,248111
2021-06-21 09:33:13,2473.75,248294
2021-06-21 09:33:14,2473.0,248320
2021-06-21 09:33:14,2473.0,248330
2021-06-21 09:33:15,2473.1,248399
2021-06-21 09:33:16,2473.35,248705
2021-06-21 09:33:17,2472.0,248830
2021-06-21 09:33:19,2473.25,248919
2021-06-21 09:33:20,2472.4,248967
2021-06-21 09:33:21,2473.75,249064
2021-06-21 09:33:22,2472.75,249115
2021-06-21 09:33:22,2473.1,249117
2021-06-21 09:33:23,2472.35,249215
2021-06-21 09:33:25,2473.1,249260
2021-06-21 09:33:26,2472.35,249360
2021-06-21 09:33:27,2473.0,249397
2021-06-21 09:33:27,2473.0,249397
2021-06-21 09:33:29,2474.0,249753
2021-06-21 09:33:31,2474.0,249758
2021-06-21 09:33:32,2473.15,249760
2021-06-21 09:33:33,2473.85,249779
2021-06-21 09:33:35,2473.85,249817
2021-06-21 09:33:36,2473.85,249864
2021-06-21 09:33:36,2473.85,249870
2021-06-21 09:33:37,2473.85,249880
2021-06-21 09:33:38,2473.85,249880
2021-06-21 09:33:40,2473.7,249887
2021-06-21 09:33:41,2473.7,249888
2021-06-21 09:33:42,2473.15,249905
2021-06-21 09:33:43,2473.15,249953
2021-06-21 09:33:43,2473.15,249953
2021-06-21 09:33:44,2473.9,250110
2021-06-21 09:33:45,2472.25,250368
2021-06-21 09:33:46,2473.05,250437
2021-06-21 09:33:47,2473.05,250478
2021-06-21 09:33:49,2473.0,250488
2021-06-21 09:33:50,2473.0,250489
2021-06-21 09:33:51,2473.0,250489
2021-06-21 09:33:52,2473.0,250489
2021-06-21 09:33:52,2473.0,250489
2021-06-21 09:33:53,2472.95,250503
2021-06-21 09:33:54,2472.95,250503
2021-06-21 09:33:56,2472.9,250526
2021-06-21 09:33:57,2472.9,250556
2021-06-21 09:33:58,2472.9,250603
2021-06-21 09:33:58,2472.9,250603
2021-06-21 09:34:00,2472.9,250650
2021-06-21 09:34:01,2472.9,250661
2021-06-21 09:34:02,2472.9,250661
2021-06-21 09:34:04,2472.85,250678
2021-06-21 09:34:05,2472.85,250678
2021-06-21 09:34:06,2472.25,250689
2021-06-21 09:34:07,2472.8,251008
2021-06-21 09:34:08,2472.8,251036
2021-06-21 09:34:09,2472.2,251095
2021-06-21 09:34:10,2472.2,251095
2021-06-21 09:34:10,2472.2,251095
2021-06-21 09:34:11,2472.8,251136
2021-06-21 09:34:12,2472.75,251137
2021-06-21 09:34:13,2472.75,251155
2021-06-21 09:34:14,2472.75,251255
2021-06-21 09:34:16,2472.75,251280
2021-06-21 09:34:17,2472.8,251568
2021-06-21 09:34:18,2473.0,251856
2021-06-21 09:34:19,2473.0,251935
2021-06-21 09:34:20,2473.0,252033
2021-06-21 09:34:22,2472.5,252141
2021-06-21 09:34:23,2473.05,252200
2021-06-21 09:34:24,2472.55,252202
2021-06-21 09:34:25,2472.55,252202
2021-06-21 09:34:26,2473.05,252430
2021-06-21 09:34:27,2473.05,252467
2021-06-21 09:34:27,2473.05,252480
2021-06-21 09:34:28,2473.05,252517
2021-06-21 09:34:29,2473.85,252651
2021-06-21 09:34:31,2473.3,252662
2021-06-21 09:34:32,2473.85,252663
2021-06-21 09:34:33,2473.85,252663
2021-06-21 09:34:34,2474.0,252713
2021-06-21 09:34:36,2474.0,252858
2021-06-21 09:34:37,2474.0,252878
2021-06-21 09:34:38,2474.0,252934
2021-06-21 09:34:39,2474.0,253042
2021-06-21 09:34:39,2474.0,253042
2021-06-21 09:34:40,2474.0,253116
2021-06-21 09:34:42,2474.0,253116
2021-06-21 09:34:43,2473.85,253182
2021-06-21 09:34:44,2474.0,253262
2021-06-21 09:34:45,2474.0,253485
2021-06-21 09:34:46,2474.0,253485
2021-06-21 09:34:47,2474.0,253505
2021-06-21 09:34:48,2474.0,253505
2021-06-21 09:34:49,2474.0,253605
2021-06-21 09:34:50,2473.65,253719
2021-06-21 09:34:50,2473.65,253719
2021-06-21 09:34:51,2473.7,253839
2021-06-21 09:34:53,2473.7,253996
2021-06-21 09:34:54,2473.7,253996
2021-06-21 09:34:55,2473.95,254117
2021-06-21 09:34:57,2474.0,254142
2021-06-21 09:34:58,2474.0,254190
2021-06-21 09:34:58,2474.0,254190
2021-06-21 09:34:59,2473.65,254311
2021-06-21 09:35:01,2474.0,254349
2021-06-21 09:35:02,2474.0,254349
2021-06-21 09:35:03,2473.65,254351
2021-06-21 09:35:04,2473.65,254376
2021-06-21 09:35:05,2473.65,254386
2021-06-21 09:35:06,2473.1,254813
2021-06-21 09:35:07,2473.2,254971
2021-06-21 09:35:09,2473.35,255015
2021-06-21 09:35:10,2473.6,255020
2021-06-21 09:35:11,2473.35,255050
2021-06-21 09:35:12,2473.35,255054
2021-06-21 09:35:13,2473.5,255087
2021-06-21 09:35:13,2473.5,255087
2021-06-21 09:35:15,2473.5,255087
2021-06-21 09:35:16,2473.4,255124
2021-06-21 09:35:17,2473.4,255134
2021-06-21 09:35:18,2473.4,255144
2021-06-21 09:35:19,2473.4,255144
2021-06-21 09:35:20,2473.4,255264
2021-06-21 09:35:22,2473.35,255539
2021-06-21 09:35:23,2472.0,256494
2021-06-21 09:35:24,2472.6,256586
2021-06-21 09:35:24,2472.6,256586
2021-06-21 09:35:26,2471.95,256639
2021-06-21 09:35:27,2471.95,256790
2021-06-21 09:35:28,2471.95,256796
2021-06-21 09:35:29,2472.7,256946
2021-06-21 09:35:29,2472.7,256896
2021-06-21 09:35:30,2471.95,256950
2021-06-21 09:35:32,2472.6,256982
2021-06-21 09:35:33,2472.6,257029
2021-06-21 09:35:34,2472.6,257030
2021-06-21 09:35:35,2472.6,257030
2021-06-21 09:35:36,2472.3,257045
2021-06-21 09:35:37,2472.3,257063
2021-06-21 09:35:38,2472.6,257064
2021-06-21 09:35:39,2472.6,257067
2021-06-21 09:35:39,2472.6,257067
2021-06-21 09:35:41,2472.3,257100
2021-06-21 09:35:42,2471.7,257191
2021-06-21 09:35:43,2472.6,257818
2021-06-21 09:35:44,2472.6,257852
2021-06-21 09:35:45,2472.5,257857
2021-06-21 09:35:46,2472.5,257882
2021-06-21 09:35:47,2472.6,257932
2021-06-21 09:35:48,2472.55,257941
2021-06-21 09:35:49,2472.6,257944
2021-06-21 09:35:49,2472.6,257944
2021-06-21 09:35:50,2472.35,257963
2021-06-21 09:35:52,2472.45,257964
2021-06-21 09:35:53,2472.45,257968
2021-06-21 09:35:54,2472.35,258064
2021-06-21 09:35:55,2471.75,258258
2021-06-21 09:35:56,2472.15,258269
2021-06-21 09:35:57,2472.15,258285
2021-06-21 09:35:57,2472.15,258356
2021-06-21 09:35:59,2472.2,258357
2021-06-21 09:36:00,2472.15,258377
2021-06-21 09:36:01,2472.15,258382
2021-06-21 09:36:02,2472.05,258393
2021-06-21 09:36:03,2472.15,258429
2021-06-21 09:36:04,2472.2,258474
2021-06-21 09:36:04,2472.2,258474
2021-06-21 09:36:05,2472.15,258475
2021-06-21 09:36:07,2472.15,258485
2021-06-21 09:36:08,2472.15,258525
2021-06-21 09:36:09,2472.15,258590
2021-06-21 09:36:10,2472.0,258674
2021-06-21 09:36:11,2472.0,258674
2021-06-21 09:36:11,2472.0,258674
2021-06-21 09:36:12,2472.15,258994
2021-06-21 09:36:14,2472.1,259060
2021-06-21 09:36:15,2472.15,259133
2021-06-21 09:36:16,2472.4,260160
2021-06-21 09:36:17,2472.45,260340
2021-06-21 09:36:17,2473.0,260345
2021-06-21 09:36:19,2472.25,260351
2021-06-21 09:36:20,2473.05,260354
2021-06-21 09:36:21,2472.95,260467
2021-06-21 09:36:22,2471.55,260984
2021-06-21 09:36:23,2471.55,261004
2021-06-21 09:36:23,2471.55,261036
2021-06-21 09:36:24,2472.0,261051
2021-06-21 09:36:26,2471.55,261063
2021-06-21 09:36:27,2471.55,261093
2021-06-21 09:36:28,2472.1,261117
2021-06-21 09:36:29,2471.55,261251
2021-06-21 09:36:29,2472.1,261280
2021-06-21 09:36:30,2471.55,261301
2021-06-21 09:36:32,2471.0,261378
2021-06-21 09:36:33,2471.0,262381
2021-06-21 09:36:34,2471.0,262513
2021-06-21 09:36:35,2471.0,262991
2021-06-21 09:36:36,2471.0,263171
2021-06-21 09:36:37,2471.7,263233
2021-06-21 09:36:38,2471.0,263458
2021-06-21 09:36:39,2471.25,263805
2021-06-21 09:36:40,2471.35,264008
2021-06-21 09:36:42,2471.75,264144
2021-06-21 09:36:43,2472.15,264178
2021-06-21 09:36:44,2472.15,264189
2021-06-21 09:36:45,2472.6,264642
2021-06-21 09:36:46,2471.25,264841
2021-06-21 09:36:47,2471.0,265007
2021-06-21 09:36:48,2471.95,265014
2021-06-21 09:36:49,2472.0,265032
2021-06-21 09:36:50,2471.85,265138
2021-06-21 09:36:51,2471.85,265139
2021-06-21 09:36:52,2472.0,265151
2021-06-21 09:36:54,2472.0,265171
2021-06-21 09:36:55,2472.05,265315
2021-06-21 09:36:56,2472.05,265626
2021-06-21 09:36:57,2472.05,265647
2021-06-21 09:36:58,2472.05,265671
2021-06-21 09:36:59,2472.05,265677
2021-06-21 09:37:00,2473.25,265853
2021-06-21 09:37:01,2473.25,265861
2021-06-21 09:37:02,2472.3,265879
2021-06-21 09:37:03,2472.3,265953
2021-06-21 09:37:04,2472.3,265967
2021-06-21 09:37:05,2472.05,266017
2021-06-21 09:37:06,2472.3,266044
2021-06-21 09:37:07,2471.75,266332
2021-06-21 09:37:08,2472.3,266640
2021-06-21 09:37:09,2471.75,266666
2021-06-21 09:37:10,2472.0,266689
2021-06-21 09:37:11,2472.0,266712
2021-06-21 09:37:12,2472.0,266718
2021-06-21 09:37:13,2472.0,266727
2021-06-21 09:37:14,2472.0,266733
2021-06-21 09:37:15,2472.0,266753
2021-06-21 09:37:16,2472.0,266780
2021-06-21 09:37:17,2472.0,266798
2021-06-21 09:37:19,2472.65,266951
2021-06-21 09:37:20,2472.6,267159
2021-06-21 09:37:21,2472.8,267248
2021-06-21 09:37:22,2472.05,267255
2021-06-21 09:37:23,2471.05,267963
2021-06-21 09:37:24,2471.0,268005
2021-06-21 09:37:25,2471.0,268015
2021-06-21 09:37:26,2471.0,268331
2021-06-21 09:37:27,2471.0,268337
2021-06-21 09:37:28,2471.0,268407
2021-06-21 09:37:30,2471.0,268690
2021-06-21 09:37:31,2471.8,268738
2021-06-21 09:37:33,2471.85,269241
2021-06-21 09:37:34,2471.0,269365
2021-06-21 09:37:35,2470.8,269385
2021-06-21 09:37:36,2470.8,269391
2021-06-21 09:37:39,2470.65,269435
2021-06-21 09:37:40,2471.15,269451
2021-06-21 09:37:41,2471.15,269488
2021-06-21 09:37:42,2471.0,269548
2021-06-21 09:37:43,2471.0,269561
2021-06-21 09:37:44,2471.0,269570
2021-06-21 09:37:45,2471.0,269648
2021-06-21 09:37:46,2471.0,269662
2021-06-21 09:37:47,2471.0,269800
2021-06-21 09:37:48,2470.4,270180
2021-06-21 09:37:49,2471.0,270323
2021-06-21 09:37:50,2471.0,270387
2021-06-21 09:37:51,2471.0,270416
2021-06-21 09:37:52,2471.0,270551
2021-06-21 09:37:53,2471.0,270621
2021-06-21 09:37:54,2471.0,270728
2021-06-21 09:37:55,2471.3,271071
2021-06-21 09:37:56,2471.6,271096
2021-06-21 09:37:57,2471.55,271116
2021-06-21 09:37:58,2471.55,271185
2021-06-21 09:37:59,2471.55,271186
2021-06-21 09:38:00,2471.55,271278
2021-06-21 09:38:01,2471.0,271348
2021-06-21 09:38:02,2471.0,271354
2021-06-21 09:38:03,2471.6,271362
2021-06-21 09:38:04,2471.0,271379
2021-06-21 09:38:05,2471.05,271388
2021-06-21 09:38:06,2471.0,271455
2021-06-21 09:38:07,2471.0,271471
2021-06-21 09:38:08,2471.0,271479
2021-06-21 09:38:09,2471.0,271489
2021-06-21 09:38:10,2471.05,273294
2021-06-21 09:38:11,2471.05,273376
2021-06-21 09:38:12,2471.05,273614
2021-06-21 09:38:13,2471.95,273685
2021-06-21 09:38:14,2473.0,275046
2021-06-21 09:38:15,2473.2,275099
2021-06-21 09:38:16,2472.2,275251
2021-06-21 09:38:17,2472.85,275261
2021-06-21 09:38:18,2472.85,275281
2021-06-21 09:38:19,2472.85,275295
2021-06-21 09:38:21,2473.15,275335
2021-06-21 09:38:23,2472.55,275564
2021-06-21 09:38:24,2472.2,275566
2021-06-21 09:38:25,2471.4,275589
2021-06-21 09:38:26,2471.55,275602
2021-06-21 09:38:27,2472.2,275612
2021-06-21 09:38:28,2472.2,275612
2021-06-21 09:38:29,2472.4,275642
2021-06-21 09:38:30,2473.25,277305
2021-06-21 09:38:31,2473.25,277456
2021-06-21 09:38:32,2474.0,277519
2021-06-21 09:38:33,2473.2,277653
2021-06-21 09:38:34,2474.0,277655
2021-06-21 09:38:35,2473.9,277667
2021-06-21 09:38:36,2474.0,277979
2021-06-21 09:38:37,2474.0,278021
2021-06-21 09:38:39,2474.0,278031
2021-06-21 09:38:40,2473.95,278105
2021-06-21 09:38:41,2473.85,278236
2021-06-21 09:38:42,2473.85,278325
2021-06-21 09:38:43,2473.8,278332
2021-06-21 09:38:44,2473.8,278354
2021-06-21 09:38:44,2473.85,278358
2021-06-21 09:38:45,2473.85,278377
2021-06-21 09:38:48,2473.8,278456
2021-06-21 09:38:49,2473.8,278464
2021-06-21 09:38:50,2473.8,278471
2021-06-21 09:38:51,2474.6,282683
2021-06-21 09:38:52,2473.5,282750
2021-06-21 09:38:53,2474.35,282771
2021-06-21 09:38:54,2474.35,283007
2021-06-21 09:38:55,2474.6,283108
2021-06-21 09:38:56,2474.7,283158
2021-06-21 09:38:57,2474.9,283176
2021-06-21 09:38:58,2474.85,283208
2021-06-21 09:38:59,2474.35,283244
2021-06-21 09:39:01,2474.25,283493
2021-06-21 09:39:03,2474.35,283922
2021-06-21 09:39:04,2474.35,283971
2021-06-21 09:39:05,2474.35,283993
2021-06-21 09:39:06,2474.35,284013
2021-06-21 09:39:08,2474.35,284651
2021-06-21 09:39:09,2473.5,284794
2021-06-21 09:39:10,2473.8,285331
2021-06-21 09:39:11,2473.8,285338
2021-06-21 09:39:12,2473.8,285406
2021-06-21 09:39:13,2473.85,285420
2021-06-21 09:39:14,2473.95,285475
2021-06-21 09:39:15,2473.95,285530
2021-06-21 09:39:16,2473.85,285628
2021-06-21 09:39:17,2473.85,285768
2021-06-21 09:39:17,2474.8,285780
2021-06-21 09:39:18,2473.95,285812
2021-06-21 09:39:19,2473.95,285845
2021-06-21 09:39:20,2473.95,285851
2021-06-21 09:39:21,2473.95,285870
2021-06-21 09:39:22,2473.6,286046
2021-06-21 09:39:25,2473.05,286122
2021-06-21 09:39:26,2473.05,286178
2021-06-21 09:39:27,2473.1,286191
2021-06-21 09:39:28,2473.05,286207
2021-06-21 09:39:29,2474.0,286287
2021-06-21 09:39:30,2473.8,286311
2021-06-21 09:39:31,2473.8,286324
2021-06-21 09:39:32,2473.0,286356
2021-06-21 09:39:33,2473.0,286372
2021-06-21 09:39:35,2472.0,286465
2021-06-21 09:39:36,2472.0,286599
2021-06-21 09:39:37,2472.1,286637
2021-06-21 09:39:37,2472.0,286635
2021-06-21 09:39:38,2472.4,286672
2021-06-21 09:39:39,2472.45,286683
2021-06-21 09:39:40,2472.55,286743
2021-06-21 09:39:41,2472.7,286756
2021-06-21 09:39:42,2472.75,286775
2021-06-21 09:39:43,2472.7,286784
2021-06-21 09:39:44,2472.7,286792
2021-06-21 09:39:45,2472.7,286821
2021-06-21 09:39:46,2473.6,286855
2021-06-21 09:39:47,2472.7,286918
2021-06-21 09:39:48,2473.05,286957
2021-06-21 09:39:49,2473.05,286992
2021-06-21 09:39:50,2473.8,287010
2021-06-21 09:39:52,2473.8,287035
2021-06-21 09:39:53,2473.7,287096
2021-06-21 09:39:54,2474.35,287170
2021-06-21 09:39:55,2474.5,287182
2021-06-21 09:39:56,2474.35,287198
2021-06-21 09:39:57,2474.35,287211
2021-06-21 09:39:58,2474.35,287211
2021-06-21 09:39:59,2473.85,287233
2021-06-21 09:40:00,2474.0,287302
2021-06-21 09:40:01,2474.35,287326
2021-06-21 09:40:02,2474.35,287369
2021-06-21 09:40:03,2476.95,288371
2021-06-21 09:40:04,2475.8,288550
2021-06-21 09:40:05,2475.8,288716
2021-06-21 09:40:06,2477.0,288726
2021-06-21 09:40:07,2475.95,288760
2021-06-21 09:40:09,2477.0,288785
2021-06-21 09:40:10,2477.0,288871
2021-06-21 09:40:10,2477.0,288891
2021-06-21 09:40:11,2477.05,288896
2021-06-21 09:40:12,2477.05,288896
2021-06-21 09:40:13,2477.8,289029
2021-06-21 09:40:14,2477.3,289054
2021-06-21 09:40:15,2477.15,289095
2021-06-21 09:40:16,2477.5,289217
2021-06-21 09:40:18,2477.0,289387
2021-06-21 09:40:20,2477.0,289438
2021-06-21 09:40:21,2477.05,289509
2021-06-21 09:40:23,2477.05,289522
2021-06-21 09:40:24,2476.5,289689
2021-06-21 09:40:25,2476.1,289855
2021-06-21 09:40:26,2476.55,289865
2021-06-21 09:40:27,2475.3,292471
2021-06-21 09:40:28,2474.4,292848
2021-06-21 09:40:29,2474.7,293153
2021-06-21 09:40:30,2475.0,293247
2021-06-21 09:40:31,2476.3,293262
2021-06-21 09:40:32,2476.35,293265
2021-06-21 09:40:33,2476.4,293330
2021-06-21 09:40:34,2476.45,293331
2021-06-21 09:40:35,2475.35,293443
2021-06-21 09:40:36,2477.75,294715
2021-06-21 09:40:38,2477.75,294828
2021-06-21 09:40:38,2477.75,294828
2021-06-21 09:40:39,2477.65,294898
2021-06-21 09:40:40,2477.55,295232
2021-06-21 09:40:41,2476.5,295318
2021-06-21 09:40:42,2477.35,295469
2021-06-21 09:40:43,2477.4,295504
2021-06-21 09:40:44,2477.9,295547
2021-06-21 09:40:46,2477.85,295559
2021-06-21 09:40:48,2477.9,296096
2021-06-21 09:40:50,2477.0,296190
2021-06-21 09:40:51,2477.35,296191
2021-06-21 09:40:52,2477.1,296228
2021-06-21 09:40:53,2477.1,296595
2021-06-21 09:40:54,2477.05,296747
2021-06-21 09:40:55,2477.25,296808
2021-06-21 09:40:56,2477.25,296984
2021-06-21 09:40:58,2476.65,297059
2021-06-21 09:40:59,2476.65,297059
2021-06-21 09:41:00,2477.25,297079
2021-06-21 09:41:01,2476.65,297105
2021-06-21 09:41:02,2477.25,297112
2021-06-21 09:41:03,2477.25,297122
2021-06-21 09:41:04,2476.95,297373
2021-06-21 09:41:05,2475.95,297375
2021-06-21 09:41:06,2477.05,297387
2021-06-21 09:41:07,2477.55,297420
2021-06-21 09:41:08,2476.9,297624
2021-06-21 09:41:09,2477.0,297625
2021-06-21 09:41:10,2477.0,297632
2021-06-21 09:41:11,2476.55,297844
2021-06-21 09:41:12,2475.9,297914
2021-06-21 09:41:13,2475.85,298016
2021-06-21 09:41:14,2476.35,298042
2021-06-21 09:41:15,2476.35,298049
2021-06-21 09:41:16,2476.5,298094
2021-06-21 09:41:17,2476.5,298104
2021-06-21 09:41:18,2475.8,298114
2021-06-21 09:41:19,2475.8,298114
2021-06-21 09:41:20,2475.8,298137
2021-06-21 09:41:21,2475.8,298159
2021-06-21 09:41:22,2475.8,298171
2021-06-21 09:41:23,2476.5,298257
2021-06-21 09:41:24,2476.5,298257
2021-06-21 09:41:25,2476.5,298258
2021-06-21 09:41:26,2476.5,298422
2021-06-21 09:41:27,2476.5,298433
2021-06-21 09:41:28,2476.5,298449
2021-06-21 09:41:28,2476.5,298449
2021-06-21 09:41:29,2476.5,298449
2021-06-21 09:41:31,2476.45,298518
2021-06-21 09:41:32,2476.45,298523
2021-06-21 09:41:35,2476.05,298691
2021-06-21 09:41:36,2476.35,298692
2021-06-21 09:41:37,2476.35,298714
2021-06-21 09:41:38,2476.35,298720
2021-06-21 09:41:41,2477.0,299046
2021-06-21 09:41:42,2476.4,299080
2021-06-21 09:41:43,2477.0,299220
2021-06-21 09:41:44,2477.0,299220
2021-06-21 09:41:45,2476.35,299252
2021-06-21 09:41:46,2477.0,299253
2021-06-21 09:41:46,2477.0,299253
2021-06-21 09:41:47,2477.0,299305
2021-06-21 09:41:48,2477.0,299373
2021-06-21 09:41:49,2477.0,299471
2021-06-21 09:41:50,2477.0,299489
2021-06-21 09:41:51,2477.0,299539
2021-06-21 09:41:52,2476.4,299564
2021-06-21 09:41:54,2476.45,299565
2021-06-21 09:41:54,2476.45,299565
2021-06-21 09:41:55,2477.0,299621
2021-06-21 09:41:56,2477.0,300176
2021-06-21 09:41:57,2477.0,300211
2021-06-21 09:41:58,2477.0,300252
2021-06-21 09:41:59,2477.05,300344
2021-06-21 09:42:00,2477.55,300348
2021-06-21 09:42:01,2477.55,300364
2021-06-21 09:42:02,2478.5,300484
2021-06-21 09:42:03,2478.5,300484
2021-06-21 09:42:04,2478.5,300484
2021-06-21 09:42:05,2478.8,300544
2021-06-21 09:42:07,2478.65,301142
2021-06-21 09:42:08,2478.9,301184
2021-06-21 09:42:11,2479.85,301234
2021-06-21 09:42:12,2479.9,301596
2021-06-21 09:42:13,2479.95,301665
2021-06-21 09:42:14,2479.4,302672
2021-06-21 09:42:15,2479.4,302786
2021-06-21 09:42:17,2478.4,302860
2021-06-21 09:42:18,2479.4,302865
2021-06-21 09:42:19,2478.4,302917
2021-06-21 09:42:20,2478.5,303065
2021-06-21 09:42:21,2479.3,303104
2021-06-21 09:42:22,2479.2,303105
2021-06-21 09:42:23,2479.2,303125
2021-06-21 09:42:24,2478.9,303150
2021-06-21 09:42:25,2478.9,303155
2021-06-21 09:42:26,2478.9,303175
2021-06-21 09:42:27,2478.9,303185
2021-06-21 09:42:28,2478.9,303407
2021-06-21 09:42:29,2478.9,303440
2021-06-21 09:42:30,2478.9,303625
2021-06-21 09:42:31,2479.15,303645
2021-06-21 09:42:32,2479.4,303768
2021-06-21 09:42:33,2479.2,303871
2021-06-21 09:42:34,2478.5,303878
2021-06-21 09:42:35,2478.4,304251
2021-06-21 09:42:37,2479.0,304282
2021-06-21 09:42:38,2478.9,304464
2021-06-21 09:42:38,2478.9,304463
2021-06-21 09:42:39,2478.85,304470
2021-06-21 09:42:40,2477.95,305119
2021-06-21 09:42:41,2477.0,305155
2021-06-21 09:42:42,2477.75,305201
2021-06-21 09:42:43,2476.05,305288
2021-06-21 09:42:44,2477.2,305308
2021-06-21 09:42:45,2477.45,305492
2021-06-21 09:42:46,2477.45,305513
2021-06-21 09:42:47,2477.6,305583
2021-06-21 09:42:48,2477.95,305585
2021-06-21 09:42:49,2478.4,306180
2021-06-21 09:42:50,2477.9,306214
2021-06-21 09:42:51,2477.85,306241
2021-06-21 09:42:53,2477.85,306399
2021-06-21 09:42:54,2476.85,306467
2021-06-21 09:42:54,2477.9,306494
2021-06-21 09:42:55,2477.9,306644
2021-06-21 09:42:56,2478.7,307155
2021-06-21 09:42:58,2477.9,307156
2021-06-21 09:42:59,2477.05,307191
2021-06-21 09:43:00,2477.9,307216
2021-06-21 09:43:01,2477.45,307292
2021-06-21 09:43:02,2478.95,307310
2021-06-21 09:43:03,2478.65,307340
2021-06-21 09:43:04,2477.9,307452
2021-06-21 09:43:05,2477.9,307452
2021-06-21 09:43:06,2477.85,307524
2021-06-21 09:43:08,2476.55,307617
2021-06-21 09:43:09,2477.8,307848
2021-06-21 09:43:10,2477.8,307854
2021-06-21 09:43:11,2476.75,307855
2021-06-21 09:43:12,2477.75,307860
2021-06-21 09:43:13,2477.8,307995
2021-06-21 09:43:14,2477.8,308020
2021-06-21 09:43:15,2477.15,308024
2021-06-21 09:43:16,2477.8,308041
2021-06-21 09:43:18,2477.8,308122
2021-06-21 09:43:19,2477.8,308148
2021-06-21 09:43:20,2477.8,308148
2021-06-21 09:43:22,2478.2,308548
2021-06-21 09:43:23,2478.95,308848
2021-06-21 09:43:24,2478.95,308935
2021-06-21 09:43:25,2479.0,308959
2021-06-21 09:43:26,2478.85,309259
2021-06-21 09:43:27,2479.0,309330
2021-06-21 09:43:28,2479.0,309330
2021-06-21 09:43:29,2477.5,309424
2021-06-21 09:43:30,2476.65,309525
2021-06-21 09:43:31,2477.6,309546
2021-06-21 09:43:32,2476.6,309677
2021-06-21 09:43:33,2476.6,309677
2021-06-21 09:43:34,2476.6,309677
2021-06-21 09:43:35,2477.15,309683
2021-06-21 09:43:37,2477.15,309730
2021-06-21 09:43:37,2477.15,309732
2021-06-21 09:43:38,2477.15,309766
2021-06-21 09:43:39,2477.15,309766
2021-06-21 09:43:40,2477.65,310793
2021-06-21 09:43:42,2477.9,310956
2021-06-21 09:43:44,2479.6,311084
2021-06-21 09:43:45,2479.0,311104
2021-06-21 09:43:46,2479.95,311141
2021-06-21 09:43:48,2479.95,311141
2021-06-21 09:43:49,2479.0,311143
2021-06-21 09:43:50,2478.45,311222
2021-06-21 09:43:51,2479.7,311232
2021-06-21 09:43:52,2479.7,311232
2021-06-21 09:43:53,2478.35,311247
2021-06-21 09:43:54,2478.15,311272
2021-06-21 09:43:55,2479.6,311327
2021-06-21 09:43:56,2479.5,311343
2021-06-21 09:43:57,2479.5,311358
2021-06-21 09:43:58,2479.5,311362
2021-06-21 09:43:58,2478.5,311365
2021-06-21 09:43:59,2479.5,311380
2021-06-21 09:44:01,2479.5,311396
2021-06-21 09:44:02,2479.0,311397
2021-06-21 09:44:03,2479.5,311399
2021-06-21 09:44:06,2479.0,311409
2021-06-21 09:44:07,2479.0,311419
2021-06-21 09:44:08,2479.0,311454
2021-06-21 09:44:09,2479.5,311522
2021-06-21 09:44:10,2479.0,312317
2021-06-21 09:44:11,2478.65,312342
2021-06-21 09:44:12,2479.0,312784
2021-06-21 09:44:13,2478.15,312854
2021-06-21 09:44:14,2478.85,312874
2021-06-21 09:44:15,2479.3,312929
2021-06-21 09:44:16,2478.85,312942
2021-06-21 09:44:17,2478.85,312955
2021-06-21 09:44:18,2478.85,312955
2021-06-21 09:44:19,2478.85,313020
2021-06-21 09:44:20,2478.5,313022
2021-06-21 09:44:21,2478.85,313029
2021-06-21 09:44:22,2478.85,313032
2021-06-21 09:44:23,2478.5,313345
2021-06-21 09:44:24,2478.85,313371
2021-06-21 09:44:25,2478.85,313472
2021-06-21 09:44:26,2478.0,313478
2021-06-21 09:44:27,2478.85,313491
2021-06-21 09:44:27,2478.85,313492
2021-06-21 09:44:28,2478.9,313597
2021-06-21 09:44:29,2478.3,313641
2021-06-21 09:44:30,2478.3,313641
2021-06-21 09:44:31,2478.4,313707
2021-06-21 09:44:32,2479.0,313711
2021-06-21 09:44:33,2478.85,313723
2021-06-21 09:44:35,2479.0,313829
2021-06-21 09:44:36,2478.85,313830
2021-06-21 09:44:37,2479.15,313990
2021-06-21 09:44:38,2478.0,314008
2021-06-21 09:44:39,2479.0,314308
2021-06-21 09:44:40,2478.9,314310
2021-06-21 09:44:41,2478.85,314330
2021-06-21 09:44:42,2478.85,314330
2021-06-21 09:44:43,2478.9,314334
2021-06-21 09:44:44,2479.2,314448
2021-06-21 09:44:45,2479.2,314450
2021-06-21 09:44:46,2479.85,314470
2021-06-21 09:44:47,2479.2,314938
2021-06-21 09:44:48,2479.9,314939
2021-06-21 09:44:49,2479.3,314990
2021-06-21 09:44:50,2479.9,315186
2021-06-21 09:44:50,2479.9,315186
2021-06-21 09:44:53,2479.75,315251
2021-06-21 09:44:54,2479.7,315254
2021-06-21 09:44:55,2479.95,316487
2021-06-21 09:44:56,2479.05,316610
2021-06-21 09:44:57,2479.95,316621
2021-06-21 09:44:57,2479.95,316621
2021-06-21 09:44:58,2479.95,316629
2021-06-21 09:45:00,2479.95,316680
2021-06-21 09:45:01,2479.95,316882
2021-06-21 09:45:02,2479.0,317040
2021-06-21 09:45:03,2478.9,317151
2021-06-21 09:45:04,2479.0,317233
2021-06-21 09:45:05,2478.95,317253
2021-06-21 09:45:06,2479.0,317258
2021-06-21 09:45:07,2479.0,317288
2021-06-21 09:45:08,2479.0,317356
2021-06-21 09:45:09,2479.0,317378
2021-06-21 09:45:10,2479.0,317438
2021-06-21 09:45:11,2479.0,317468
2021-06-21 09:45:12,2479.5,317849
2021-06-21 09:45:14,2479.6,317983
2021-06-21 09:45:14,2479.65,317999
2021-06-21 09:45:15,2479.65,317999
2021-06-21 09:45:16,2478.85,318050
2021-06-21 09:45:17,2477.6,318242
2021-06-21 09:45:18,2478.1,318247
2021-06-21 09:45:19,2478.15,318264
2021-06-21 09:45:21,2478.05,318363
2021-06-21 09:45:22,2478.05,318363
2021-06-21 09:45:23,2478.05,318363
2021-06-21 09:45:25,2478.0,318388
2021-06-21 09:45:27,2478.15,318437
2021-06-21 09:45:29,2477.0,318487
2021-06-21 09:45:30,2478.2,318548
2021-06-21 09:45:31,2478.15,318550
2021-06-21 09:45:32,2478.2,318763
2021-06-21 09:45:33,2478.15,318816
2021-06-21 09:45:34,2478.15,318846
2021-06-21 09:45:34,2478.0,318850
2021-06-21 09:45:35,2478.0,318850
2021-06-21 09:45:38,2478.0,318862
2021-06-21 09:45:39,2478.0,318862
2021-06-21 09:45:40,2477.3,318917
2021-06-21 09:45:41,2477.75,319006
2021-06-21 09:45:42,2476.6,319028
2021-06-21 09:45:43,2476.2,319819
2021-06-21 09:45:44,2475.45,320189
2021-06-21 09:45:45,2475.45,320303
2021-06-21 09:45:46,2476.55,320327
2021-06-21 09:45:47,2476.6,320337
2021-06-21 09:45:49,2476.65,320350
2021-06-21 09:45:50,2475.55,320353
2021-06-21 09:45:51,2476.6,320433
2021-06-21 09:45:52,2476.55,320479
2021-06-21 09:45:53,2475.2,320534
2021-06-21 09:45:54,2475.2,320534
2021-06-21 09:45:55,2476.5,320535
2021-06-21 09:45:56,2476.7,321051
2021-06-21 09:45:57,2476.55,321091
2021-06-21 09:45:58,2476.55,321111
2021-06-21 09:45:59,2477.25,321606
2021-06-21 09:46:00,2477.3,321617
2021-06-21 09:46:01,2476.2,321704
2021-06-21 09:46:02,2477.0,321705
2021-06-21 09:46:03,2477.0,321705
2021-06-21 09:46:04,2476.15,321862
2021-06-21 09:46:05,2476.05,321935
2021-06-21 09:46:06,2476.05,321935
2021-06-21 09:46:07,2476.05,321998
2021-06-21 09:46:08,2476.0,322025
2021-06-21 09:46:09,2476.2,322129
2021-06-21 09:46:10,2476.0,322151
2021-06-21 09:46:11,2476.0,322153
2021-06-21 09:46:12,2476.0,322157
2021-06-21 09:46:13,2476.2,322164
2021-06-21 09:46:14,2476.2,322415
2021-06-21 09:46:17,2476.6,323465
2021-06-21 09:46:17,2476.7,323491
2021-06-21 09:46:18,2475.45,323523
2021-06-21 09:46:20,2475.05,323680
2021-06-21 09:46:21,2476.15,323701
2021-06-21 09:46:23,2475.65,324162
2021-06-21 09:46:24,2474.95,324197
2021-06-21 09:46:25,2475.95,324351
2021-06-21 09:46:26,2475.65,324360
2021-06-21 09:46:27,2475.65,325498
2021-06-21 09:46:28,2475.2,325538
2021-06-21 09:46:29,2474.8,325573
2021-06-21 09:46:31,2474.9,325762
2021-06-21 09:46:33,2475.1,325798
2021-06-21 09:46:34,2474.9,325816
2021-06-21 09:46:35,2473.5,325877
2021-06-21 09:46:36,2474.05,325893
2021-06-21 09:46:37,2474.75,326103
2021-06-21 09:46:38,2475.1,326113
2021-06-21 09:46:39,2475.1,326114
2021-06-21 09:46:40,2475.1,326114
2021-06-21 09:46:41,2475.1,326314
2021-06-21 09:46:41,2475.15,326346
2021-06-21 09:46:42,2475.15,326346
2021-06-21 09:46:44,2475.2,326349
2021-06-21 09:46:45,2475.95,326454
2021-06-21 09:46:46,2476.05,327276
2021-06-21 09:46:47,2474.8,327351
2021-06-21 09:46:48,2475.95,327386
2021-06-21 09:46:49,2475.95,327390
2021-06-21 09:46:50,2475.95,327391
2021-06-21 09:46:50,2475.95,327392
2021-06-21 09:46:52,2475.95,327569
2021-06-21 09:46:53,2476.1,327570
2021-06-21 09:46:55,2476.1,327861
2021-06-21 09:46:56,2477.0,327866
2021-06-21 09:46:57,2476.2,327998
2021-06-21 09:46:58,2477.05,328020
2021-06-21 09:46:59,2477.05,328020
2021-06-21 09:47:00,2476.4,328080
2021-06-21 09:47:01,2477.1,328180
2021-06-21 09:47:02,2477.1,328189
2021-06-21 09:47:03,2477.1,328226
2021-06-21 09:47:04,2477.4,328259
2021-06-21 09:47:05,2477.45,328260
2021-06-21 09:47:07,2477.95,328275
2021-06-21 09:47:08,2477.95,328278
2021-06-21 09:47:10,2479.2,329078
2021-06-21 09:47:11,2479.05,329170
2021-06-21 09:47:12,2479.05,329224
2021-06-21 09:47:13,2479.05,329224
2021-06-21 09:47:14,2479.05,329238
2021-06-21 09:47:15,2478.85,329299
2021-06-21 09:47:16,2479.0,329390
2021-06-21 09:47:17,2479.75,330409
2021-06-21 09:47:18,2479.85,330470
2021-06-21 09:47:19,2479.75,330524
2021-06-21 09:47:20,2479.85,330574
2021-06-21 09:47:21,2477.65,332696
2021-06-21 09:47:22,2477.65,332763
2021-06-21 09:47:23,2478.05,332976
2021-06-21 09:47:24,2477.95,332985
2021-06-21 09:47:25,2477.95,332985
2021-06-21 09:47:26,2478.15,333037
2021-06-21 09:47:27,2478.35,333197
2021-06-21 09:47:28,2478.2,333216
2021-06-21 09:47:29,2478.2,333226
2021-06-21 09:47:30,2477.7,333229
2021-06-21 09:47:31,2477.7,333229
2021-06-21 09:47:32,2477.7,333229
2021-06-21 09:47:33,2478.6,333237
2021-06-21 09:47:34,2478.6,333237
2021-06-21 09:47:37,2478.6,333269
2021-06-21 09:47:38,2478.65,333278
2021-06-21 09:47:39,2478.65,333280
2021-06-21 09:47:40,2478.7,333344
2021-06-21 09:47:41,2479.0,333374
2021-06-21 09:47:42,2479.0,333374
2021-06-21 09:47:43,2479.65,333608
2021-06-21 09:47:44,2478.7,333659
2021-06-21 09:47:45,2478.75,333674
2021-06-21 09:47:46,2479.75,333675
2021-06-21 09:47:47,2478.7,333699
2021-06-21 09:47:48,2478.7,333699
2021-06-21 09:47:49,2479.8,333853
2021-06-21 09:47:50,2479.85,333857
2021-06-21 09:47:51,2479.7,333860
2021-06-21 09:47:52,2479.75,333871
2021-06-21 09:47:53,2479.85,334579
2021-06-21 09:47:54,2479.9,334788
2021-06-21 09:47:55,2479.95,334955
2021-06-21 09:47:56,2479.95,335112
2021-06-21 09:47:57,2479.95,335172
2021-06-21 09:47:58,2479.95,335194
2021-06-21 09:47:59,2479.95,335194
2021-06-21 09:48:01,2479.95,335220
2021-06-21 09:48:03,2478.7,335300
2021-06-21 09:48:04,2478.6,335343
2021-06-21 09:48:05,2478.85,335348
2021-06-21 09:48:06,2478.85,335353
2021-06-21 09:48:07,2479.0,335365
2021-06-21 09:48:08,2478.2,335375
2021-06-21 09:48:09,2479.0,335394
2021-06-21 09:48:10,2479.0,335394
2021-06-21 09:48:11,2479.0,335394
2021-06-21 09:48:13,2478.9,335447
2021-06-21 09:48:16,2477.75,335539
2021-06-21 09:48:17,2478.95,335795
2021-06-21 09:48:18,2478.95,335795
2021-06-21 09:48:19,2478.35,336239
2021-06-21 09:48:20,2476.95,337503
2021-06-21 09:48:21,2477.35,341114
2021-06-21 09:48:22,2476.35,342382
2021-06-21 09:48:23,2476.35,342954
2021-06-21 09:48:24,2476.15,343254
2021-06-21 09:48:25,2477.15,343290
2021-06-21 09:48:26,2476.4,343854
2021-06-21 09:48:27,2477.15,344119
2021-06-21 09:48:28,2477.15,344143
2021-06-21 09:48:29,2478.35,345145
2021-06-21 09:48:30,2478.2,345567
2021-06-21 09:48:31,2478.25,345710
2021-06-21 09:48:32,2477.7,345723
2021-06-21 09:48:33,2477.7,345729
2021-06-21 09:48:34,2478.6,346003
2021-06-21 09:48:35,2478.7,346304
2021-06-21 09:48:36,2478.75,346310
2021-06-21 09:48:37,2478.7,346344
2021-06-21 09:48:38,2478.25,346359
2021-06-21 09:48:39,2478.25,346394
2021-06-21 09:48:41,2478.7,346595
2021-06-21 09:48:42,2478.7,347096
2021-06-21 09:48:43,2478.5,347311
2021-06-21 09:48:44,2478.75,347324
2021-06-21 09:48:45,2478.9,347428
2021-06-21 09:48:46,2479.9,348092
2021-06-21 09:48:47,2479.25,348490
2021-06-21 09:48:48,2479.9,348491
2021-06-21 09:48:49,2479.95,348865
2021-06-21 09:48:50,2479.95,349160
2021-06-21 09:48:51,2480.0,350434
2021-06-21 09:48:52,2480.05,350638
2021-06-21 09:48:53,2480.0,350736
2021-06-21 09:48:54,2480.0,350885
2021-06-21 09:48:55,2480.2,351244
2021-06-21 09:48:56,2481.4,351271
2021-06-21 09:48:57,2481.65,351523
2021-06-21 09:48:58,2481.75,351621
2021-06-21 09:48:59,2481.35,351649
2021-06-21 09:49:00,2481.0,351676
2021-06-21 09:49:01,2481.35,351820
2021-06-21 09:49:02,2480.85,351964
2021-06-21 09:49:03,2481.3,352009
2021-06-21 09:49:04,2481.0,352136
2021-06-21 09:49:05,2479.7,352678
2021-06-21 09:49:06,2480.65,352796
2021-06-21 09:49:07,2479.6,352799
2021-06-21 09:49:08,2480.15,352924
2021-06-21 09:49:09,2480.0,353183
2021-06-21 09:49:10,2480.1,353211
2021-06-21 09:49:11,2480.1,353211
2021-06-21 09:49:12,2480.95,353332
2021-06-21 09:49:13,2480.5,353382
2021-06-21 09:49:14,2480.5,353387
2021-06-21 09:49:15,2480.5,353404
2021-06-21 09:49:16,2480.5,353430
2021-06-21 09:49:17,2480.5,353645
2021-06-21 09:49:18,2481.0,353781
2021-06-21 09:49:19,2480.85,353800
2021-06-21 09:49:20,2480.85,353800
2021-06-21 09:49:21,2480.5,353873
2021-06-21 09:49:23,2480.15,354407
2021-06-21 09:49:24,2480.25,354460
2021-06-21 09:49:25,2480.25,354460
2021-06-21 09:49:26,2480.25,354496
2021-06-21 09:49:27,2481.75,355517
2021-06-21 09:49:29,2480.45,355721
2021-06-21 09:49:29,2480.45,355721
2021-06-21 09:49:30,2480.9,355750
2021-06-21 09:49:31,2480.9,355752
2021-06-21 09:49:32,2480.9,355772
2021-06-21 09:49:33,2480.75,356453
2021-06-21 09:49:34,2480.3,356551
2021-06-21 09:49:35,2480.8,356668
2021-06-21 09:49:37,2480.9,356736
2021-06-21 09:49:37,2480.9,356736
2021-06-21 09:49:38,2480.9,356751
2021-06-21 09:49:39,2480.9,356805
2021-06-21 09:49:40,2480.9,356805
2021-06-21 09:49:42,2480.45,356912
2021-06-21 09:49:44,2480.45,356913
2021-06-21 09:49:46,2480.45,357189
2021-06-21 09:49:47,2480.45,357224
2021-06-21 09:49:48,2480.45,357224
2021-06-21 09:49:49,2480.1,357225
2021-06-21 09:49:50,2479.75,358481
2021-06-21 09:49:51,2479.05,358703
2021-06-21 09:49:52,2480.05,358738
2021-06-21 09:49:53,2480.05,358764
2021-06-21 09:49:54,2480.0,358866
2021-06-21 09:49:55,2480.8,359581
2021-06-21 09:49:57,2480.1,359749
2021-06-21 09:49:58,2480.85,359908
2021-06-21 09:49:58,2480.85,359908
2021-06-21 09:49:59,2480.5,359909
2021-06-21 09:50:00,2479.15,359936
2021-06-21 09:50:01,2480.3,360266
2021-06-21 09:50:02,2480.05,360388
2021-06-21 09:50:03,2480.1,360414
2021-06-21 09:50:04,2480.1,360414
2021-06-21 09:50:06,2479.0,360598
2021-06-21 09:50:07,2479.85,360748
2021-06-21 09:50:08,2479.7,360778
2021-06-21 09:50:09,2478.8,360782
2021-06-21 09:50:10,2479.65,360882
2021-06-21 09:50:10,2479.45,360894
2021-06-21 09:50:11,2479.65,361148
2021-06-21 09:50:12,2479.0,361149
2021-06-21 09:50:13,2480.1,362154
2021-06-21 09:50:14,2479.45,362318
2021-06-21 09:50:15,2480.0,362321
2021-06-21 09:50:17,2480.35,362446
2021-06-21 09:50:18,2479.3,362568
2021-06-21 09:50:19,2480.45,363074
2021-06-21 09:50:21,2480.15,364359
2021-06-21 09:50:22,2480.05,364367
2021-06-21 09:50:23,2480.4,364382
2021-06-21 09:50:24,2480.4,364487
2021-06-21 09:50:24,2480.3,364534
2021-06-21 09:50:26,2481.0,364885
2021-06-21 09:50:26,2481.0,364885
2021-06-21 09:50:27,2480.3,365333
2021-06-21 09:50:28,2480.85,365418
2021-06-21 09:50:29,2480.95,365557
2021-06-21 09:50:30,2480.9,365608
2021-06-21 09:50:31,2481.1,365753
2021-06-21 09:50:32,2480.25,366078
2021-06-21 09:50:33,2479.4,366114
2021-06-21 09:50:34,2480.4,366290
2021-06-21 09:50:35,2480.75,366482
2021-06-21 09:50:36,2481.0,366522
2021-06-21 09:50:37,2480.7,366538
2021-06-21 09:50:38,2480.7,366555
2021-06-21 09:50:39,2480.7,366610
2021-06-21 09:50:40,2480.3,366751
2021-06-21 09:50:41,2480.3,366772
2021-06-21 09:50:43,2480.85,366923
2021-06-21 09:50:44,2480.9,367068
2021-06-21 09:50:45,2480.0,367493
2021-06-21 09:50:46,2480.9,367650
2021-06-21 09:50:47,2481.0,367673
2021-06-21 09:50:48,2481.0,367683
2021-06-21 09:50:49,2480.55,367733
2021-06-21 09:50:50,2481.4,367845
2021-06-21 09:50:51,2480.95,367892
2021-06-21 09:50:51,2480.95,367916
2021-06-21 09:50:52,2480.55,367917
2021-06-21 09:50:53,2480.4,368359
2021-06-21 09:50:54,2480.3,368469
2021-06-21 09:50:56,2481.15,368675
2021-06-21 09:50:57,2481.9,368997
2021-06-21 09:50:58,2481.25,369028
2021-06-21 09:50:59,2481.25,369028
2021-06-21 09:51:00,2481.25,369078
2021-06-21 09:51:01,2481.9,369091
2021-06-21 09:51:02,2481.6,369154
2021-06-21 09:51:03,2481.4,369157
2021-06-21 09:51:04,2481.6,369174
2021-06-21 09:51:05,2481.8,369315
2021-06-21 09:51:06,2481.95,369426
2021-06-21 09:51:08,2481.9,369574
2021-06-21 09:51:08,2481.9,369574
2021-06-21 09:51:09,2482.0,371266
2021-06-21 09:51:10,2481.9,371375
2021-06-21 09:51:11,2482.5,371492
2021-06-21 09:51:12,2482.0,372210
2021-06-21 09:51:13,2481.2,372260
2021-06-21 09:51:14,2482.35,372626
2021-06-21 09:51:15,2482.6,373308
2021-06-21 09:51:16,2482.35,373318
2021-06-21 09:51:17,2482.6,373391
2021-06-21 09:51:19,2482.6,373731
2021-06-21 09:51:19,2481.3,373732
2021-06-21 09:51:20,2482.6,373793
2021-06-21 09:51:22,2482.6,373842
2021-06-21 09:51:23,2481.15,374507
2021-06-21 09:51:24,2482.2,374564
2021-06-21 09:51:25,2481.85,374654
2021-06-21 09:51:26,2481.85,374817
2021-06-21 09:51:27,2481.3,374930
2021-06-21 09:51:29,2481.85,375138
2021-06-21 09:51:30,2481.0,375341
2021-06-21 09:51:32,2481.3,375540
2021-06-21 09:51:33,2481.75,375643
2021-06-21 09:51:34,2481.0,375655
2021-06-21 09:51:35,2480.3,375697
2021-06-21 09:51:36,2480.0,377308
2021-06-21 09:51:37,2480.2,377766
2021-06-21 09:51:39,2480.0,377831
2021-06-21 09:51:40,2479.2,377956
2021-06-21 09:51:41,2480.0,377961
2021-06-21 09:51:42,2479.2,378020
2021-06-21 09:51:43,2480.0,378092
2021-06-21 09:51:44,2480.0,378173
2021-06-21 09:51:45,2479.3,378213
2021-06-21 09:51:46,2480.0,378263
2021-06-21 09:51:46,2479.95,378287
2021-06-21 09:51:47,2479.35,378315
2021-06-21 09:51:48,2479.4,378316
2021-06-21 09:51:49,2479.35,378547
2021-06-21 09:51:50,2480.0,378664
2021-06-21 09:51:51,2479.25,378668
2021-06-21 09:51:52,2479.15,378669
2021-06-21 09:51:53,2479.15,378682
2021-06-21 09:51:54,2479.0,378696
2021-06-21 09:51:55,2479.0,378707
2021-06-21 09:51:56,2479.1,379013
2021-06-21 09:51:57,2478.35,379044
2021-06-21 09:51:59,2478.0,379381
2021-06-21 09:52:00,2477.85,379592
2021-06-21 09:52:02,2477.45,379721
2021-06-21 09:52:03,2477.0,379768
2021-06-21 09:52:03,2478.5,380472
2021-06-21 09:52:04,2478.8,382080
2021-06-21 09:52:05,2476.15,382238
2021-06-21 09:52:06,2476.95,382544
2021-06-21 09:52:07,2475.7,382729
2021-06-21 09:52:08,2475.7,382844
2021-06-21 09:52:09,2475.3,383005
2021-06-21 09:52:10,2475.4,383295
2021-06-21 09:52:11,2475.45,383305
2021-06-21 09:52:12,2475.45,383468
2021-06-21 09:52:13,2475.35,383476
2021-06-21 09:52:14,2477.0,384095
2021-06-21 09:52:15,2477.3,384741
2021-06-21 09:52:16,2477.35,384758
2021-06-21 09:52:17,2476.6,384767
2021-06-21 09:52:18,2476.25,384775
2021-06-21 09:52:19,2476.15,384888
2021-06-21 09:52:20,2475.65,384904
2021-06-21 09:52:21,2475.45,384940
2021-06-21 09:52:23,2475.5,384970
2021-06-21 09:52:24,2475.0,385307
2021-06-21 09:52:24,2475.0,385398
2021-06-21 09:52:28,2477.5,385875
2021-06-21 09:52:29,2477.35,385910
2021-06-21 09:52:30,2477.9,385980
2021-06-21 09:52:31,2478.0,385987
2021-06-21 09:52:32,2478.0,386034
2021-06-21 09:52:33,2478.0,386049
2021-06-21 09:52:34,2477.25,386182
2021-06-21 09:52:35,2478.15,386246
2021-06-21 09:52:36,2478.4,386254
2021-06-21 09:52:37,2478.25,386281
2021-06-21 09:52:38,2478.25,386291
2021-06-21 09:52:39,2478.25,386297
2021-06-21 09:52:40,2478.25,386305
2021-06-21 09:52:42,2478.45,386475
2021-06-21 09:52:43,2479.0,386548
2021-06-21 09:52:43,2479.0,386548
2021-06-21 09:52:44,2478.75,386556
2021-06-21 09:52:45,2478.75,386567
2021-06-21 09:52:46,2478.75,386588
2021-06-21 09:52:47,2478.35,386653
2021-06-21 09:52:48,2479.0,386660
2021-06-21 09:52:49,2479.0,386714
2021-06-21 09:52:50,2478.95,386728
2021-06-21 09:52:51,2478.85,386741
2021-06-21 09:52:52,2478.85,386754
2021-06-21 09:52:53,2478.95,387099
2021-06-21 09:52:54,2478.95,387119
2021-06-21 09:52:55,2478.95,387127
2021-06-21 09:52:56,2478.95,387134
2021-06-21 09:52:57,2478.75,387201
2021-06-21 09:52:58,2479.0,387211
2021-06-21 09:52:59,2479.35,388530
2021-06-21 09:53:00,2480.8,388691
2021-06-21 09:53:02,2479.9,388702
2021-06-21 09:53:03,2479.85,388709
2021-06-21 09:53:04,2479.45,388719
2021-06-21 09:53:05,2479.4,388762
2021-06-21 09:53:06,2479.4,388872
2021-06-21 09:53:07,2479.45,388912
2021-06-21 09:53:07,2479.4,388899
2021-06-21 09:53:08,2479.4,388921
2021-06-21 09:53:09,2479.0,389233
2021-06-21 09:53:10,2479.4,389249
2021-06-21 09:53:11,2479.4,389279
2021-06-21 09:53:12,2479.4,389287
2021-06-21 09:53:13,2479.85,389496
2021-06-21 09:53:14,2479.45,389506
2021-06-21 09:53:15,2479.4,389518
2021-06-21 09:53:16,2479.35,389548
2021-06-21 09:53:17,2478.4,389674
2021-06-21 09:53:18,2479.0,389687
2021-06-21 09:53:20,2478.7,389727
2021-06-21 09:53:21,2478.7,389945
2021-06-21 09:53:22,2478.7,389957
2021-06-21 09:53:23,2479.15,390073
2021-06-21 09:53:24,2479.15,390086
2021-06-21 09:53:25,2479.0,390093
2021-06-21 09:53:26,2478.75,390171
2021-06-21 09:53:28,2478.0,390190
2021-06-21 09:53:29,2477.95,390218
2021-06-21 09:53:29,2477.9,390220
2021-06-21 09:53:30,2478.85,390251
2021-06-21 09:53:31,2478.0,390269
2021-06-21 09:53:33,2478.25,390490
2021-06-21 09:53:35,2477.3,390502
2021-06-21 09:53:36,2477.05,390554
2021-06-21 09:53:39,2476.7,391163
2021-06-21 09:53:40,2477.25,391513
2021-06-21 09:53:41,2477.3,391620
2021-06-21 09:53:42,2477.0,391638
2021-06-21 09:53:43,2478.05,391662
2021-06-21 09:53:44,2477.0,391678
2021-06-21 09:53:45,2477.0,391717
2021-06-21 09:53:46,2477.0,391749
2021-06-21 09:53:46,2477.05,391750
2021-06-21 09:53:47,2477.0,391859
2021-06-21 09:53:48,2476.55,391931
2021-06-21 09:53:49,2476.55,391954
2021-06-21 09:53:50,2477.0,392042
2021-06-21 09:53:51,2476.4,392061
2021-06-21 09:53:52,2476.55,392064
2021-06-21 09:53:54,2476.5,392077
2021-06-21 09:53:55,2476.45,392085
2021-06-21 09:53:56,2476.45,392094
2021-06-21 09:53:57,2476.15,392110
2021-06-21 09:53:58,2476.15,392132
2021-06-21 09:53:59,2476.05,392141
2021-06-21 09:53:59,2476.0,392143
2021-06-21 09:54:00,2475.6,392254
2021-06-21 09:54:02,2475.8,392321
2021-06-21 09:54:03,2475.8,392330
2021-06-21 09:54:04,2475.9,392486
2021-06-21 09:54:05,2475.95,392591
2021-06-21 09:54:06,2475.9,392608
2021-06-21 09:54:06,2475.8,392610
2021-06-21 09:54:07,2475.8,392835
2021-06-21 09:54:08,2475.85,392841
2021-06-21 09:54:10,2475.85,392850
2021-06-21 09:54:11,2475.85,392858
2021-06-21 09:54:13,2476.5,392875
2021-06-21 09:54:14,2475.9,392913
2021-06-21 09:54:15,2476.55,392976
2021-06-21 09:54:16,2476.15,393001
2021-06-21 09:54:17,2476.0,393029
2021-06-21 09:54:18,2476.1,393139
2021-06-21 09:54:19,2476.1,393197
2021-06-21 09:54:20,2476.25,393212
2021-06-21 09:54:21,2476.25,393242
2021-06-21 09:54:21,2476.35,393244
2021-06-21 09:54:22,2476.3,393266
2021-06-21 09:54:23,2476.3,393274
2021-06-21 09:54:24,2476.65,393325
2021-06-21 09:54:26,2477.0,393376
2021-06-21 09:54:27,2477.05,393392
2021-06-21 09:54:28,2477.0,393411
2021-06-21 09:54:29,2477.95,393413
2021-06-21 09:54:29,2477.9,393423
2021-06-21 09:54:30,2477.9,393424
2021-06-21 09:54:31,2477.0,393558
2021-06-21 09:54:32,2478.0,393586
2021-06-21 09:54:34,2477.9,393597
2021-06-21 09:54:35,2477.9,393597
2021-06-21 09:54:36,2477.9,393597
2021-06-21 09:54:37,2479.1,393711
2021-06-21 09:54:38,2478.1,393716
2021-06-21 09:54:39,2479.75,393991
2021-06-21 09:54:40,2478.35,393998
2021-06-21 09:54:41,2478.15,394016
2021-06-21 09:54:43,2480.0,394080
2021-06-21 09:54:45,2480.95,395116
2021-06-21 09:54:46,2480.95,395116
2021-06-21 09:54:47,2479.1,395286
2021-06-21 09:54:48,2479.6,395298
2021-06-21 09:54:50,2478.9,395301
2021-06-21 09:54:51,2478.9,395301
2021-06-21 09:54:52,2478.7,395305
2021-06-21 09:54:54,2479.1,395455
2021-06-21 09:54:55,2479.1,395505
2021-06-21 09:54:55,2478.9,395515
2021-06-21 09:54:56,2479.05,395526
2021-06-21 09:54:58,2479.05,395526
2021-06-21 09:54:59,2479.05,395526
2021-06-21 09:55:00,2479.05,395527
2021-06-21 09:55:01,2479.05,395527
2021-06-21 09:55:02,2479.05,395528
2021-06-21 09:55:03,2479.05,395576
2021-06-21 09:55:04,2478.0,395698
2021-06-21 09:55:05,2478.0,395744
2021-06-21 09:55:07,2478.8,395831
2021-06-21 09:55:09,2478.8,395850
2021-06-21 09:55:10,2479.1,395860
2021-06-21 09:55:11,2479.05,395871
2021-06-21 09:55:12,2479.05,395871
2021-06-21 09:55:13,2479.2,395876
2021-06-21 09:55:14,2479.2,395876
2021-06-21 09:55:16,2479.2,395876
2021-06-21 09:55:17,2479.05,395916
2021-06-21 09:55:17,2479.05,395916
2021-06-21 09:55:19,2479.2,395920
2021-06-21 09:55:20,2479.2,395922
2021-06-21 09:55:21,2479.2,395965
2021-06-21 09:55:23,2479.2,395966
2021-06-21 09:55:24,2479.0,395968
2021-06-21 09:55:25,2478.6,395993
2021-06-21 09:55:26,2479.0,396170
2021-06-21 09:55:27,2479.05,396201
2021-06-21 09:55:28,2479.2,396203
2021-06-21 09:55:29,2480.0,396224
2021-06-21 09:55:30,2479.15,396374
2021-06-21 09:55:31,2479.15,396374
2021-06-21 09:55:32,2480.0,396377
2021-06-21 09:55:33,2478.6,396427
2021-06-21 09:55:35,2479.2,396614
2021-06-21 09:55:36,2479.0,396615
2021-06-21 09:55:38,2480.45,397187
2021-06-21 09:55:39,2480.15,397529
2021-06-21 09:55:40,2479.65,397560
2021-06-21 09:55:41,2479.15,397656
2021-06-21 09:55:42,2479.15,397656
2021-06-21 09:55:43,2479.0,397750
2021-06-21 09:55:44,2479.0,397750
2021-06-21 09:55:44,2479.0,397750
2021-06-21 09:55:46,2479.8,397800
2021-06-21 09:55:46,2479.8,397810
2021-06-21 09:55:50,2478.6,398063
2021-06-21 09:55:51,2478.85,398085
2021-06-21 09:55:52,2478.85,398086
2021-06-21 09:55:53,2478.85,398140
2021-06-21 09:55:54,2478.85,398142
2021-06-21 09:55:55,2479.0,398218
2021-06-21 09:55:56,2479.0,398228
2021-06-21 09:55:58,2478.4,398243
2021-06-21 09:55:59,2479.0,398300
2021-06-21 09:56:00,2479.0,398462
2021-06-21 09:56:01,2478.1,398555
2021-06-21 09:56:04,2478.95,398586
2021-06-21 09:56:04,2478.95,398586
2021-06-21 09:56:05,2478.05,398587
2021-06-21 09:56:06,2478.9,398646
2021-06-21 09:56:08,2478.0,398822
2021-06-21 09:56:08,2478.9,398823
2021-06-21 09:56:09,2478.9,398833
2021-06-21 09:56:11,2478.0,398868
2021-06-21 09:56:12,2478.0,398868
2021-06-21 09:56:13,2478.9,398873
2021-06-21 09:56:14,2478.0,398875
2021-06-21 09:56:14,2478.0,398875
2021-06-21 09:56:15,2478.0,398882
2021-06-21 09:56:16,2478.5,398936
2021-06-21 09:56:17,2478.5,399223
2021-06-21 09:56:19,2478.5,399223
2021-06-21 09:56:20,2478.85,399273
2021-06-21 09:56:23,2478.0,399525
2021-06-21 09:56:24,2478.0,399525
2021-06-21 09:56:26,2476.65,399800
2021-06-21 09:56:27,2477.4,399810
2021-06-21 09:56:28,2477.0,399815
2021-06-21 09:56:29,2476.55,399817
2021-06-21 09:56:30,2476.55,399817
2021-06-21 09:56:31,2476.5,399822
2021-06-21 09:56:32,2476.95,399831
2021-06-21 09:56:33,2477.0,400268
2021-06-21 09:56:34,2477.25,400287
2021-06-21 09:56:34,2477.95,400305
2021-06-21 09:56:36,2477.2,400315
2021-06-21 09:56:36,2477.95,400325
2021-06-21 09:56:38,2477.95,400396
2021-06-21 09:56:39,2477.95,400396
2021-06-21 09:56:41,2477.0,403601
2021-06-21 09:56:42,2477.95,404739
2021-06-21 09:56:43,2478.55,404832
2021-06-21 09:56:44,2478.65,404844
2021-06-21 09:56:46,2479.0,404970
2021-06-21 09:56:47,2477.9,405030
2021-06-21 09:56:48,2478.0,405058
2021-06-21 09:56:49,2478.0,405058
2021-06-21 09:56:49,2478.0,405058
2021-06-21 09:56:52,2477.8,405084
2021-06-21 09:56:52,2477.8,405084
2021-06-21 09:56:54,2477.65,405109
2021-06-21 09:56:55,2477.05,405123
2021-06-21 09:56:55,2477.65,405131
2021-06-21 09:56:57,2477.1,405160
2021-06-21 09:56:58,2477.1,405160
2021-06-21 09:56:59,2477.1,405160
2021-06-21 09:57:00,2477.1,405165
2021-06-21 09:57:01,2477.1,405165
2021-06-21 09:57:02,2478.65,405211
2021-06-21 09:57:03,2478.65,405434
2021-06-21 09:57:04,2478.0,405435
2021-06-21 09:57:05,2478.0,405493
2021-06-21 09:57:07,2479.0,405608
2021-06-21 09:57:08,2479.0,405608
2021-06-21 09:57:09,2478.1,405647
2021-06-21 09:57:09,2478.1,405647
2021-06-21 09:57:11,2478.1,405653
2021-06-21 09:57:11,2478.1,405653
2021-06-21 09:57:13,2478.1,405667
2021-06-21 09:57:14,2479.0,405741
2021-06-21 09:57:15,2479.0,405741
2021-06-21 09:57:16,2479.0,405782
2021-06-21 09:57:17,2479.0,405792
2021-06-21 09:57:18,2478.15,405808
2021-06-21 09:57:19,2478.15,405809
2021-06-21 09:57:20,2478.9,405813
2021-06-21 09:57:21,2478.9,405813
2021-06-21 09:57:22,2478.8,405832
2021-06-21 09:57:22,2478.8,405832
2021-06-21 09:57:24,2478.15,405853
2021-06-21 09:57:25,2478.9,405909
2021-06-21 09:57:26,2478.9,405921
2021-06-21 09:57:27,2478.9,405935
2021-06-21 09:57:28,2478.9,405935
2021-06-21 09:57:29,2478.15,405944
2021-06-21 09:57:30,2479.0,406144
2021-06-21 09:57:31,2479.0,406162
2021-06-21 09:57:32,2479.0,406167
2021-06-21 09:57:33,2479.0,406328
2021-06-21 09:57:33,2479.0,406328
2021-06-21 09:57:34,2479.0,406328
2021-06-21 09:57:35,2479.0,406328
2021-06-21 09:57:36,2479.0,406338
2021-06-21 09:57:37,2479.0,406349
2021-06-21 09:57:39,2479.0,406355
2021-06-21 09:57:40,2479.0,406357
2021-06-21 09:57:41,2479.0,406357
2021-06-21 09:57:42,2479.0,406357
2021-06-21 09:57:43,2479.0,406357
2021-06-21 09:57:44,2479.0,406358
2021-06-21 09:57:46,2479.0,406627
2021-06-21 09:57:46,2479.0,406643
2021-06-21 09:57:47,2479.95,406950
2021-06-21 09:57:49,2479.95,406950
2021-06-21 09:57:50,2479.95,406950
2021-06-21 09:57:51,2479.95,407000
2021-06-21 09:57:52,2479.95,407018
2021-06-21 09:57:53,2479.95,407024
2021-06-21 09:57:54,2479.05,407025
2021-06-21 09:57:55,2479.25,407027
2021-06-21 09:57:56,2479.25,407027
2021-06-21 09:57:57,2479.95,407037
2021-06-21 09:57:58,2479.95,407037
2021-06-21 09:57:59,2479.95,407037
2021-06-21 09:58:00,2479.85,407084
2021-06-21 09:58:01,2479.85,407094
2021-06-21 09:58:02,2479.85,407094
2021-06-21 09:58:03,2477.1,407453
2021-06-21 09:58:04,2478.0,407473
2021-06-21 09:58:05,2478.05,407507
2021-06-21 09:58:06,2478.35,407508
2021-06-21 09:58:07,2478.75,407522
2021-06-21 09:58:08,2478.75,407572
2021-06-21 09:58:09,2478.75,407572
2021-06-21 09:58:10,2478.75,407572
2021-06-21 09:58:11,2478.75,407572
2021-06-21 09:58:12,2478.75,407572
2021-06-21 09:58:13,2478.75,407572
2021-06-21 09:58:14,2478.75,407597
2021-06-21 09:58:15,2478.75,407597
2021-06-21 09:58:16,2478.75,407611
2021-06-21 09:58:17,2478.75,407736
2021-06-21 09:58:18,2477.9,407791
2021-06-21 09:58:19,2478.75,407841
2021-06-21 09:58:20,2478.75,407846
2021-06-21 09:58:21,2479.15,407848
2021-06-21 09:58:22,2479.15,407852
2021-06-21 09:58:23,2479.15,407853
2021-06-21 09:58:24,2479.6,407955
2021-06-21 09:58:25,2479.6,407960
2021-06-21 09:58:26,2479.6,407960
2021-06-21 09:58:27,2479.6,407970
2021-06-21 09:58:29,2478.65,407980
2021-06-21 09:58:30,2478.65,407985
2021-06-21 09:58:31,2478.65,408016
2021-06-21 09:58:32,2478.65,408016
2021-06-21 09:58:33,2478.65,408016
2021-06-21 09:58:34,2478.65,408016
2021-06-21 09:58:35,2479.1,408029
2021-06-21 09:58:36,2478.35,408150
2021-06-21 09:58:37,2478.3,408170
2021-06-21 09:58:38,2478.3,408170
2021-06-21 09:58:39,2478.35,408181
2021-06-21 09:58:40,2477.7,408191
2021-06-21 09:58:42,2477.7,408191
2021-06-21 09:58:43,2477.7,408191
2021-06-21 09:58:44,2478.5,408212
2021-06-21 09:58:46,2477.95,408296
2021-06-21 09:58:47,2478.5,408306
2021-06-21 09:58:48,2478.5,408316
2021-06-21 09:58:49,2478.4,408327
2021-06-21 09:58:50,2478.5,408330
2021-06-21 09:58:51,2478.35,408492
2021-06-21 09:58:52,2478.5,408549
2021-06-21 09:58:53,2477.75,408956
2021-06-21 09:58:54,2479.0,408995
2021-06-21 09:58:55,2479.0,408995
2021-06-21 09:58:56,2479.0,408995
2021-06-21 09:58:57,2479.0,409008
2021-06-21 09:58:58,2479.0,409009
2021-06-21 09:58:59,2479.0,409009
2021-06-21 09:59:00,2479.0,409009
2021-06-21 09:59:01,2479.0,409009
2021-06-21 09:59:02,2478.0,409014
2021-06-21 09:59:03,2478.0,409014
2021-06-21 09:59:04,2478.0,409014
2021-06-21 09:59:05,2478.95,409017
2021-06-21 09:59:06,2478.95,409017
2021-06-21 09:59:07,2478.35,409225
2021-06-21 09:59:08,2478.35,409225
2021-06-21 09:59:09,2478.95,409230
2021-06-21 09:59:10,2478.1,409272
2021-06-21 09:59:11,2478.95,409365
2021-06-21 09:59:14,2479.0,409392
2021-06-21 09:59:15,2479.0,409392
2021-06-21 09:59:16,2478.9,409812
2021-06-21 09:59:17,2479.0,409846
2021-06-21 09:59:18,2478.25,409851
2021-06-21 09:59:19,2479.0,409900
2021-06-21 09:59:20,2479.8,409928
2021-06-21 09:59:21,2479.85,409935
2021-06-21 09:59:22,2479.85,409935
2021-06-21 09:59:23,2479.85,409935
2021-06-21 09:59:24,2479.15,409941
2021-06-21 09:59:25,2479.85,409944
2021-06-21 09:59:26,2479.85,409944
2021-06-21 09:59:27,2479.95,409975
2021-06-21 09:59:29,2479.95,409977
2021-06-21 09:59:30,2479.15,410078
2021-06-21 09:59:31,2479.15,410078
2021-06-21 09:59:32,2479.95,410106
2021-06-21 09:59:34,2480.2,410124
2021-06-21 09:59:35,2479.45,410401
2021-06-21 09:59:36,2479.45,410401
2021-06-21 09:59:37,2481.35,410479
2021-06-21 09:59:38,2481.3,410590
2021-06-21 09:59:39,2481.2,410624
2021-06-21 09:59:40,2481.25,410702
2021-06-21 09:59:42,2481.0,410707
2021-06-21 09:59:43,2481.0,410807
2021-06-21 09:59:44,2481.0,410807
2021-06-21 09:59:45,2480.95,410857
2021-06-21 09:59:46,2480.2,410863
2021-06-21 09:59:47,2480.9,410883
2021-06-21 09:59:48,2480.9,410898
2021-06-21 09:59:49,2480.2,410915
2021-06-21 09:59:50,2480.2,410923
2021-06-21 09:59:51,2480.9,410944
2021-06-21 09:59:52,2480.9,410944
2021-06-21 09:59:53,2480.9,411027
2021-06-21 09:59:54,2480.2,411036
2021-06-21 09:59:55,2480.9,411056
2021-06-21 09:59:56,2480.65,411483
2021-06-21 09:59:57,2480.2,411488
2021-06-21 09:59:58,2480.2,411508
2021-06-21 09:59:59,2480.2,411508
2021-06-21 10:00:00,2480.7,411561
2021-06-21 10:00:01,2480.7,411561
2021-06-21 10:00:02,2480.65,411578
2021-06-21 10:00:03,2480.65,411580
2021-06-21 10:00:04,2478.95,411922
2021-06-21 10:00:05,2479.0,411924
2021-06-21 10:00:06,2480.4,411934
2021-06-21 10:00:08,2480.65,411993
2021-06-21 10:00:09,2480.7,412004
2021-06-21 10:00:10,2480.7,412004
2021-06-21 10:00:11,2480.7,412004
2021-06-21 10:00:12,2479.5,412009
2021-06-21 10:00:13,2478.8,412062
2021-06-21 10:00:14,2479.45,412074
2021-06-21 10:00:15,2479.45,412074
2021-06-21 10:00:16,2479.45,412075
2021-06-21 10:00:17,2479.45,412085
2021-06-21 10:00:18,2479.45,412085
2021-06-21 10:00:19,2479.45,412115
2021-06-21 10:00:21,2479.45,412115
2021-06-21 10:00:22,2478.2,412322
2021-06-21 10:00:22,2478.2,412322
2021-06-21 10:00:24,2478.8,412366
2021-06-21 10:00:25,2478.8,412372
2021-06-21 10:00:26,2478.75,412390
2021-06-21 10:00:27,2478.8,412412
2021-06-21 10:00:28,2478.8,412489
2021-06-21 10:00:29,2479.5,412507
2021-06-21 10:00:30,2479.5,412514
2021-06-21 10:00:31,2479.0,412529
2021-06-21 10:00:32,2479.0,412539
2021-06-21 10:00:33,2479.7,412541
2021-06-21 10:00:37,2479.35,412552
2021-06-21 10:00:37,2479.35,412552
2021-06-21 10:00:38,2479.35,412553
2021-06-21 10:00:39,2479.35,412573
2021-06-21 10:00:40,2479.7,412574
2021-06-21 10:00:41,2479.2,412584
2021-06-21 10:00:42,2480.15,412665
2021-06-21 10:00:43,2480.2,412666
2021-06-21 10:00:44,2480.35,412669
2021-06-21 10:00:45,2480.45,412677
2021-06-21 10:00:46,2481.1,412688
2021-06-21 10:00:47,2481.1,412688
2021-06-21 10:00:48,2481.0,412724
2021-06-21 10:00:49,2481.0,412729
2021-06-21 10:00:50,2481.0,412729
2021-06-21 10:00:51,2481.0,412729
2021-06-21 10:00:52,2481.0,412729
2021-06-21 10:00:53,2481.2,414198
2021-06-21 10:00:54,2482.0,414271
2021-06-21 10:00:55,2482.0,414288
2021-06-21 10:00:56,2481.15,414364
2021-06-21 10:00:57,2482.0,414582
2021-06-21 10:00:58,2482.0,414584
2021-06-21 10:00:59,2482.0,414586
2021-06-21 10:01:00,2481.65,414616
2021-06-21 10:01:01,2481.65,414616
2021-06-21 10:01:02,2481.65,414641
2021-06-21 10:01:03,2481.65,414694
2021-06-21 10:01:05,2480.45,414771
2021-06-21 10:01:06,2480.45,415130
2021-06-21 10:01:07,2482.0,415142
2021-06-21 10:01:08,2482.0,415142
2021-06-21 10:01:09,2481.0,415143
2021-06-21 10:01:10,2481.15,415239
2021-06-21 10:01:12,2481.15,415239
2021-06-21 10:01:12,2481.0,415244
2021-06-21 10:01:13,2481.15,415305
2021-06-21 10:01:15,2481.2,415375
2021-06-21 10:01:16,2481.75,415399
2021-06-21 10:01:17,2482.0,415434
2021-06-21 10:01:19,2482.0,415486
2021-06-21 10:01:19,2482.0,415489
2021-06-21 10:01:20,2482.0,415593
2021-06-21 10:01:21,2482.0,415609
2021-06-21 10:01:22,2482.8,422615
2021-06-21 10:01:23,2482.2,422855
2021-06-21 10:01:24,2483.1,423094
2021-06-21 10:01:25,2483.0,423158
2021-06-21 10:01:27,2483.0,423202
2021-06-21 10:01:28,2482.65,423302
2021-06-21 10:01:28,2482.65,423302
2021-06-21 10:01:29,2482.65,423302
2021-06-21 10:01:31,2483.35,423313
2021-06-21 10:01:33,2483.9,423332
2021-06-21 10:01:34,2483.9,423342
2021-06-21 10:01:36,2483.9,423342
2021-06-21 10:01:37,2483.9,423359
2021-06-21 10:01:38,2483.95,423459
2021-06-21 10:01:38,2483.95,423506
2021-06-21 10:01:40,2484.8,423792
2021-06-21 10:01:41,2484.9,423888
2021-06-21 10:01:43,2484.65,424313
2021-06-21 10:01:44,2485.0,424365
2021-06-21 10:01:45,2485.0,425404
2021-06-21 10:01:45,2485.0,425493
2021-06-21 10:01:46,2485.0,425771
2021-06-21 10:01:47,2485.0,426408
2021-06-21 10:01:48,2484.85,426414
2021-06-21 10:01:49,2484.35,426487
2021-06-21 10:01:50,2484.35,426487
2021-06-21 10:01:51,2485.65,426938
2021-06-21 10:01:52,2485.0,427037
2021-06-21 10:01:53,2485.0,427076
2021-06-21 10:01:54,2485.0,427126
2021-06-21 10:01:55,2485.0,427149
2021-06-21 10:01:57,2485.0,427195
2021-06-21 10:01:57,2485.0,427195
2021-06-21 10:01:58,2484.9,427224
2021-06-21 10:01:59,2485.0,427226
2021-06-21 10:02:00,2484.9,427238
2021-06-21 10:02:02,2485.0,427244
2021-06-21 10:02:02,2485.0,427264
2021-06-21 10:02:03,2485.0,427379
2021-06-21 10:02:04,2484.45,427602
2021-06-21 10:02:05,2485.0,427620
2021-06-21 10:02:09,2484.9,427782
2021-06-21 10:02:09,2484.9,427782
2021-06-21 10:02:10,2484.9,427789
2021-06-21 10:02:12,2484.9,427791
2021-06-21 10:02:13,2484.9,427791
2021-06-21 10:02:15,2483.8,427900
2021-06-21 10:02:17,2483.75,427911
2021-06-21 10:02:17,2483.75,427911
2021-06-21 10:02:18,2483.95,427933
2021-06-21 10:02:19,2483.95,427933
2021-06-21 10:02:20,2483.95,427944
2021-06-21 10:02:21,2483.0,427994
2021-06-21 10:02:22,2483.95,428005
2021-06-21 10:02:23,2483.95,428005
2021-06-21 10:02:24,2483.95,428035
2021-06-21 10:02:25,2484.0,428040
2021-06-21 10:02:27,2483.45,428102
2021-06-21 10:02:27,2484.35,428202
2021-06-21 10:02:29,2483.85,428230
2021-06-21 10:02:30,2483.9,428330
2021-06-21 10:02:31,2483.0,428351
2021-06-21 10:02:32,2484.0,428364
2021-06-21 10:02:34,2483.0,428516
2021-06-21 10:02:35,2482.5,428666
2021-06-21 10:02:36,2482.5,428666
2021-06-21 10:02:37,2483.55,428890
2021-06-21 10:02:38,2483.0,428891
2021-06-21 10:02:39,2483.7,428901
2021-06-21 10:02:39,2483.7,428901
2021-06-21 10:02:40,2483.8,428926
2021-06-21 10:02:42,2482.3,428951
2021-06-21 10:02:43,2482.5,428981
2021-06-21 10:02:45,2483.85,429004
2021-06-21 10:02:46,2483.85,429004
2021-06-21 10:02:46,2483.85,429004
2021-06-21 10:02:47,2483.85,429014
2021-06-21 10:02:48,2483.85,429114
2021-06-21 10:02:49,2483.7,429121
2021-06-21 10:02:50,2484.0,429143
2021-06-21 10:02:53,2484.0,429163
2021-06-21 10:02:54,2484.0,429163
2021-06-21 10:02:54,2484.0,429163
2021-06-21 10:02:55,2483.85,429213
2021-06-21 10:02:56,2484.0,429265
2021-06-21 10:02:58,2484.0,429355
2021-06-21 10:02:59,2484.2,429356
2021-06-21 10:02:59,2484.2,429356
2021-06-21 10:03:00,2484.25,429359
2021-06-21 10:03:01,2484.25,429359
2021-06-21 10:03:02,2484.25,429359
2021-06-21 10:03:03,2484.25,429359
2021-06-21 10:03:04,2484.25,429359
2021-06-21 10:03:05,2484.2,429360
2021-06-21 10:03:07,2484.85,429432
2021-06-21 10:03:08,2484.85,429432
2021-06-21 10:03:09,2484.4,429445
2021-06-21 10:03:09,2484.4,429445
2021-06-21 10:03:10,2484.4,429445
2021-06-21 10:03:11,2484.4,429445
2021-06-21 10:03:12,2484.4,429445
2021-06-21 10:03:13,2484.4,429530
2021-06-21 10:03:14,2484.8,429595
2021-06-21 10:03:16,2483.85,429709
2021-06-21 10:03:16,2484.85,429748
2021-06-21 10:03:17,2484.4,429763
2021-06-21 10:03:19,2484.1,429833
2021-06-21 10:03:20,2484.1,429883
2021-06-21 10:03:21,2484.4,429923
2021-06-21 10:03:22,2484.85,429925
2021-06-21 10:03:23,2483.85,429962
2021-06-21 10:03:24,2484.25,430053
2021-06-21 10:03:25,2484.25,430053
2021-06-21 10:03:26,2484.4,430055
2021-06-21 10:03:27,2484.5,430414
2021-06-21 10:03:28,2484.65,430418
2021-06-21 10:03:29,2484.8,430434
2021-06-21 10:03:30,2484.8,430434
2021-06-21 10:03:31,2484.75,430438
2021-06-21 10:03:32,2484.75,430438
2021-06-21 10:03:34,2484.75,430438
2021-06-21 10:03:35,2484.75,430438
2021-06-21 10:03:36,2484.4,430451
2021-06-21 10:03:37,2484.4,430461
2021-06-21 10:03:38,2484.25,430471
2021-06-21 10:03:38,2484.25,430471
2021-06-21 10:03:39,2484.4,430474
2021-06-21 10:03:40,2484.25,430491
2021-06-21 10:03:41,2484.25,430499
2021-06-21 10:03:42,2484.25,430499
2021-06-21 10:03:44,2484.0,430502
2021-06-21 10:03:45,2484.0,430502
2021-06-21 10:03:47,2484.3,430574
2021-06-21 10:03:48,2484.3,430718
2021-06-21 10:03:48,2484.3,430723
2021-06-21 10:03:49,2484.4,430733
2021-06-21 10:03:50,2484.3,430743
2021-06-21 10:03:51,2484.4,430753
2021-06-21 10:03:52,2484.4,430753
2021-06-21 10:03:53,2484.3,430754
2021-06-21 10:03:55,2484.3,431004
2021-06-21 10:03:56,2484.3,431004
2021-06-21 10:03:57,2484.35,431014
2021-06-21 10:03:57,2484.35,431014
2021-06-21 10:03:58,2484.35,431032
2021-06-21 10:03:59,2484.35,431032
2021-06-21 10:04:00,2484.35,431033
2021-06-21 10:04:01,2484.35,431040
2021-06-21 10:04:02,2484.35,431089
2021-06-21 10:04:03,2484.0,431142
2021-06-21 10:04:05,2484.35,431197
2021-06-21 10:04:06,2484.35,431208
2021-06-21 10:04:07,2484.0,431220
2021-06-21 10:04:08,2484.35,431365
2021-06-21 10:04:08,2484.35,431365
2021-06-21 10:04:09,2484.35,431365
2021-06-21 10:04:12,2484.3,431393
2021-06-21 10:04:12,2484.0,431649
2021-06-21 10:04:13,2483.85,431655
2021-06-21 10:04:14,2483.85,431655
2021-06-21 10:04:16,2483.6,431700
2021-06-21 10:04:17,2483.55,431710
2021-06-21 10:04:18,2483.55,431710
2021-06-21 10:04:19,2483.55,431710
2021-06-21 10:04:19,2483.55,431710
2021-06-21 10:04:20,2482.55,431717
2021-06-21 10:04:21,2482.55,431734
2021-06-21 10:04:22,2482.55,431734
2021-06-21 10:04:24,2482.55,431828
2021-06-21 10:04:25,2482.5,431860
2021-06-21 10:04:26,2482.5,431861
2021-06-21 10:04:27,2482.5,431876
2021-06-21 10:04:27,2482.5,431877
2021-06-21 10:04:28,2482.5,431902
2021-06-21 10:04:30,2482.65,431939
2021-06-21 10:04:31,2483.05,431949
2021-06-21 10:04:32,2483.05,431949
2021-06-21 10:04:33,2483.05,431958
2021-06-21 10:04:34,2482.65,431968
2021-06-21 10:04:35,2482.65,431968
2021-06-21 10:04:36,2482.65,431968
2021-06-21 10:04:37,2483.05,431980
2021-06-21 10:04:37,2483.05,431996
2021-06-21 10:04:38,2483.05,432014
2021-06-21 10:04:39,2483.05,432014
2021-06-21 10:04:41,2483.05,432014
2021-06-21 10:04:42,2483.05,432014
2021-06-21 10:04:43,2483.05,432014
2021-06-21 10:04:44,2483.45,432189
2021-06-21 10:04:45,2483.45,432289
2021-06-21 10:04:45,2483.45,432289
2021-06-21 10:04:46,2483.55,432377
2021-06-21 10:04:47,2483.55,432397
2021-06-21 10:04:49,2483.55,432401
2021-06-21 10:04:50,2483.55,432401
2021-06-21 10:04:50,2482.35,432406
2021-06-21 10:04:51,2483.4,432459
2021-06-21 10:04:53,2483.4,432465
2021-06-21 10:04:54,2483.4,432467
2021-06-21 10:04:55,2483.45,432472
2021-06-21 10:04:56,2483.5,432473
2021-06-21 10:04:57,2483.5,432483
2021-06-21 10:04:58,2483.5,432483
2021-06-21 10:04:58,2483.5,432483
2021-06-21 10:04:59,2483.5,432483
2021-06-21 10:05:00,2483.5,432483
2021-06-21 10:05:01,2483.5,432751
2021-06-21 10:05:02,2483.5,432773
2021-06-21 10:05:03,2483.9,432779
2021-06-21 10:05:05,2483.9,432779
2021-06-21 10:05:06,2483.9,432804
2021-06-21 10:05:07,2483.9,432814
2021-06-21 10:05:08,2483.9,432909
2021-06-21 10:05:09,2483.9,432909
2021-06-21 10:05:10,2483.9,432909
2021-06-21 10:05:10,2484.0,432979
2021-06-21 10:05:11,2484.0,432989
2021-06-21 10:05:12,2484.3,433043
2021-06-21 10:05:14,2483.9,433053
2021-06-21 10:05:15,2484.0,433064
2021-06-21 10:05:16,2484.35,433067
2021-06-21 10:05:17,2483.9,433140
2021-06-21 10:05:17,2483.9,433140
2021-06-21 10:05:18,2484.25,433470
2021-06-21 10:05:20,2483.95,433477
2021-06-21 10:05:21,2483.95,433477
2021-06-21 10:05:22,2483.95,433498
2021-06-21 10:05:23,2484.25,433503
2021-06-21 10:05:24,2484.0,433504
2021-06-21 10:05:24,2484.0,433504
2021-06-21 10:05:25,2483.95,433507
2021-06-21 10:05:26,2483.95,433517
2021-06-21 10:05:27,2483.95,433518
2021-06-21 10:05:28,2483.95,433548
2021-06-21 10:05:29,2483.95,433550
2021-06-21 10:05:30,2483.9,433556
2021-06-21 10:05:32,2483.9,433557
2021-06-21 10:05:33,2483.9,433558
2021-06-21 10:05:34,2483.9,433558
2021-06-21 10:05:35,2483.5,433796
2021-06-21 10:05:37,2483.0,433902
2021-06-21 10:05:38,2483.0,433938
2021-06-21 10:05:39,2482.2,434038
2021-06-21 10:05:39,2482.2,434038
2021-06-21 10:05:40,2482.2,434039
2021-06-21 10:05:41,2483.25,434062
2021-06-21 10:05:42,2483.25,434062
2021-06-21 10:05:43,2482.2,434065
2021-06-21 10:05:45,2483.0,434515
2021-06-21 10:05:45,2483.0,434545
2021-06-21 10:05:46,2483.0,434555
2021-06-21 10:05:47,2482.9,434595
2021-06-21 10:05:48,2482.9,434595
2021-06-21 10:05:49,2482.85,434599
2021-06-21 10:05:50,2482.85,434609
2021-06-21 10:05:51,2482.8,434619
2021-06-21 10:05:52,2482.8,434619
2021-06-21 10:05:54,2482.05,434623
2021-06-21 10:05:55,2482.0,434807
2021-06-21 10:05:56,2482.0,434807
2021-06-21 10:05:57,2481.5,434987
2021-06-21 10:05:57,2482.75,434827
2021-06-21 10:05:58,2482.7,434992
2021-06-21 10:05:59,2482.75,435033
2021-06-21 10:06:01,2482.05,435255
2021-06-21 10:06:02,2483.0,435570
2021-06-21 10:06:03,2483.3,435597
2021-06-21 10:06:05,2481.55,435797
2021-06-21 10:06:06,2481.55,435797
2021-06-21 10:06:07,2483.0,435826
2021-06-21 10:06:08,2482.9,435827
2021-06-21 10:06:09,2482.05,435831
2021-06-21 10:06:10,2482.9,435942
2021-06-21 10:06:11,2482.9,435942
2021-06-21 10:06:13,2482.8,435944
2021-06-21 10:06:14,2482.8,435947
2021-06-21 10:06:15,2482.8,435948
2021-06-21 10:06:16,2482.8,436048
2021-06-21 10:06:16,2482.8,436058
2021-06-21 10:06:17,2482.8,436058
2021-06-21 10:06:19,2482.8,436190
2021-06-21 10:06:22,2482.75,436265
2021-06-21 10:06:23,2482.85,436329
2021-06-21 10:06:25,2482.85,436393
2021-06-21 10:06:26,2483.0,436468
2021-06-21 10:06:26,2483.3,436478
2021-06-21 10:06:28,2484.0,436674
2021-06-21 10:06:29,2484.0,436803
2021-06-21 10:06:30,2484.05,436814
2021-06-21 10:06:31,2484.05,436837
2021-06-21 10:06:32,2484.05,436837
2021-06-21 10:06:33,2483.15,436938
2021-06-21 10:06:34,2484.0,437117
2021-06-21 10:06:34,2484.0,437117
2021-06-21 10:06:36,2484.0,437117
2021-06-21 10:06:37,2484.0,437154
2021-06-21 10:06:38,2484.0,437187
2021-06-21 10:06:40,2484.1,437198
2021-06-21 10:06:41,2484.4,437271
2021-06-21 10:06:42,2484.4,437318
2021-06-21 10:06:43,2484.9,437835
2021-06-21 10:06:44,2484.1,437860
2021-06-21 10:06:44,2484.1,437860
2021-06-21 10:06:47,2485.0,438003
2021-06-21 10:06:48,2483.85,438004
2021-06-21 10:06:49,2484.3,438013
2021-06-21 10:06:50,2485.0,438053
2021-06-21 10:06:51,2485.0,438103
2021-06-21 10:06:52,2484.65,438109
2021-06-21 10:06:53,2484.95,438117
2021-06-21 10:06:54,2485.0,438120
2021-06-21 10:06:54,2485.0,438150
2021-06-21 10:06:55,2485.0,438150
2021-06-21 10:06:57,2484.0,438197
2021-06-21 10:06:58,2484.7,438204
2021-06-21 10:06:59,2485.0,438344
2021-06-21 10:07:00,2485.0,438434
2021-06-21 10:07:01,2485.0,438522
2021-06-21 10:07:01,2485.3,438523
2021-06-21 10:07:03,2484.95,438547
2021-06-21 10:07:04,2485.25,438554
2021-06-21 10:07:05,2485.25,438554
2021-06-21 10:07:06,2484.05,438616
2021-06-21 10:07:07,2485.0,438628
2021-06-21 10:07:08,2485.0,438872
2021-06-21 10:07:09,2485.5,438878
2021-06-21 10:07:10,2485.5,438878
2021-06-21 10:07:10,2485.5,438907
2021-06-21 10:07:12,2485.25,438921
2021-06-21 10:07:12,2485.25,438921
2021-06-21 10:07:13,2485.1,438922
2021-06-21 10:07:15,2485.1,438922
2021-06-21 10:07:16,2484.0,438933
2021-06-21 10:07:17,2485.25,439143
2021-06-21 10:07:18,2485.45,439163
2021-06-21 10:07:19,2485.0,439207
2021-06-21 10:07:20,2485.0,439207
2021-06-21 10:07:21,2485.4,439220
2021-06-21 10:07:22,2485.5,439222
2021-06-21 10:07:25,2484.45,439303
2021-06-21 10:07:25,2485.0,439438
2021-06-21 10:07:27,2485.5,439478
2021-06-21 10:07:28,2485.5,439478
2021-06-21 10:07:30,2485.5,439489
2021-06-21 10:07:32,2485.0,439572
2021-06-21 10:07:33,2485.0,439607
2021-06-21 10:07:34,2485.0,439671
2021-06-21 10:07:35,2485.35,439679
2021-06-21 10:07:35,2485.35,439679
2021-06-21 10:07:36,2485.0,439694
2021-06-21 10:07:37,2485.0,439695
2021-06-21 10:07:38,2484.35,439746
2021-06-21 10:07:39,2484.75,439837
2021-06-21 10:07:41,2484.75,439844
2021-06-21 10:07:42,2484.75,439887
2021-06-21 10:07:43,2484.75,439892
2021-06-21 10:07:45,2484.75,439914
2021-06-21 10:07:46,2484.0,439940
2021-06-21 10:07:46,2484.1,439953
2021-06-21 10:07:47,2484.1,439953
2021-06-21 10:07:49,2484.1,439965
2021-06-21 10:07:50,2484.75,440312
2021-06-21 10:07:51,2484.75,440941
2021-06-21 10:07:52,2485.0,440973
2021-06-21 10:07:53,2485.0,441020
2021-06-21 10:07:54,2485.0,441020
2021-06-21 10:07:55,2485.0,441053
2021-06-21 10:07:56,2485.0,441054
2021-06-21 10:07:56,2485.0,441064
2021-06-21 10:07:57,2485.0,441064
2021-06-21 10:07:59,2485.0,441065
2021-06-21 10:08:00,2485.0,441065
2021-06-21 10:08:01,2485.0,441089
2021-06-21 10:08:03,2485.0,441148
2021-06-21 10:08:03,2485.0,441148
2021-06-21 10:08:05,2484.7,441202
2021-06-21 10:08:06,2485.0,441223
2021-06-21 10:08:07,2485.0,441233
2021-06-21 10:08:08,2484.6,441253
2021-06-21 10:08:09,2484.6,441323
2021-06-21 10:08:10,2485.0,441333
2021-06-21 10:08:11,2485.0,441333
2021-06-21 10:08:11,2485.0,441333
2021-06-21 10:08:13,2485.35,441583
2021-06-21 10:08:14,2485.45,441588
2021-06-21 10:08:15,2485.5,441590
2021-06-21 10:08:16,2485.2,441619
2021-06-21 10:08:17,2485.65,441631
2021-06-21 10:08:18,2485.65,441631
2021-06-21 10:08:19,2485.65,441631
2021-06-21 10:08:20,2485.55,441651
2021-06-21 10:08:21,2485.65,441661
2021-06-21 10:08:21,2485.55,441660
2021-06-21 10:08:22,2485.6,441664
2021-06-21 10:08:23,2485.75,441699
2021-06-21 10:08:25,2485.75,441700
2021-06-21 10:08:26,2485.8,441702
2021-06-21 10:08:28,2485.85,441768
2021-06-21 10:08:29,2485.85,441769
2021-06-21 10:08:29,2485.85,441769
2021-06-21 10:08:30,2486.0,441807
2021-06-21 10:08:32,2486.4,441998
2021-06-21 10:08:33,2486.5,442071
2021-06-21 10:08:34,2487.0,442119
2021-06-21 10:08:35,2487.0,442208
2021-06-21 10:08:36,2487.1,442210
2021-06-21 10:08:37,2487.5,442232
2021-06-21 10:08:38,2487.55,442257
2021-06-21 10:08:39,2487.0,442267
2021-06-21 10:08:40,2487.55,442271
2021-06-21 10:08:41,2487.55,442411
2021-06-21 10:08:42,2487.0,442445
2021-06-21 10:08:43,2487.0,442659
2021-06-21 10:08:44,2488.0,442891
