timestamp,ltp,volume
2021-06-21 09:16:29,708.4,147096
2021-06-21 09:16:30,708.35,148542
2021-06-21 09:16:31,708.8,149104
2021-06-21 09:16:32,709.0,150466
2021-06-21 09:16:34,708.75,153152
2021-06-21 09:16:35,709.2,154068
2021-06-21 09:16:36,709.5,154526
2021-06-21 09:16:37,710.1,157722
2021-06-21 09:16:38,710.3,159110
2021-06-21 09:16:39,710.95,159924
2021-06-21 09:16:40,710.9,160629
2021-06-21 09:16:41,710.1,161508
2021-06-21 09:16:42,710.7,161584
2021-06-21 09:16:43,710.65,162441
2021-06-21 09:16:44,710.4,163296
2021-06-21 09:16:45,710.55,163864
2021-06-21 09:16:46,709.55,165451
2021-06-21 09:16:47,710.1,165543
2021-06-21 09:16:48,710.15,167464
2021-06-21 09:16:49,710.15,167464
2021-06-21 09:16:51,710.95,169051
2021-06-21 09:16:52,711.3,173574
2021-06-21 09:16:53,711.3,174590
2021-06-21 09:16:54,711.2,174946
2021-06-21 09:16:55,711.8,175590
2021-06-21 09:16:56,712.35,181483
2021-06-21 09:16:57,712.65,182957
2021-06-21 09:16:58,712.75,183027
2021-06-21 09:17:00,712.85,188314
2021-06-21 09:17:01,712.6,191384
2021-06-21 09:17:02,713.0,192631
2021-06-21 09:17:03,712.35,193274
2021-06-21 09:17:04,712.85,194738
2021-06-21 09:17:05,712.9,195245
2021-06-21 09:17:06,712.45,195935
2021-06-21 09:17:07,712.5,198399
2021-06-21 09:17:08,712.05,199694
2021-06-21 09:17:09,712.6,204201
2021-06-21 09:17:10,712.45,206273
2021-06-21 09:17:11,712.15,207234
2021-06-21 09:17:12,712.45,209266
2021-06-21 09:17:13,712.3,215732
2021-06-21 09:17:14,712.45,217124
2021-06-21 09:17:15,712.0,218186
2021-06-21 09:17:16,712.25,219140
2021-06-21 09:17:19,711.55,223750
2021-06-21 09:17:20,712.0,224436
2021-06-21 09:17:21,711.95,226909
2021-06-21 09:17:22,712.5,227504
2021-06-21 09:17:24,712.0,228008
2021-06-21 09:17:25,712.6,228837
2021-06-21 09:17:26,712.25,229024
2021-06-21 09:17:26,712.6,229093
2021-06-21 09:17:27,712.25,229230
2021-06-21 09:17:28,712.8,229420
2021-06-21 09:17:29,712.8,229616
2021-06-21 09:17:33,712.2,233000
2021-06-21 09:17:35,712.65,235559
2021-06-21 09:17:36,712.2,236100
2021-06-21 09:17:38,712.6,236481
2021-06-21 09:17:38,712.65,237327
2021-06-21 09:17:39,712.3,238344
2021-06-21 09:17:40,712.2,238669
2021-06-21 09:17:43,712.5,245419
2021-06-21 09:17:44,712.3,245854
2021-06-21 09:17:46,712.7,247493
2021-06-21 09:17:46,712.25,247357
2021-06-21 09:17:47,712.25,250701
2021-06-21 09:17:48,712.25,253110
2021-06-21 09:17:49,712.45,254153
2021-06-21 09:17:50,712.2,254651
2021-06-21 09:17:52,712.45,257480
2021-06-21 09:17:53,711.5,258467
2021-06-21 09:17:53,711.7,258515
2021-06-21 09:17:54,712.3,258731
2021-06-21 09:17:55,711.55,258988
2021-06-21 09:17:56,712.25,259617
2021-06-21 09:17:57,712.25,259784
2021-06-21 09:17:59,712.0,260374
2021-06-21 09:17:59,712.25,260246
2021-06-21 09:18:00,712.4,261053
2021-06-21 09:18:01,712.6,261876
2021-06-21 09:18:02,712.0,263031
2021-06-21 09:18:03,712.2,263432
2021-06-21 09:18:04,712.35,264791
2021-06-21 09:18:06,712.0,265086
2021-06-21 09:18:06,712.4,265341
2021-06-21 09:18:07,712.0,266881
2021-06-21 09:18:08,712.0,267999
2021-06-21 09:18:10,712.0,269079
2021-06-21 09:18:11,712.0,269351
2021-06-21 09:18:12,712.0,270082
2021-06-21 09:18:13,711.7,271295
2021-06-21 09:18:14,712.0,271908
2021-06-21 09:18:15,711.6,272308
2021-06-21 09:18:17,712.0,272407
2021-06-21 09:18:17,712.0,272428
2021-06-21 09:18:18,711.7,272767
2021-06-21 09:18:19,712.0,273423
2021-06-21 09:18:20,712.4,274226
2021-06-21 09:18:21,712.05,275317
2021-06-21 09:18:22,712.0,275571
2021-06-21 09:18:23,712.0,275609
2021-06-21 09:18:24,712.3,275981
2021-06-21 09:18:26,712.0,278248
2021-06-21 09:18:27,712.0,278771
2021-06-21 09:18:29,711.9,280448
2021-06-21 09:18:29,712.35,280744
2021-06-21 09:18:30,712.35,281377
2021-06-21 09:18:31,711.75,283803
2021-06-21 09:18:32,712.0,284014
2021-06-21 09:18:33,712.35,284506
2021-06-21 09:18:35,712.35,286105
2021-06-21 09:18:35,712.1,286266
2021-06-21 09:18:36,712.05,287773
2021-06-21 09:18:37,712.35,288165
2021-06-21 09:18:38,712.2,288903
2021-06-21 09:18:39,712.45,289129
2021-06-21 09:18:41,712.45,289440
2021-06-21 09:18:41,712.45,289619
2021-06-21 09:18:42,712.45,289807
2021-06-21 09:18:43,712.45,290213
2021-06-21 09:18:44,712.5,293679
2021-06-21 09:18:45,712.65,294083
2021-06-21 09:18:46,712.0,295275
2021-06-21 09:18:47,712.15,296441
2021-06-21 09:18:48,712.6,296907
2021-06-21 09:18:50,712.1,297288
2021-06-21 09:18:50,712.2,297584
2021-06-21 09:18:51,712.65,298239
2021-06-21 09:18:52,712.55,299041
2021-06-21 09:18:53,712.65,299715
2021-06-21 09:18:54,712.6,301038
2021-06-21 09:18:56,712.65,301613
2021-06-21 09:18:56,712.65,301747
2021-06-21 09:18:57,712.55,304572
2021-06-21 09:18:58,712.9,304670
2021-06-21 09:18:59,712.7,305050
2021-06-21 09:19:00,712.7,305747
2021-06-21 09:19:02,712.5,306605
2021-06-21 09:19:02,712.5,306761
2021-06-21 09:19:03,712.2,306839
2021-06-21 09:19:04,712.3,307193
2021-06-21 09:19:05,712.7,307591
2021-06-21 09:19:06,712.5,309588
2021-06-21 09:19:08,712.4,310758
2021-06-21 09:19:09,712.75,311226
2021-06-21 09:19:10,712.7,311700
2021-06-21 09:19:11,712.45,312118
2021-06-21 09:19:12,712.4,312539
2021-06-21 09:19:13,713.0,313698
2021-06-21 09:19:14,712.7,314399
2021-06-21 09:19:16,713.0,314956
2021-06-21 09:19:17,713.0,315273
2021-06-21 09:19:18,713.0,315409
2021-06-21 09:19:19,713.25,316533
2021-06-21 09:19:20,713.0,318592
2021-06-21 09:19:22,713.35,319529
2021-06-21 09:19:22,713.45,319664
2021-06-21 09:19:23,713.25,323239
2021-06-21 09:19:24,713.4,323877
2021-06-21 09:19:25,713.15,325490
2021-06-21 09:19:26,713.4,326023
2021-06-21 09:19:27,713.25,326468
2021-06-21 09:19:28,713.05,328311
2021-06-21 09:19:30,713.1,331594
2021-06-21 09:19:31,713.65,331746
2021-06-21 09:19:31,713.8,332492
2021-06-21 09:19:32,713.5,332706
2021-06-21 09:19:33,713.7,333324
2021-06-21 09:19:34,713.75,333584
2021-06-21 09:19:35,713.4,334144
2021-06-21 09:19:37,713.7,334970
2021-06-21 09:19:38,713.55,336079
2021-06-21 09:19:38,713.95,336151
2021-06-21 09:19:39,713.7,339158
2021-06-21 09:19:40,713.7,340705
2021-06-21 09:19:41,713.35,343012
2021-06-21 09:19:43,713.8,344045
2021-06-21 09:19:43,713.5,344175
2021-06-21 09:19:45,713.55,346665
2021-06-21 09:19:47,714.0,347595
2021-06-21 09:19:48,714.0,350681
2021-06-21 09:19:49,713.7,351410
2021-06-21 09:19:50,714.0,352093
2021-06-21 09:19:50,713.9,352523
2021-06-21 09:19:51,713.9,352593
2021-06-21 09:19:52,713.85,353231
2021-06-21 09:19:53,713.75,355148
2021-06-21 09:19:55,713.7,355714
2021-06-21 09:19:56,713.6,356041
2021-06-21 09:19:57,713.35,358700
2021-06-21 09:19:57,713.8,358760
2021-06-21 09:19:58,713.45,360002
2021-06-21 09:19:59,713.7,362327
2021-06-21 09:20:00,713.35,366300
2021-06-21 09:20:02,713.35,368708
2021-06-21 09:20:03,713.5,370734
2021-06-21 09:20:03,713.5,371084
2021-06-21 09:20:04,713.2,371727
2021-06-21 09:20:05,713.1,375268
2021-06-21 09:20:07,712.85,377354
2021-06-21 09:20:08,713.4,378435
2021-06-21 09:20:08,713.35,378439
2021-06-21 09:20:09,712.8,378966
2021-06-21 09:20:10,713.1,379516
2021-06-21 09:20:11,713.05,379859
2021-06-21 09:20:12,712.45,380361
2021-06-21 09:20:13,713.0,381586
2021-06-21 09:20:14,712.45,384048
2021-06-21 09:20:16,713.1,385762
2021-06-21 09:20:17,713.15,386085
2021-06-21 09:20:17,713.25,386568
2021-06-21 09:20:18,713.25,386836
2021-06-21 09:20:19,713.05,389212
2021-06-21 09:20:21,713.0,389891
2021-06-21 09:20:22,713.2,390926
2021-06-21 09:20:23,712.3,397593
2021-06-21 09:20:24,712.0,398690
2021-06-21 09:20:24,712.05,398858
2021-06-21 09:20:25,712.4,399033
2021-06-21 09:20:26,712.5,399671
2021-06-21 09:20:27,712.65,399984
2021-06-21 09:20:28,712.45,400294
2021-06-21 09:20:29,712.65,400350
2021-06-21 09:20:30,712.8,400744
2021-06-21 09:20:31,712.55,401079
2021-06-21 09:20:32,712.85,401220
2021-06-21 09:20:34,712.6,401909
2021-06-21 09:20:35,713.0,402341
2021-06-21 09:20:35,712.75,403797
2021-06-21 09:20:36,713.25,403981
2021-06-21 09:20:37,713.0,404495
2021-06-21 09:20:39,713.25,404606
2021-06-21 09:20:40,713.25,405675
2021-06-21 09:20:40,713.25,405788
2021-06-21 09:20:41,713.25,405996
2021-06-21 09:20:42,712.9,406991
2021-06-21 09:20:43,713.55,407676
2021-06-21 09:20:45,713.65,410728
2021-06-21 09:20:46,713.8,410890
2021-06-21 09:20:46,713.5,411221
2021-06-21 09:20:47,713.7,412781
2021-06-21 09:20:48,713.25,413357
2021-06-21 09:20:49,713.25,414274
2021-06-21 09:20:51,713.45,415410
2021-06-21 09:20:52,713.45,416478
2021-06-21 09:20:52,713.1,416760
2021-06-21 09:20:53,713.35,416922
2021-06-21 09:20:54,713.45,417974
2021-06-21 09:20:55,713.4,418141
2021-06-21 09:20:57,713.1,418872
2021-06-21 09:20:58,713.4,419438
2021-06-21 09:20:58,713.05,419969
2021-06-21 09:20:59,713.2,420799
2021-06-21 09:21:00,713.6,421676
2021-06-21 09:21:01,713.6,421981
2021-06-21 09:21:04,713.1,422670
2021-06-21 09:21:04,713.5,422707
2021-06-21 09:21:05,713.2,423861
2021-06-21 09:21:06,713.9,425010
2021-06-21 09:21:07,713.9,425701
2021-06-21 09:21:09,713.35,426054
2021-06-21 09:21:10,713.85,426193
2021-06-21 09:21:11,713.9,426944
2021-06-21 09:21:12,713.85,427688
2021-06-21 09:21:12,713.85,427550
2021-06-21 09:21:13,713.9,428054
2021-06-21 09:21:14,713.55,429183
2021-06-21 09:21:16,713.8,431372
2021-06-21 09:21:17,713.9,435466
2021-06-21 09:21:17,713.9,436834
2021-06-21 09:21:18,714.0,438978
2021-06-21 09:21:19,714.3,444703
2021-06-21 09:21:20,714.0,446749
2021-06-21 09:21:22,714.3,447721
2021-06-21 09:21:23,714.0,448685
2021-06-21 09:21:24,714.0,450057
2021-06-21 09:21:24,714.5,450407
2021-06-21 09:21:25,714.35,450763
2021-06-21 09:21:26,714.1,451837
2021-06-21 09:21:28,713.95,454162
2021-06-21 09:21:29,714.1,454902
2021-06-21 09:21:30,714.45,455740
2021-06-21 09:21:31,714.45,457090
2021-06-21 09:21:32,714.1,457316
2021-06-21 09:21:33,714.35,458059
2021-06-21 09:21:34,714.5,459867
2021-06-21 09:21:36,713.9,462957
2021-06-21 09:21:37,714.25,464005
2021-06-21 09:21:39,714.25,465013
2021-06-21 09:21:40,714.3,465646
2021-06-21 09:21:41,714.4,466345
2021-06-21 09:21:41,714.35,466127
2021-06-21 09:21:42,714.35,467335
2021-06-21 09:21:43,714.45,467654
2021-06-21 09:21:44,714.05,468226
2021-06-21 09:21:46,714.3,469208
2021-06-21 09:21:47,714.4,469709
2021-06-21 09:21:48,714.1,469944
2021-06-21 09:21:49,714.1,474441
2021-06-21 09:21:49,714.4,474983
2021-06-21 09:21:51,714.35,477811
2021-06-21 09:21:53,714.35,480916
2021-06-21 09:21:54,714.4,482298
2021-06-21 09:21:55,714.0,486152
2021-06-21 09:21:56,714.35,486298
2021-06-21 09:21:57,714.45,487742
2021-06-21 09:21:58,714.5,489216
2021-06-21 09:21:59,714.5,489798
2021-06-21 09:22:00,714.5,492557
2021-06-21 09:22:01,714.1,493822
2021-06-21 09:22:02,714.5,494108
2021-06-21 09:22:03,714.35,494549
2021-06-21 09:22:04,714.55,494804
2021-06-21 09:22:05,714.5,495691
2021-06-21 09:22:06,714.45,496456
2021-06-21 09:22:07,714.4,497549
2021-06-21 09:22:08,714.45,498280
2021-06-21 09:22:09,714.45,498858
2021-06-21 09:22:10,714.2,498994
2021-06-21 09:22:11,714.35,499140
2021-06-21 09:22:12,714.45,502133
2021-06-21 09:22:13,714.05,503315
2021-06-21 09:22:14,714.0,503582
2021-06-21 09:22:15,713.9,504823
2021-06-21 09:22:16,714.2,505445
2021-06-21 09:22:17,713.9,505556
2021-06-21 09:22:18,713.9,505765
2021-06-21 09:22:19,714.3,506170
2021-06-21 09:22:20,714.35,506753
2021-06-21 09:22:21,713.9,510497
2021-06-21 09:22:22,713.9,511216
2021-06-21 09:22:23,713.95,512297
2021-06-21 09:22:24,714.2,512682
2021-06-21 09:22:25,714.3,513431
2021-06-21 09:22:26,714.05,513658
2021-06-21 09:22:27,714.25,513720
2021-06-21 09:22:28,714.2,514666
2021-06-21 09:22:29,713.85,515468
2021-06-21 09:22:29,714.2,515646
2021-06-21 09:22:30,714.2,515767
2021-06-21 09:22:32,714.25,516172
2021-06-21 09:22:33,713.9,516217
2021-06-21 09:22:34,714.2,517733
2021-06-21 09:22:35,713.95,518337
2021-06-21 09:22:36,713.9,518773
2021-06-21 09:22:39,713.9,519365
2021-06-21 09:22:40,714.45,519468
2021-06-21 09:22:41,714.05,520007
2021-06-21 09:22:42,714.2,520779
2021-06-21 09:22:43,714.1,522819
2021-06-21 09:22:44,714.4,522976
2021-06-21 09:22:45,714.05,523166
2021-06-21 09:22:46,714.2,523283
2021-06-21 09:22:47,714.05,523375
2021-06-21 09:22:48,714.4,523545
2021-06-21 09:22:49,714.4,523697
2021-06-21 09:22:50,714.05,523935
2021-06-21 09:22:51,714.4,525167
2021-06-21 09:22:52,714.2,525407
2021-06-21 09:22:54,714.45,526028
2021-06-21 09:22:55,714.1,526112
2021-06-21 09:22:56,714.1,526627
2021-06-21 09:22:57,714.5,526809
2021-06-21 09:22:58,714.05,527879
2021-06-21 09:23:00,714.8,530905
2021-06-21 09:23:01,714.8,531170
2021-06-21 09:23:03,714.85,531706
2021-06-21 09:23:07,715.0,563860
2021-06-21 09:23:08,715.05,565224
2021-06-21 09:23:09,715.0,567671
2021-06-21 09:23:10,715.05,567893
2021-06-21 09:23:11,715.45,571131
2021-06-21 09:23:12,715.0,572346
2021-06-21 09:23:13,715.0,586958
2021-06-21 09:23:14,715.0,587626
2021-06-21 09:23:15,715.35,587694
2021-06-21 09:23:16,714.7,596257
2021-06-21 09:23:17,714.75,597370
2021-06-21 09:23:18,714.8,597608
2021-06-21 09:23:19,714.85,597715
2021-06-21 09:23:20,714.9,598144
2021-06-21 09:23:21,714.25,598545
2021-06-21 09:23:22,714.65,599105
2021-06-21 09:23:23,715.0,606819
2021-06-21 09:23:24,715.5,609351
2021-06-21 09:23:25,715.15,609944
2021-06-21 09:23:26,715.5,610499
2021-06-21 09:23:27,715.1,611666
2021-06-21 09:23:27,715.5,612030
2021-06-21 09:23:28,715.6,612550
2021-06-21 09:23:29,715.1,613056
2021-06-21 09:23:30,715.45,613518
2021-06-21 09:23:31,715.4,614222
2021-06-21 09:23:32,715.1,614714
2021-06-21 09:23:33,715.45,616453
2021-06-21 09:23:34,715.35,617052
2021-06-21 09:23:35,715.05,617441
2021-06-21 09:23:36,715.05,617797
2021-06-21 09:23:37,715.05,618069
2021-06-21 09:23:38,715.65,623296
2021-06-21 09:23:39,715.15,623481
2021-06-21 09:23:40,715.0,623582
2021-06-21 09:23:41,715.55,625568
2021-06-21 09:23:42,715.55,626030
2021-06-21 09:23:44,715.6,626279
2021-06-21 09:23:45,715.55,626752
2021-06-21 09:23:46,715.5,626918
2021-06-21 09:23:47,715.65,627398
2021-06-21 09:23:48,715.6,629615
2021-06-21 09:23:49,715.45,630320
2021-06-21 09:23:50,715.55,630411
2021-06-21 09:23:51,715.65,631524
2021-06-21 09:23:52,715.65,632528
2021-06-21 09:23:53,715.6,634191
2021-06-21 09:23:54,715.2,634414
2021-06-21 09:23:55,715.5,635717
2021-06-21 09:23:56,715.4,635839
2021-06-21 09:23:57,715.45,636233
2021-06-21 09:23:58,715.1,636969
2021-06-21 09:24:00,715.4,637364
2021-06-21 09:24:01,715.5,639060
2021-06-21 09:24:02,715.5,639111
2021-06-21 09:24:03,715.4,639467
2021-06-21 09:24:04,715.5,639853
2021-06-21 09:24:05,715.2,639930
2021-06-21 09:24:06,715.55,640831
2021-06-21 09:24:07,715.55,641222
2021-06-21 09:24:08,715.25,641303
2021-06-21 09:24:09,715.25,643101
2021-06-21 09:24:10,715.4,643193
2021-06-21 09:24:11,714.7,651513
2021-06-21 09:24:12,714.7,652772
2021-06-21 09:24:13,714.65,653703
2021-06-21 09:24:14,714.8,653960
2021-06-21 09:24:15,714.3,654900
2021-06-21 09:24:16,714.25,655054
2021-06-21 09:24:17,714.2,655263
2021-06-21 09:24:18,714.2,655447
2021-06-21 09:24:19,714.35,656394
2021-06-21 09:24:20,714.45,656604
2021-06-21 09:24:21,714.5,656893
2021-06-21 09:24:22,714.2,657818
2021-06-21 09:24:23,714.6,658508
2021-06-21 09:24:24,714.3,659478
2021-06-21 09:24:25,714.8,659796
2021-06-21 09:24:26,714.4,659881
2021-06-21 09:24:28,714.4,660445
2021-06-21 09:24:29,714.9,661920
2021-06-21 09:24:30,714.5,662667
2021-06-21 09:24:31,714.45,663131
2021-06-21 09:24:32,714.4,663486
2021-06-21 09:24:33,714.5,663840
2021-06-21 09:24:34,714.45,666308
2021-06-21 09:24:35,714.5,666717
2021-06-21 09:24:36,715.0,667259
2021-06-21 09:24:37,715.2,669477
2021-06-21 09:24:39,714.95,671995
2021-06-21 09:24:40,714.8,673288
2021-06-21 09:24:41,714.65,673494
2021-06-21 09:24:42,715.0,673633
2021-06-21 09:24:43,714.8,673855
2021-06-21 09:24:44,714.95,675051
2021-06-21 09:24:46,714.75,675629
2021-06-21 09:24:47,715.0,675950
2021-06-21 09:24:48,714.8,676474
2021-06-21 09:24:49,715.1,676876
2021-06-21 09:24:50,714.75,677006
2021-06-21 09:24:51,714.8,677039
2021-06-21 09:24:52,714.7,677490
2021-06-21 09:24:53,715.05,678665
2021-06-21 09:24:54,714.9,679003
2021-06-21 09:24:55,715.0,679463
2021-06-21 09:24:56,715.05,681134
2021-06-21 09:24:57,714.75,681361
2021-06-21 09:24:58,714.85,681527
2021-06-21 09:24:59,715.0,681742
2021-06-21 09:25:00,715.1,682080
2021-06-21 09:25:01,714.85,682122
2021-06-21 09:25:02,715.0,682288
2021-06-21 09:25:03,715.0,682837
2021-06-21 09:25:05,714.7,683236
2021-06-21 09:25:06,715.0,683320
2021-06-21 09:25:07,715.0,683404
2021-06-21 09:25:08,714.7,683623
2021-06-21 09:25:09,714.8,683685
2021-06-21 09:25:10,715.0,684047
2021-06-21 09:25:14,714.3,690968
2021-06-21 09:25:15,713.75,695063
2021-06-21 09:25:16,714.05,695951
2021-06-21 09:25:17,714.25,696406
2021-06-21 09:25:18,714.05,696935
2021-06-21 09:25:19,714.0,697487
2021-06-21 09:25:20,714.6,697968
2021-06-21 09:25:21,714.15,698473
2021-06-21 09:25:22,714.6,698685
2021-06-21 09:25:23,714.8,698875
2021-06-21 09:25:24,714.8,698957
2021-06-21 09:25:25,714.95,699550
2021-06-21 09:25:26,714.45,700072
2021-06-21 09:25:27,714.4,700302
2021-06-21 09:25:28,714.85,700451
2021-06-21 09:25:29,714.45,700610
2021-06-21 09:25:30,714.9,700687
2021-06-21 09:25:31,714.6,701452
2021-06-21 09:25:32,714.8,701838
2021-06-21 09:25:33,714.85,702135
2021-06-21 09:25:34,714.75,702373
2021-06-21 09:25:35,714.25,704980
2021-06-21 09:25:36,714.8,705691
2021-06-21 09:25:37,714.8,705815
2021-06-21 09:25:38,714.45,706540
2021-06-21 09:25:39,714.25,708204
2021-06-21 09:25:40,714.45,708614
2021-06-21 09:25:41,715.0,715153
2021-06-21 09:25:42,715.0,715326
2021-06-21 09:25:43,715.05,715973
2021-06-21 09:25:44,715.0,716126
2021-06-21 09:25:45,715.1,717368
2021-06-21 09:25:46,715.0,717809
2021-06-21 09:25:47,715.0,718005
2021-06-21 09:25:48,715.2,718262
2021-06-21 09:25:49,715.0,718289
2021-06-21 09:25:50,715.2,718925
2021-06-21 09:25:51,715.25,719276
2021-06-21 09:25:52,714.95,720752
2021-06-21 09:25:53,715.1,720997
2021-06-21 09:25:54,714.9,722154
2021-06-21 09:25:55,714.7,722590
2021-06-21 09:25:56,715.15,723103
2021-06-21 09:25:57,715.05,723220
2021-06-21 09:25:58,714.55,723581
2021-06-21 09:25:59,715.1,724614
2021-06-21 09:26:00,715.15,724722
2021-06-21 09:26:01,715.15,725156
2021-06-21 09:26:02,714.8,726305
2021-06-21 09:26:03,715.0,726744
2021-06-21 09:26:04,714.6,727160
2021-06-21 09:26:05,715.15,727652
2021-06-21 09:26:06,715.05,727762
2021-06-21 09:26:07,715.1,727891
2021-06-21 09:26:08,715.15,727990
2021-06-21 09:26:09,715.15,728042
2021-06-21 09:26:10,715.2,728730
2021-06-21 09:26:11,714.95,728800
2021-06-21 09:26:12,714.6,731261
2021-06-21 09:26:13,715.4,731348
2021-06-21 09:26:14,715.0,732442
2021-06-21 09:26:15,714.9,732806
2021-06-21 09:26:16,714.65,733864
2021-06-21 09:26:17,715.1,734391
2021-06-21 09:26:18,714.5,735009
2021-06-21 09:26:19,715.25,736113
2021-06-21 09:26:20,714.8,738608
2021-06-21 09:26:22,714.7,739229
2021-06-21 09:26:23,714.9,739312
2021-06-21 09:26:24,714.25,741068
2021-06-21 09:26:25,714.75,742914
2021-06-21 09:26:26,714.8,744645
2021-06-21 09:26:27,714.8,745622
2021-06-21 09:26:28,714.7,747851
2021-06-21 09:26:29,714.3,748076
2021-06-21 09:26:30,714.7,749691
2021-06-21 09:26:31,714.3,751230
2021-06-21 09:26:32,714.7,752567
2021-06-21 09:26:33,714.6,752773
2021-06-21 09:26:34,714.0,754458
2021-06-21 09:26:35,713.35,758094
2021-06-21 09:26:36,714.2,758436
2021-06-21 09:26:37,714.2,759955
2021-06-21 09:26:38,714.15,760471
2021-06-21 09:26:39,714.0,761039
2021-06-21 09:26:40,714.1,762822
2021-06-21 09:26:41,713.95,764953
2021-06-21 09:26:42,713.4,766422
2021-06-21 09:26:43,713.95,768772
2021-06-21 09:26:45,713.65,771131
2021-06-21 09:26:46,713.65,771452
2021-06-21 09:26:47,713.85,773087
2021-06-21 09:26:48,713.7,774571
2021-06-21 09:26:49,713.7,776552
2021-06-21 09:26:50,713.7,777570
2021-06-21 09:26:51,713.65,778651
2021-06-21 09:26:52,713.2,778906
2021-06-21 09:26:53,713.45,780215
2021-06-21 09:26:54,713.55,782441
2021-06-21 09:26:55,713.0,784548
2021-06-21 09:26:56,713.45,786263
2021-06-21 09:26:57,713.4,788128
2021-06-21 09:26:58,712.9,789097
2021-06-21 09:26:59,713.0,792265
2021-06-21 09:27:00,713.05,795042
2021-06-21 09:27:01,713.0,796983
2021-06-21 09:27:02,713.55,800420
2021-06-21 09:27:03,713.2,803034
2021-06-21 09:27:04,713.6,804900
2021-06-21 09:27:05,713.55,806890
2021-06-21 09:27:06,713.8,807595
2021-06-21 09:27:07,713.35,813640
2021-06-21 09:27:08,714.15,817039
2021-06-21 09:27:09,714.45,820067
2021-06-21 09:27:10,713.95,820732
2021-06-21 09:27:11,714.05,822182
2021-06-21 09:27:12,714.55,823692
2021-06-21 09:27:13,714.0,827363
2021-06-21 09:27:14,714.0,831650
2021-06-21 09:27:15,714.45,832510
2021-06-21 09:27:16,714.6,833950
2021-06-21 09:27:17,714.6,833950
2021-06-21 09:27:19,714.55,837143
2021-06-21 09:27:20,714.6,838152
2021-06-21 09:27:21,714.0,839569
2021-06-21 09:27:22,714.6,840724
2021-06-21 09:27:23,714.85,841509
2021-06-21 09:27:24,714.85,842159
2021-06-21 09:27:27,714.8,846089
2021-06-21 09:27:29,715.15,848627
2021-06-21 09:27:30,714.85,851021
2021-06-21 09:27:31,714.8,851858
2021-06-21 09:27:32,714.85,852086
2021-06-21 09:27:33,715.25,852178
2021-06-21 09:27:34,715.35,852291
2021-06-21 09:27:35,715.45,852493
2021-06-21 09:27:36,714.95,854182
2021-06-21 09:27:37,714.8,855667
2021-06-21 09:27:38,715.0,857182
2021-06-21 09:27:39,715.3,858040
2021-06-21 09:27:40,715.4,858689
2021-06-21 09:27:41,715.0,860650
2021-06-21 09:27:42,715.15,862277
2021-06-21 09:27:43,714.65,863682
2021-06-21 09:27:44,714.6,867085
2021-06-21 09:27:45,714.85,867702
2021-06-21 09:27:46,715.35,868484
2021-06-21 09:27:47,715.05,869959
2021-06-21 09:27:48,715.15,870410
2021-06-21 09:27:49,714.6,870644
2021-06-21 09:27:50,715.15,870741
2021-06-21 09:27:51,715.0,871104
2021-06-21 09:27:52,715.15,871747
2021-06-21 09:27:53,715.0,872464
2021-06-21 09:27:54,715.15,872827
2021-06-21 09:27:55,715.25,873241
2021-06-21 09:27:56,714.75,873450
2021-06-21 09:27:57,715.3,873695
2021-06-21 09:27:58,714.7,874840
2021-06-21 09:27:59,715.25,875656
2021-06-21 09:28:00,715.15,876532
2021-06-21 09:28:01,715.0,876731
2021-06-21 09:28:02,715.0,876770
2021-06-21 09:28:03,715.0,876801
2021-06-21 09:28:04,714.7,877502
2021-06-21 09:28:05,714.95,877973
2021-06-21 09:28:06,715.0,878560
2021-06-21 09:28:07,714.75,879290
2021-06-21 09:28:08,715.0,879467
2021-06-21 09:28:09,714.75,879751
2021-06-21 09:28:10,715.0,879901
2021-06-21 09:28:11,714.95,880330
2021-06-21 09:28:12,714.9,880404
2021-06-21 09:28:13,714.6,880737
2021-06-21 09:28:14,714.7,881053
2021-06-21 09:28:15,714.7,881150
2021-06-21 09:28:17,714.7,881505
2021-06-21 09:28:18,714.6,881720
2021-06-21 09:28:19,715.0,882511
2021-06-21 09:28:20,714.65,882701
2021-06-21 09:28:21,714.6,883154
2021-06-21 09:28:22,715.05,886032
2021-06-21 09:28:23,715.05,886131
2021-06-21 09:28:25,715.5,886781
2021-06-21 09:28:25,715.25,886791
2021-06-21 09:28:26,715.0,887958
2021-06-21 09:28:27,715.0,888178
2021-06-21 09:28:28,715.3,888868
2021-06-21 09:28:29,715.5,888969
2021-06-21 09:28:30,715.3,889092
2021-06-21 09:28:31,715.3,889769
2021-06-21 09:28:32,715.3,889863
2021-06-21 09:28:33,715.5,891639
2021-06-21 09:28:34,715.5,894491
2021-06-21 09:28:35,715.5,894654
2021-06-21 09:28:36,715.8,895312
2021-06-21 09:28:37,715.8,895349
2021-06-21 09:28:39,715.85,896465
2021-06-21 09:28:40,715.8,896634
2021-06-21 09:28:41,715.8,896651
2021-06-21 09:28:42,715.8,897935
2021-06-21 09:28:43,715.8,898338
2021-06-21 09:28:44,715.75,898508
2021-06-21 09:28:45,715.4,898633
2021-06-21 09:28:46,715.4,899487
2021-06-21 09:28:47,715.25,900704
2021-06-21 09:28:48,715.5,901113
2021-06-21 09:28:50,715.55,901367
2021-06-21 09:28:53,715.55,902765
2021-06-21 09:28:54,715.85,902914
2021-06-21 09:28:55,715.6,903939
2021-06-21 09:28:56,715.6,903939
2021-06-21 09:28:56,715.3,904239
2021-06-21 09:28:57,715.55,904605
2021-06-21 09:28:58,715.75,904814
2021-06-21 09:28:59,715.75,904933
2021-06-21 09:29:00,715.4,905022
2021-06-21 09:29:01,715.75,905909
2021-06-21 09:29:02,715.4,905995
2021-06-21 09:29:03,715.8,906275
2021-06-21 09:29:04,715.75,906490
2021-06-21 09:29:05,715.8,908622
2021-06-21 09:29:06,715.45,909654
2021-06-21 09:29:07,715.75,910237
2021-06-21 09:29:08,715.8,910533
2021-06-21 09:29:09,715.4,910748
2021-06-21 09:29:10,715.85,911341
2021-06-21 09:29:12,715.4,911683
2021-06-21 09:29:13,715.85,912200
2021-06-21 09:29:14,715.8,912374
2021-06-21 09:29:15,716.0,923649
2021-06-21 09:29:15,716.0,923949
2021-06-21 09:29:16,716.0,925253
2021-06-21 09:29:17,716.35,927492
2021-06-21 09:29:18,716.3,929100
2021-06-21 09:29:19,716.4,931657
2021-06-21 09:29:20,716.0,932908
2021-06-21 09:29:21,716.35,934818
2021-06-21 09:29:22,716.5,940713
2021-06-21 09:29:23,716.35,941932
2021-06-21 09:29:24,716.45,943560
2021-06-21 09:29:25,716.0,945554
2021-06-21 09:29:26,716.45,947550
2021-06-21 09:29:27,716.45,952926
2021-06-21 09:29:29,716.0,954270
2021-06-21 09:29:30,716.0,954701
2021-06-21 09:29:30,715.9,956445
2021-06-21 09:29:31,716.45,957083
2021-06-21 09:29:32,716.45,957140
2021-06-21 09:29:33,715.95,959448
2021-06-21 09:29:34,716.3,959502
2021-06-21 09:29:35,716.1,959844
2021-06-21 09:29:36,716.3,961605
2021-06-21 09:29:40,716.2,968490
2021-06-21 09:29:41,716.0,968929
2021-06-21 09:29:42,716.0,969119
2021-06-21 09:29:43,716.0,969458
2021-06-21 09:29:44,716.3,971603
2021-06-21 09:29:45,716.3,974357
2021-06-21 09:29:47,716.3,977637
2021-06-21 09:29:48,716.5,1016879
2021-06-21 09:29:49,716.5,1020877
2021-06-21 09:29:50,716.5,1023620
2021-06-21 09:29:51,716.5,1024890
2021-06-21 09:29:52,716.5,1027462
2021-06-21 09:29:53,716.75,1028803
2021-06-21 09:29:54,716.75,1029966
2021-06-21 09:29:55,716.5,1030220
2021-06-21 09:29:57,716.5,1032187
2021-06-21 09:29:58,716.7,1032716
2021-06-21 09:29:59,716.7,1032716
2021-06-21 09:30:00,716.5,1033049
2021-06-21 09:30:01,716.5,1035270
2021-06-21 09:30:02,716.55,1038146
2021-06-21 09:30:03,716.3,1038518
2021-06-21 09:30:04,716.45,1039746
2021-06-21 09:30:05,716.2,1039801
2021-06-21 09:30:06,716.5,1044051
2021-06-21 09:30:06,716.6,1044351
2021-06-21 09:30:07,716.4,1046590
2021-06-21 09:30:08,716.55,1047156
2021-06-21 09:30:09,716.45,1049234
2021-06-21 09:30:10,716.45,1051213
2021-06-21 09:30:11,716.2,1051223
2021-06-21 09:30:12,716.3,1051399
2021-06-21 09:30:13,716.3,1051594
2021-06-21 09:30:14,716.4,1053195
2021-06-21 09:30:15,716.4,1054648
2021-06-21 09:30:16,716.0,1056153
2021-06-21 09:30:17,716.35,1056602
2021-06-21 09:30:18,716.45,1056971
2021-06-21 09:30:19,716.4,1057650
2021-06-21 09:30:21,715.5,1063766
2021-06-21 09:30:23,715.7,1064221
2021-06-21 09:30:24,715.3,1064477
2021-06-21 09:30:25,715.1,1065062
2021-06-21 09:30:26,715.1,1065794
2021-06-21 09:30:27,715.4,1066508
2021-06-21 09:30:27,715.4,1066508
2021-06-21 09:30:28,715.05,1066835
2021-06-21 09:30:29,715.05,1067360
2021-06-21 09:30:30,714.75,1069218
2021-06-21 09:30:31,714.95,1069234
2021-06-21 09:30:32,714.55,1071024
2021-06-21 09:30:33,715.1,1071995
2021-06-21 09:30:34,714.85,1072164
2021-06-21 09:30:35,715.0,1072359
2021-06-21 09:30:36,715.3,1072786
2021-06-21 09:30:37,715.0,1072917
2021-06-21 09:30:38,714.9,1073433
2021-06-21 09:30:39,715.0,1073693
2021-06-21 09:30:40,715.0,1074235
2021-06-21 09:30:41,715.3,1074628
2021-06-21 09:30:42,715.15,1074697
2021-06-21 09:30:43,715.2,1075035
2021-06-21 09:30:44,715.35,1075852
2021-06-21 09:30:46,715.0,1076054
2021-06-21 09:30:47,715.2,1076222
2021-06-21 09:30:48,715.5,1077239
2021-06-21 09:30:49,715.4,1077580
2021-06-21 09:30:50,715.0,1077638
2021-06-21 09:30:51,715.35,1079247
2021-06-21 09:30:52,715.45,1079409
2021-06-21 09:30:54,715.4,1079587
2021-06-21 09:30:55,715.4,1080882
2021-06-21 09:30:56,715.4,1080973
2021-06-21 09:30:57,714.9,1081280
2021-06-21 09:30:58,715.4,1081537
2021-06-21 09:30:59,715.3,1081765
2021-06-21 09:31:00,715.4,1081933
2021-06-21 09:31:01,715.3,1081973
2021-06-21 09:31:02,715.35,1082368
2021-06-21 09:31:03,715.05,1083244
2021-06-21 09:31:04,715.4,1083550
2021-06-21 09:31:05,715.0,1083614
2021-06-21 09:31:06,715.0,1083826
2021-06-21 09:31:07,715.45,1084952
2021-06-21 09:31:08,715.45,1086507
2021-06-21 09:31:09,715.35,1086608
2021-06-21 09:31:10,715.35,1086970
2021-06-21 09:31:11,715.0,1087128
2021-06-21 09:31:12,715.45,1087720
2021-06-21 09:31:14,715.1,1087904
2021-06-21 09:31:15,715.0,1088108
2021-06-21 09:31:16,715.0,1088673
2021-06-21 09:31:17,715.0,1088925
2021-06-21 09:31:18,715.15,1089545
2021-06-21 09:31:19,715.05,1089989
2021-06-21 09:31:20,714.95,1090818
2021-06-21 09:31:21,715.1,1091411
2021-06-21 09:31:22,715.15,1092010
2021-06-21 09:31:22,715.15,1092010
2021-06-21 09:31:24,715.3,1093422
2021-06-21 09:31:25,715.0,1093630
2021-06-21 09:31:27,715.15,1094440
2021-06-21 09:31:27,715.15,1094440
2021-06-21 09:31:28,714.65,1094589
2021-06-21 09:31:29,714.7,1095269
2021-06-21 09:31:30,714.7,1095489
2021-06-21 09:31:31,714.25,1098839
2021-06-21 09:31:32,714.75,1099295
2021-06-21 09:31:33,714.75,1101015
2021-06-21 09:31:34,715.0,1101070
2021-06-21 09:31:35,714.8,1101519
2021-06-21 09:31:36,714.9,1101526
2021-06-21 09:31:37,714.85,1102065
2021-06-21 09:31:38,714.85,1102867
2021-06-21 09:31:39,714.85,1102907
2021-06-21 09:31:40,715.25,1103162
2021-06-21 09:31:41,715.3,1103437
2021-06-21 09:31:42,715.3,1103604
2021-06-21 09:31:43,715.3,1103665
2021-06-21 09:31:44,715.3,1103884
2021-06-21 09:31:45,715.1,1103902
2021-06-21 09:31:46,715.0,1104056
2021-06-21 09:31:47,714.9,1104113
2021-06-21 09:31:48,715.15,1104312
2021-06-21 09:31:49,715.0,1104316
2021-06-21 09:31:50,714.75,1104434
2021-06-21 09:31:51,715.0,1104552
2021-06-21 09:31:52,715.0,1104844
2021-06-21 09:31:53,715.0,1104998
2021-06-21 09:31:55,715.0,1105738
2021-06-21 09:31:56,714.75,1105907
2021-06-21 09:31:57,715.15,1106593
2021-06-21 09:31:58,715.0,1106880
2021-06-21 09:31:59,715.0,1107089
2021-06-21 09:32:00,715.0,1107216
2021-06-21 09:32:01,715.0,1107490
2021-06-21 09:32:02,714.9,1112031
2021-06-21 09:32:03,714.95,1112157
2021-06-21 09:32:03,714.95,1112157
2021-06-21 09:32:04,715.0,1112835
2021-06-21 09:32:05,714.55,1113463
2021-06-21 09:32:06,714.9,1113565
2021-06-21 09:32:07,714.9,1113785
2021-06-21 09:32:08,714.55,1113861
2021-06-21 09:32:09,714.55,1114227
2021-06-21 09:32:10,714.85,1114314
2021-06-21 09:32:11,714.95,1114554
2021-06-21 09:32:12,715.0,1116235
2021-06-21 09:32:13,715.15,1116253
2021-06-21 09:32:14,715.2,1116481
2021-06-21 09:32:15,715.15,1116999
2021-06-21 09:32:16,715.0,1117790
2021-06-21 09:32:18,715.15,1117954
2021-06-21 09:32:19,715.15,1118628
2021-06-21 09:32:20,715.2,1119066
2021-06-21 09:32:21,715.15,1119070
2021-06-21 09:32:22,715.15,1119546
2021-06-21 09:32:22,715.0,1120646
2021-06-21 09:32:23,715.0,1121064
2021-06-21 09:32:24,715.3,1121678
2021-06-21 09:32:25,715.0,1122229
2021-06-21 09:32:28,715.0,1122417
2021-06-21 09:32:30,715.0,1123994
2021-06-21 09:32:31,715.15,1124179
2021-06-21 09:32:31,715.15,1124179
2021-06-21 09:32:32,715.0,1124686
2021-06-21 09:32:33,715.05,1124693
2021-06-21 09:32:34,715.05,1124843
2021-06-21 09:32:35,715.0,1125370
2021-06-21 09:32:36,715.0,1125611
2021-06-21 09:32:39,714.95,1125715
2021-06-21 09:32:40,714.8,1126389
2021-06-21 09:32:41,715.15,1126761
2021-06-21 09:32:41,715.15,1126771
2021-06-21 09:32:42,714.95,1126946
2021-06-21 09:32:43,715.0,1127263
2021-06-21 09:32:44,715.15,1127763
2021-06-21 09:32:45,715.15,1127921
2021-06-21 09:32:47,714.95,1131303
2021-06-21 09:32:48,715.25,1132336
2021-06-21 09:32:48,715.0,1132591
2021-06-21 09:32:49,715.25,1133715
2021-06-21 09:32:50,715.0,1133767
2021-06-21 09:32:52,715.3,1134372
2021-06-21 09:32:53,715.35,1135160
2021-06-21 09:32:53,715.3,1135172
2021-06-21 09:32:55,715.05,1135818
2021-06-21 09:32:57,715.25,1137942
2021-06-21 09:32:58,715.35,1138035
2021-06-21 09:32:59,715.35,1139042
2021-06-21 09:33:00,715.3,1139296
2021-06-21 09:33:01,715.0,1139423
2021-06-21 09:33:02,715.0,1139854
2021-06-21 09:33:02,715.25,1140497
2021-06-21 09:33:03,715.0,1140640
2021-06-21 09:33:04,714.95,1140704
2021-06-21 09:33:05,715.0,1140905
2021-06-21 09:33:06,715.0,1141094
2021-06-21 09:33:07,714.95,1141303
2021-06-21 09:33:09,714.8,1141960
2021-06-21 09:33:10,714.95,1142235
2021-06-21 09:33:11,714.95,1142459
2021-06-21 09:33:11,714.95,1142528
2021-06-21 09:33:12,715.1,1143101
2021-06-21 09:33:13,714.95,1143208
2021-06-21 09:33:15,715.25,1144189
2021-06-21 09:33:16,715.25,1144241
2021-06-21 09:33:17,714.95,1147166
2021-06-21 09:33:17,715.35,1147314
2021-06-21 09:33:18,714.95,1147356
2021-06-21 09:33:19,715.1,1147666
2021-06-21 09:33:21,715.0,1147858
2021-06-21 09:33:22,715.25,1147935
2021-06-21 09:33:23,715.0,1148532
2021-06-21 09:33:24,714.95,1148808
2021-06-21 09:33:24,714.95,1148808
2021-06-21 09:33:25,715.1,1148917
2021-06-21 09:33:26,714.8,1148952
2021-06-21 09:33:27,714.8,1149648
2021-06-21 09:33:29,715.0,1150133
2021-06-21 09:33:30,714.8,1150367
2021-06-21 09:33:32,714.65,1150704
2021-06-21 09:33:33,715.0,1150961
2021-06-21 09:33:34,714.9,1151446
2021-06-21 09:33:34,714.8,1151451
2021-06-21 09:33:35,714.6,1153481
2021-06-21 09:33:37,714.6,1153539
2021-06-21 09:33:37,714.9,1153767
2021-06-21 09:33:38,714.6,1154227
2021-06-21 09:33:39,714.95,1154264
2021-06-21 09:33:41,714.95,1154335
2021-06-21 09:33:42,715.0,1155983
2021-06-21 09:33:43,715.0,1156093
2021-06-21 09:33:44,714.8,1156465
2021-06-21 09:33:44,714.8,1156465
2021-06-21 09:33:45,715.0,1156689
2021-06-21 09:33:47,714.6,1158183
2021-06-21 09:33:48,714.45,1159652
2021-06-21 09:33:49,714.8,1159801
2021-06-21 09:33:50,714.5,1159907
2021-06-21 09:33:51,714.3,1162236
2021-06-21 09:33:52,714.3,1163233
2021-06-21 09:33:54,714.45,1163351
2021-06-21 09:33:54,714.25,1165105
2021-06-21 09:33:55,714.7,1165146
2021-06-21 09:33:56,714.65,1172325
2021-06-21 09:33:57,714.65,1172488
2021-06-21 09:33:59,714.25,1172527
2021-06-21 09:34:00,714.25,1175526
2021-06-21 09:34:01,714.25,1176005
2021-06-21 09:34:02,714.6,1176134
2021-06-21 09:34:03,714.6,1176525
2021-06-21 09:34:03,714.6,1176525
2021-06-21 09:34:04,714.25,1176642
2021-06-21 09:34:06,714.5,1177872
2021-06-21 09:34:07,714.25,1178797
2021-06-21 09:34:08,714.6,1179749
2021-06-21 09:34:09,713.85,1203337
2021-06-21 09:34:10,713.2,1203675
2021-06-21 09:34:11,713.0,1205383
2021-06-21 09:34:11,713.35,1205407
2021-06-21 09:34:12,713.35,1205586
2021-06-21 09:34:13,713.4,1205960
2021-06-21 09:34:14,713.4,1206200
2021-06-21 09:34:15,712.6,1209650
2021-06-21 09:34:16,712.8,1213283
2021-06-21 09:34:17,712.3,1215039
2021-06-21 09:34:18,712.85,1216671
2021-06-21 09:34:20,712.6,1218271
2021-06-21 09:34:21,712.1,1218878
2021-06-21 09:34:22,712.05,1220743
2021-06-21 09:34:23,712.45,1220856
2021-06-21 09:34:23,712.45,1220856
2021-06-21 09:34:24,712.45,1221936
2021-06-21 09:34:26,712.05,1222119
2021-06-21 09:34:27,712.05,1223308
2021-06-21 09:34:28,712.4,1225959
2021-06-21 09:34:29,711.9,1230521
2021-06-21 09:34:30,711.65,1232130
2021-06-21 09:34:31,711.5,1232577
2021-06-21 09:34:31,711.95,1232720
2021-06-21 09:34:32,711.45,1234228
2021-06-21 09:34:33,711.5,1234434
2021-06-21 09:34:35,711.55,1235094
2021-06-21 09:34:36,711.7,1237279
2021-06-21 09:34:37,711.8,1239574
2021-06-21 09:34:38,712.1,1243449
2021-06-21 09:34:39,712.65,1244482
2021-06-21 09:34:40,712.9,1244858
2021-06-21 09:34:41,712.55,1245105
2021-06-21 09:34:42,712.6,1245694
2021-06-21 09:34:43,712.15,1247302
2021-06-21 09:34:44,712.7,1247894
2021-06-21 09:34:45,712.05,1249017
2021-06-21 09:34:46,712.3,1249465
2021-06-21 09:34:47,712.15,1249638
2021-06-21 09:34:47,712.0,1249648
2021-06-21 09:34:48,712.3,1249787
2021-06-21 09:34:50,712.0,1250664
2021-06-21 09:34:52,712.4,1254683
2021-06-21 09:34:53,712.45,1255305
2021-06-21 09:34:54,712.45,1255423
2021-06-21 09:34:55,712.5,1255739
2021-06-21 09:34:56,712.4,1255806
2021-06-21 09:34:57,712.45,1255928
2021-06-21 09:34:57,712.1,1255981
2021-06-21 09:34:58,712.45,1257206
2021-06-21 09:34:59,712.05,1257896
2021-06-21 09:35:01,712.05,1259098
2021-06-21 09:35:02,712.05,1259307
2021-06-21 09:35:02,712.05,1259346
2021-06-21 09:35:03,712.05,1259539
2021-06-21 09:35:05,712.05,1259636
2021-06-21 09:35:06,712.0,1263584
2021-06-21 09:35:07,712.0,1263635
2021-06-21 09:35:07,712.05,1264381
2021-06-21 09:35:09,712.05,1264843
2021-06-21 09:35:10,712.05,1265797
2021-06-21 09:35:11,712.0,1266795
2021-06-21 09:35:11,712.0,1266795
2021-06-21 09:35:12,712.0,1268208
2021-06-21 09:35:14,712.05,1268774
2021-06-21 09:35:15,712.05,1269450
2021-06-21 09:35:16,712.05,1272450
2021-06-21 09:35:16,712.1,1272470
2021-06-21 09:35:18,712.0,1272982
2021-06-21 09:35:19,712.15,1273055
2021-06-21 09:35:20,712.65,1273900
2021-06-21 09:35:21,712.25,1274051
2021-06-21 09:35:22,712.6,1276830
2021-06-21 09:35:23,712.55,1277042
2021-06-21 09:35:23,712.6,1277379
2021-06-21 09:35:25,712.25,1278014
2021-06-21 09:35:26,712.25,1279238
2021-06-21 09:35:27,712.55,1279370
2021-06-21 09:35:28,712.55,1279523
2021-06-21 09:35:29,712.5,1279770
2021-06-21 09:35:30,712.5,1279883
2021-06-21 09:35:31,712.5,1280442
2021-06-21 09:35:31,712.5,1280698
2021-06-21 09:35:33,712.5,1280718
2021-06-21 09:35:34,712.5,1281043
2021-06-21 09:35:35,712.45,1281051
2021-06-21 09:35:36,712.5,1281227
2021-06-21 09:35:37,712.6,1281479
2021-06-21 09:35:39,712.5,1281994
2021-06-21 09:35:40,712.75,1282212
2021-06-21 09:35:41,712.5,1282320
2021-06-21 09:35:42,712.75,1282333
2021-06-21 09:35:43,712.8,1282435
2021-06-21 09:35:44,712.8,1282740
2021-06-21 09:35:45,712.8,1282740
2021-06-21 09:35:46,712.8,1282895
2021-06-21 09:35:46,712.8,1282964
2021-06-21 09:35:48,712.8,1283074
2021-06-21 09:35:49,712.65,1283139
2021-06-21 09:35:50,712.8,1283536
2021-06-21 09:35:50,712.8,1283542
2021-06-21 09:35:52,712.5,1284203
2021-06-21 09:35:53,712.8,1284341
2021-06-21 09:35:54,712.5,1284732
2021-06-21 09:35:55,712.9,1285112
2021-06-21 09:35:56,712.5,1286633
2021-06-21 09:35:57,712.5,1286633
2021-06-21 09:35:59,712.5,1287178
2021-06-21 09:36:00,712.75,1287290
2021-06-21 09:36:01,712.75,1287420
2021-06-21 09:36:02,712.8,1287959
2021-06-21 09:36:03,712.65,1288221
2021-06-21 09:36:03,712.65,1288221
2021-06-21 09:36:05,712.5,1289332
2021-06-21 09:36:05,712.8,1289509
2021-06-21 09:36:07,712.6,1289558
2021-06-21 09:36:08,712.85,1289650
2021-06-21 09:36:09,712.6,1289838
2021-06-21 09:36:10,711.7,1312726
2021-06-21 09:36:12,711.65,1312931
2021-06-21 09:36:13,712.0,1313020
2021-06-21 09:36:14,712.0,1313076
2021-06-21 09:36:17,711.6,1313897
2021-06-21 09:36:18,711.65,1313919
2021-06-21 09:36:19,712.45,1320180
2021-06-21 09:36:20,712.5,1320973
2021-06-21 09:36:21,712.5,1321129
2021-06-21 09:36:22,712.15,1321439
2021-06-21 09:36:23,712.2,1321639
2021-06-21 09:36:24,710.65,1331026
2021-06-21 09:36:25,710.45,1334086
2021-06-21 09:36:25,710.45,1334086
2021-06-21 09:36:26,710.95,1334669
2021-06-21 09:36:28,711.25,1335588
2021-06-21 09:36:29,710.55,1339439
2021-06-21 09:36:30,711.35,1340138
2021-06-21 09:36:30,711.0,1340298
2021-06-21 09:36:32,711.0,1340563
2021-06-21 09:36:33,710.85,1340840
2021-06-21 09:36:34,710.85,1341141
2021-06-21 09:36:35,711.15,1341603
2021-06-21 09:36:36,709.55,1356764
2021-06-21 09:36:37,709.7,1357069
2021-06-21 09:36:38,709.1,1357472
2021-06-21 09:36:39,709.25,1357645
2021-06-21 09:36:40,709.6,1360082
2021-06-21 09:36:42,710.0,1360657
2021-06-21 09:36:43,709.75,1360960
2021-06-21 09:36:44,709.15,1361279
2021-06-21 09:36:45,709.65,1361586
2021-06-21 09:36:46,709.25,1363027
2021-06-21 09:36:47,709.0,1363759
2021-06-21 09:36:49,709.3,1365776
2021-06-21 09:36:50,709.3,1366438
2021-06-21 09:36:51,709.15,1366800
2021-06-21 09:36:52,709.05,1367130
2021-06-21 09:36:53,709.3,1367503
2021-06-21 09:36:54,709.25,1367868
2021-06-21 09:36:55,709.3,1368291
2021-06-21 09:36:56,709.25,1369162
2021-06-21 09:36:57,710.25,1372757
2021-06-21 09:36:58,709.7,1374168
2021-06-21 09:36:59,709.75,1374402
2021-06-21 09:37:00,709.75,1374427
2021-06-21 09:37:01,710.45,1376045
2021-06-21 09:37:02,710.4,1376083
2021-06-21 09:37:03,710.45,1376324
2021-06-21 09:37:04,710.45,1376359
2021-06-21 09:37:05,710.0,1376759
2021-06-21 09:37:07,710.45,1377217
2021-06-21 09:37:08,710.45,1377435
2021-06-21 09:37:09,710.4,1377614
2021-06-21 09:37:10,710.45,1377682
2021-06-21 09:37:11,710.45,1378052
2021-06-21 09:37:12,710.45,1378408
2021-06-21 09:37:13,710.45,1378522
2021-06-21 09:37:14,710.45,1378562
2021-06-21 09:37:15,710.4,1378637
2021-06-21 09:37:16,710.4,1378819
2021-06-21 09:37:17,710.3,1379419
2021-06-21 09:37:18,710.4,1380770
2021-06-21 09:37:19,710.4,1380770
2021-06-21 09:37:20,710.35,1381048
2021-06-21 09:37:22,710.35,1381131
2021-06-21 09:37:23,710.45,1382163
2021-06-21 09:37:24,710.55,1382472
2021-06-21 09:37:25,710.65,1382689
2021-06-21 09:37:26,710.5,1382977
2021-06-21 09:37:27,710.55,1383911
2021-06-21 09:37:28,710.75,1384074
2021-06-21 09:37:29,710.9,1384160
2021-06-21 09:37:30,710.35,1385210
2021-06-21 09:37:31,710.85,1385276
2021-06-21 09:37:32,710.7,1385458
2021-06-21 09:37:33,711.0,1385502
2021-06-21 09:37:34,711.05,1386022
2021-06-21 09:37:35,711.0,1386253
2021-06-21 09:37:36,711.0,1386253
2021-06-21 09:37:37,711.0,1386732
2021-06-21 09:37:38,710.85,1386862
2021-06-21 09:37:39,710.95,1387282
2021-06-21 09:37:40,711.0,1387575
2021-06-21 09:37:41,711.0,1387861
2021-06-21 09:37:42,710.9,1387918
2021-06-21 09:37:43,710.5,1388013
2021-06-21 09:37:44,711.0,1388109
2021-06-21 09:37:45,710.5,1388308
2021-06-21 09:37:46,710.85,1388372
2021-06-21 09:37:47,710.85,1388579
2021-06-21 09:37:48,710.75,1388690
2021-06-21 09:37:49,710.8,1389054
2021-06-21 09:37:50,710.7,1389359
2021-06-21 09:37:51,710.7,1389548
2021-06-21 09:37:52,710.7,1389590
2021-06-21 09:37:53,710.5,1389667
2021-06-21 09:37:54,711.0,1390328
2021-06-21 09:37:55,710.55,1390367
2021-06-21 09:37:56,710.85,1390377
2021-06-21 09:37:57,710.8,1390511
2021-06-21 09:37:58,711.0,1390915
2021-06-21 09:37:59,710.65,1391105
2021-06-21 09:38:00,711.0,1391235
2021-06-21 09:38:01,710.6,1391285
2021-06-21 09:38:02,710.7,1391827
2021-06-21 09:38:03,711.0,1393091
2021-06-21 09:38:04,711.0,1393091
2021-06-21 09:38:05,710.9,1393121
2021-06-21 09:38:06,710.75,1393242
2021-06-21 09:38:07,710.6,1393270
2021-06-21 09:38:10,710.4,1395555
2021-06-21 09:38:11,710.1,1395655
2021-06-21 09:38:13,710.15,1395702
2021-06-21 09:38:14,710.4,1396270
2021-06-21 09:38:15,710.05,1396345
2021-06-21 09:38:16,709.8,1398149
2021-06-21 09:38:17,709.9,1398261
2021-06-21 09:38:18,710.0,1398582
2021-06-21 09:38:19,710.0,1398967
2021-06-21 09:38:20,709.9,1398969
2021-06-21 09:38:21,709.8,1398981
2021-06-21 09:38:22,709.85,1399257
2021-06-21 09:38:23,709.75,1399329
2021-06-21 09:38:24,709.9,1399409
2021-06-21 09:38:25,709.45,1399509
2021-06-21 09:38:26,709.6,1399599
2021-06-21 09:38:27,709.8,1400101
2021-06-21 09:38:28,709.95,1400351
2021-06-21 09:38:29,709.95,1400351
2021-06-21 09:38:30,709.45,1400600
2021-06-21 09:38:31,709.9,1401800
2021-06-21 09:38:33,709.6,1401928
2021-06-21 09:38:34,709.95,1402142
2021-06-21 09:38:35,709.8,1402179
2021-06-21 09:38:36,710.0,1402593
2021-06-21 09:38:37,709.9,1402596
2021-06-21 09:38:38,709.9,1402776
2021-06-21 09:38:39,710.25,1402873
2021-06-21 09:38:40,710.15,1402923
2021-06-21 09:38:41,710.45,1403343
2021-06-21 09:38:42,710.2,1403356
2021-06-21 09:38:43,710.05,1403381
2021-06-21 09:38:44,710.1,1403856
2021-06-21 09:38:45,710.4,1403930
2021-06-21 09:38:46,710.3,1404045
2021-06-21 09:38:47,710.1,1404160
2021-06-21 09:38:48,710.35,1404313
2021-06-21 09:38:50,710.1,1404454
2021-06-21 09:38:51,710.45,1404580
2021-06-21 09:38:52,710.05,1404730
2021-06-21 09:38:53,710.4,1405136
2021-06-21 09:38:54,710.0,1406437
2021-06-21 09:38:55,710.0,1406437
2021-06-21 09:38:56,710.35,1406690
2021-06-21 09:38:57,710.25,1406715
2021-06-21 09:38:57,710.1,1406745
2021-06-21 09:38:59,710.4,1406884
2021-06-21 09:38:59,710.35,1406951
2021-06-21 09:39:00,710.4,1407051
2021-06-21 09:39:01,710.3,1407071
2021-06-21 09:39:02,710.05,1408786
2021-06-21 09:39:03,710.3,1408867
2021-06-21 09:39:04,710.3,1408923
2021-06-21 09:39:05,710.3,1408997
2021-06-21 09:39:06,710.2,1409001
2021-06-21 09:39:07,710.1,1409213
2021-06-21 09:39:08,709.0,1428580
2021-06-21 09:39:09,709.4,1433280
2021-06-21 09:39:10,709.3,1433512
2021-06-21 09:39:11,709.0,1433606
2021-06-21 09:39:12,709.2,1434072
2021-06-21 09:39:13,708.85,1434277
2021-06-21 09:39:14,709.05,1434298
2021-06-21 09:39:15,708.9,1434481
2021-06-21 09:39:17,708.1,1435507
2021-06-21 09:39:18,708.1,1440766
2021-06-21 09:39:19,707.75,1440901
2021-06-21 09:39:21,708.0,1453588
2021-06-21 09:39:22,708.0,1453922
2021-06-21 09:39:23,708.0,1453937
2021-06-21 09:39:24,707.9,1454793
2021-06-21 09:39:25,708.0,1454899
2021-06-21 09:39:26,708.1,1455296
2021-06-21 09:39:27,708.0,1455437
2021-06-21 09:39:28,707.85,1455714
2021-06-21 09:39:29,708.1,1456066
2021-06-21 09:39:30,708.1,1456316
2021-06-21 09:39:31,707.95,1456640
2021-06-21 09:39:32,707.95,1456868
2021-06-21 09:39:33,708.05,1457192
2021-06-21 09:39:34,707.95,1457703
2021-06-21 09:39:35,708.0,1457832
2021-06-21 09:39:36,708.2,1464530
2021-06-21 09:39:37,708.1,1465702
2021-06-21 09:39:38,708.0,1468326
2021-06-21 09:39:39,708.25,1469185
2021-06-21 09:39:40,708.1,1469215
2021-06-21 09:39:41,708.2,1469222
2021-06-21 09:39:42,708.0,1470495
2021-06-21 09:39:43,708.25,1470797
2021-06-21 09:39:44,708.25,1470966
2021-06-21 09:39:45,708.1,1471326
2021-06-21 09:39:46,708.15,1471391
2021-06-21 09:39:47,708.15,1471613
2021-06-21 09:39:48,708.2,1472336
2021-06-21 09:39:49,708.05,1472482
2021-06-21 09:39:50,708.2,1472748
2021-06-21 09:39:51,708.15,1476018
2021-06-21 09:39:52,708.25,1476211
2021-06-21 09:39:53,708.15,1476533
2021-06-21 09:39:54,708.05,1476575
2021-06-21 09:39:55,708.15,1476635
2021-06-21 09:39:56,708.15,1476648
2021-06-21 09:39:57,708.0,1476684
2021-06-21 09:39:58,708.0,1477140
2021-06-21 09:39:59,708.3,1477457
2021-06-21 09:40:00,708.25,1479972
2021-06-21 09:40:01,708.3,1480003
2021-06-21 09:40:02,708.0,1480271
2021-06-21 09:40:03,708.15,1480354
2021-06-21 09:40:04,708.3,1480401
2021-06-21 09:40:05,708.3,1480629
2021-06-21 09:40:06,708.2,1480645
2021-06-21 09:40:07,708.2,1480693
2021-06-21 09:40:08,708.2,1480826
2021-06-21 09:40:09,708.4,1481693
2021-06-21 09:40:10,708.3,1481710
2021-06-21 09:40:11,708.4,1482414
2021-06-21 09:40:12,708.3,1482716
2021-06-21 09:40:13,708.3,1482816
2021-06-21 09:40:14,708.4,1483372
2021-06-21 09:40:15,708.4,1483517
2021-06-21 09:40:16,708.7,1490936
2021-06-21 09:40:17,708.25,1491190
2021-06-21 09:40:18,708.4,1491471
2021-06-21 09:40:19,708.4,1491938
2021-06-21 09:40:20,708.3,1491961
2021-06-21 09:40:21,709.0,1514723
2021-06-21 09:40:22,709.0,1519908
2021-06-21 09:40:23,709.0,1530994
2021-06-21 09:40:24,709.0,1539390
2021-06-21 09:40:25,708.45,1544994
2021-06-21 09:40:26,708.35,1545170
2021-06-21 09:40:27,708.35,1545225
2021-06-21 09:40:28,708.25,1545259
2021-06-21 09:40:29,708.25,1545775
2021-06-21 09:40:30,708.35,1545881
2021-06-21 09:40:31,708.2,1550967
2021-06-21 09:40:32,708.7,1551017
2021-06-21 09:40:33,708.3,1551607
2021-06-21 09:40:34,708.4,1551642
2021-06-21 09:40:35,708.65,1551874
2021-06-21 09:40:36,708.7,1552024
2021-06-21 09:40:37,708.55,1552123
2021-06-21 09:40:38,708.4,1552229
2021-06-21 09:40:39,708.35,1552435
2021-06-21 09:40:42,708.95,1553788
2021-06-21 09:40:42,708.85,1553843
2021-06-21 09:40:43,708.85,1553963
2021-06-21 09:40:44,708.75,1553978
2021-06-21 09:40:45,709.05,1555790
2021-06-21 09:40:46,708.9,1555791
2021-06-21 09:40:47,708.6,1555959
2021-06-21 09:40:48,708.95,1556362
2021-06-21 09:40:49,708.95,1556613
2021-06-21 09:40:50,709.2,1556774
2021-06-21 09:40:51,708.75,1556837
2021-06-21 09:40:52,709.2,1562937
2021-06-21 09:40:53,709.1,1563098
2021-06-21 09:40:54,709.1,1563180
2021-06-21 09:40:55,709.1,1563308
2021-06-21 09:40:56,709.1,1563804
2021-06-21 09:40:57,709.1,1563914
2021-06-21 09:40:58,709.05,1563987
2021-06-21 09:40:59,709.05,1564017
2021-06-21 09:41:00,709.05,1564139
2021-06-21 09:41:01,709.0,1565625
2021-06-21 09:41:02,709.05,1566054
2021-06-21 09:41:03,708.95,1566108
2021-06-21 09:41:04,707.6,1574917
2021-06-21 09:41:06,708.45,1576278
2021-06-21 09:41:07,708.3,1576344
2021-06-21 09:41:09,707.7,1576945
2021-06-21 09:41:10,708.1,1577130
2021-06-21 09:41:11,707.95,1577393
2021-06-21 09:41:12,707.95,1578819
2021-06-21 09:41:13,707.0,1583002
2021-06-21 09:41:15,708.05,1592755
2021-06-21 09:41:16,708.1,1592874
2021-06-21 09:41:17,708.0,1596382
2021-06-21 09:41:18,708.1,1597692
2021-06-21 09:41:19,707.7,1598182
2021-06-21 09:41:20,707.5,1598409
2021-06-21 09:41:21,707.6,1598415
2021-06-21 09:41:22,708.0,1598815
2021-06-21 09:41:23,707.9,1599002
2021-06-21 09:41:24,707.85,1599188
2021-06-21 09:41:25,708.05,1601715
2021-06-21 09:41:26,708.15,1603030
2021-06-21 09:41:27,708.35,1603419
2021-06-21 09:41:30,708.3,1603755
2021-06-21 09:41:32,708.75,1604336
2021-06-21 09:41:33,708.55,1604350
2021-06-21 09:41:33,708.55,1604405
2021-06-21 09:41:34,708.55,1604423
2021-06-21 09:41:35,708.7,1604574
2021-06-21 09:41:37,708.6,1604614
2021-06-21 09:41:38,708.8,1604637
2021-06-21 09:41:38,708.6,1604652
2021-06-21 09:41:39,708.6,1604652
2021-06-21 09:41:40,708.6,1604716
2021-06-21 09:41:41,708.6,1604720
2021-06-21 09:41:42,708.35,1606727
2021-06-21 09:41:43,708.25,1607002
2021-06-21 09:41:44,708.25,1607203
2021-06-21 09:41:45,708.05,1607386
2021-06-21 09:41:47,708.0,1607680
2021-06-21 09:41:49,708.2,1608417
2021-06-21 09:41:50,708.3,1608578
2021-06-21 09:41:51,708.0,1608855
2021-06-21 09:41:52,708.0,1608910
2021-06-21 09:41:53,708.2,1608977
2021-06-21 09:41:53,708.2,1608977
2021-06-21 09:41:54,708.0,1609101
2021-06-21 09:41:55,708.05,1609301
2021-06-21 09:41:56,708.2,1609469
2021-06-21 09:41:57,708.2,1609516
2021-06-21 09:41:58,708.05,1609533
2021-06-21 09:41:59,707.9,1623534
2021-06-21 09:42:00,707.45,1625754
2021-06-21 09:42:01,707.5,1626015
2021-06-21 09:42:02,707.9,1627385
2021-06-21 09:42:03,707.9,1627467
2021-06-21 09:42:04,707.6,1627698
2021-06-21 09:42:05,708.0,1629549
2021-06-21 09:42:07,708.2,1629993
2021-06-21 09:42:08,708.2,1630888
2021-06-21 09:42:11,708.35,1632146
2021-06-21 09:42:12,708.2,1633105
2021-06-21 09:42:13,708.05,1633283
2021-06-21 09:42:14,708.2,1633565
2021-06-21 09:42:15,708.1,1633653
2021-06-21 09:42:17,708.5,1633744
2021-06-21 09:42:18,708.65,1634069
2021-06-21 09:42:19,708.6,1634119
2021-06-21 09:42:20,708.25,1634409
2021-06-21 09:42:21,708.65,1634564
2021-06-21 09:42:22,708.05,1635835
2021-06-21 09:42:23,708.35,1639057
2021-06-21 09:42:24,707.8,1640174
2021-06-21 09:42:25,707.6,1640599
2021-06-21 09:42:26,708.1,1641245
2021-06-21 09:42:27,708.4,1641609
2021-06-21 09:42:28,707.8,1641769
2021-06-21 09:42:29,708.25,1642327
2021-06-21 09:42:30,708.15,1643053
2021-06-21 09:42:31,708.4,1643323
2021-06-21 09:42:32,708.4,1643884
2021-06-21 09:42:33,708.15,1644121
2021-06-21 09:42:34,708.0,1645649
2021-06-21 09:42:35,708.0,1645952
2021-06-21 09:42:37,708.0,1646081
2021-06-21 09:42:38,708.0,1646095
2021-06-21 09:42:38,708.0,1646096
2021-06-21 09:42:39,708.0,1646150
2021-06-21 09:42:40,707.8,1646183
2021-06-21 09:42:41,708.15,1646225
2021-06-21 09:42:42,708.05,1646234
2021-06-21 09:42:43,708.25,1646239
2021-06-21 09:42:44,708.5,1646659
2021-06-21 09:42:45,707.7,1647903
2021-06-21 09:42:46,708.2,1648059
2021-06-21 09:42:47,708.25,1648236
2021-06-21 09:42:48,707.95,1648356
2021-06-21 09:42:49,708.25,1648392
2021-06-21 09:42:50,708.05,1648641
2021-06-21 09:42:51,708.45,1648839
2021-06-21 09:42:53,708.1,1649291
2021-06-21 09:42:54,708.45,1649397
2021-06-21 09:42:54,708.45,1649397
2021-06-21 09:42:55,708.35,1649408
2021-06-21 09:42:56,708.2,1649628
2021-06-21 09:42:58,708.9,1653187
2021-06-21 09:42:59,708.8,1653701
2021-06-21 09:43:00,708.4,1654873
2021-06-21 09:43:01,708.85,1655400
2021-06-21 09:43:02,708.85,1655528
2021-06-21 09:43:03,708.6,1655553
2021-06-21 09:43:04,708.95,1655748
2021-06-21 09:43:05,708.6,1655863
2021-06-21 09:43:06,708.6,1656569
2021-06-21 09:43:07,708.8,1657008
2021-06-21 09:43:08,708.7,1657100
2021-06-21 09:43:09,708.8,1657453
2021-06-21 09:43:11,708.8,1657593
2021-06-21 09:43:12,708.8,1657680
2021-06-21 09:43:13,708.55,1658070
2021-06-21 09:43:14,708.8,1658387
2021-06-21 09:43:15,708.8,1658472
2021-06-21 09:43:16,708.65,1660687
2021-06-21 09:43:16,708.6,1660960
2021-06-21 09:43:17,708.8,1661433
2021-06-21 09:43:18,708.95,1661762
2021-06-21 09:43:19,708.85,1662029
2021-06-21 09:43:20,708.95,1662248
2021-06-21 09:43:22,708.8,1662813
2021-06-21 09:43:23,709.0,1662997
2021-06-21 09:43:24,708.9,1663025
2021-06-21 09:43:25,708.6,1663036
2021-06-21 09:43:26,708.65,1663171
2021-06-21 09:43:27,708.9,1663181
2021-06-21 09:43:28,709.0,1663213
2021-06-21 09:43:29,708.8,1665365
2021-06-21 09:43:30,708.65,1665737
2021-06-21 09:43:31,708.65,1665774
2021-06-21 09:43:32,708.55,1665883
2021-06-21 09:43:33,708.55,1665908
2021-06-21 09:43:34,708.65,1666087
2021-06-21 09:43:35,708.9,1666818
2021-06-21 09:43:37,708.9,1666999
2021-06-21 09:43:37,708.9,1666999
2021-06-21 09:43:38,708.9,1667122
2021-06-21 09:43:39,708.9,1667255
2021-06-21 09:43:40,709.0,1667518
2021-06-21 09:43:42,708.9,1668106
2021-06-21 09:43:44,709.0,1668349
2021-06-21 09:43:45,708.9,1668365
2021-06-21 09:43:46,708.95,1669286
2021-06-21 09:43:48,708.8,1669494
2021-06-21 09:43:49,708.95,1669783
2021-06-21 09:43:50,708.85,1669817
2021-06-21 09:43:51,708.85,1669828
2021-06-21 09:43:52,708.85,1669832
2021-06-21 09:43:53,709.0,1669887
2021-06-21 09:43:54,709.1,1670152
2021-06-21 09:43:55,708.85,1670599
2021-06-21 09:43:56,708.75,1671300
2021-06-21 09:43:57,708.95,1671535
2021-06-21 09:43:58,708.95,1671597
2021-06-21 09:43:58,708.95,1671597
2021-06-21 09:43:59,708.85,1671635
2021-06-21 09:44:00,708.85,1671908
2021-06-21 09:44:01,708.9,1671988
2021-06-21 09:44:02,708.8,1671993
2021-06-21 09:44:03,708.8,1672010
2021-06-21 09:44:04,708.8,1672555
2021-06-21 09:44:05,708.8,1672684
2021-06-21 09:44:06,708.8,1672950
2021-06-21 09:44:09,708.8,1673132
2021-06-21 09:44:10,708.6,1673163
2021-06-21 09:44:11,708.8,1673371
2021-06-21 09:44:12,708.7,1673448
2021-06-21 09:44:13,708.7,1673472
2021-06-21 09:44:14,708.7,1673478
2021-06-21 09:44:15,708.7,1673482
2021-06-21 09:44:16,708.7,1673492
2021-06-21 09:44:17,708.6,1673641
2021-06-21 09:44:18,708.85,1673707
2021-06-21 09:44:19,708.9,1673787
2021-06-21 09:44:20,708.7,1673825
2021-06-21 09:44:21,708.65,1673837
2021-06-21 09:44:22,708.7,1673846
2021-06-21 09:44:23,709.1,1673995
2021-06-21 09:44:24,708.2,1678774
2021-06-21 09:44:25,708.0,1679422
2021-06-21 09:44:26,708.0,1679629
2021-06-21 09:44:27,708.0,1679737
2021-06-21 09:44:28,707.8,1679829
2021-06-21 09:44:29,708.1,1679916
2021-06-21 09:44:30,708.0,1680053
2021-06-21 09:44:31,708.45,1680512
2021-06-21 09:44:32,708.0,1680775
2021-06-21 09:44:33,708.1,1681131
2021-06-21 09:44:33,708.0,1681167
2021-06-21 09:44:34,707.8,1681229
2021-06-21 09:44:36,707.8,1681544
2021-06-21 09:44:38,707.8,1681761
2021-06-21 09:44:39,707.9,1682132
2021-06-21 09:44:40,707.7,1682339
2021-06-21 09:44:41,707.7,1682591
2021-06-21 09:44:42,707.9,1682819
2021-06-21 09:44:43,707.9,1682939
2021-06-21 09:44:45,707.7,1683026
2021-06-21 09:44:46,707.8,1683073
2021-06-21 09:44:48,708.25,1683985
2021-06-21 09:44:49,707.85,1684112
2021-06-21 09:44:50,708.35,1684232
2021-06-21 09:44:51,708.45,1684735
2021-06-21 09:44:51,708.35,1684785
2021-06-21 09:44:52,708.25,1684790
2021-06-21 09:44:53,708.25,1684792
2021-06-21 09:44:55,708.55,1685097
2021-06-21 09:44:56,708.6,1685593
2021-06-21 09:44:57,708.6,1685775
2021-06-21 09:44:58,708.5,1685851
2021-06-21 09:44:58,708.15,1685926
2021-06-21 09:44:59,708.3,1685940
2021-06-21 09:45:00,708.45,1685997
2021-06-21 09:45:01,708.5,1686037
2021-06-21 09:45:02,708.2,1686121
2021-06-21 09:45:04,708.4,1686136
2021-06-21 09:45:06,708.45,1686282
2021-06-21 09:45:07,708.15,1686375
2021-06-21 09:45:08,708.5,1686736
2021-06-21 09:45:09,708.4,1686796
2021-06-21 09:45:10,708.4,1686925
2021-06-21 09:45:11,708.4,1686942
2021-06-21 09:45:12,708.6,1687057
2021-06-21 09:45:13,708.5,1687502
2021-06-21 09:45:14,708.55,1687758
2021-06-21 09:45:15,708.4,1687820
2021-06-21 09:45:16,708.55,1688160
2021-06-21 09:45:17,708.35,1688273
2021-06-21 09:45:18,708.2,1688289
2021-06-21 09:45:19,708.4,1688443
2021-06-21 09:45:20,708.2,1688611
2021-06-21 09:45:21,708.05,1689148
2021-06-21 09:45:23,708.3,1689209
2021-06-21 09:45:24,708.5,1689300
2021-06-21 09:45:24,708.45,1689438
2021-06-21 09:45:26,708.25,1690094
2021-06-21 09:45:27,708.0,1690163
2021-06-21 09:45:28,708.0,1690201
2021-06-21 09:45:31,708.0,1693730
2021-06-21 09:45:32,708.0,1694341
2021-06-21 09:45:33,707.95,1694511
2021-06-21 09:45:34,707.95,1694566
2021-06-21 09:45:35,707.85,1695744
2021-06-21 09:45:36,707.9,1696203
2021-06-21 09:45:36,707.5,1696193
2021-06-21 09:45:37,707.9,1696241
2021-06-21 09:45:39,707.5,1696264
2021-06-21 09:45:40,707.95,1696466
2021-06-21 09:45:41,707.75,1698109
2021-06-21 09:45:42,708.1,1698274
2021-06-21 09:45:44,707.75,1698385
2021-06-21 09:45:45,707.6,1698945
2021-06-21 09:45:46,707.6,1699139
2021-06-21 09:45:47,707.6,1699345
2021-06-21 09:45:48,709.0,1730980
2021-06-21 09:45:48,709.0,1730980
2021-06-21 09:45:49,709.05,1731141
2021-06-21 09:45:50,709.15,1731489
2021-06-21 09:45:51,709.15,1731543
2021-06-21 09:45:52,709.2,1731544
2021-06-21 09:45:53,709.05,1732047
2021-06-21 09:45:54,709.3,1732297
2021-06-21 09:45:57,709.05,1732945
2021-06-21 09:45:59,709.0,1733234
2021-06-21 09:46:00,709.95,1736003
2021-06-21 09:46:01,709.85,1736091
2021-06-21 09:46:02,709.5,1736206
2021-06-21 09:46:03,709.85,1736282
2021-06-21 09:46:04,709.75,1737572
2021-06-21 09:46:05,709.65,1737682
2021-06-21 09:46:06,709.55,1737732
2021-06-21 09:46:07,709.55,1737830
2021-06-21 09:46:08,709.65,1738029
2021-06-21 09:46:09,709.55,1738055
2021-06-21 09:46:10,709.85,1738242
2021-06-21 09:46:12,709.65,1738936
2021-06-21 09:46:13,709.95,1739776
2021-06-21 09:46:14,709.85,1739786
2021-06-21 09:46:15,709.85,1740041
2021-06-21 09:46:16,709.75,1740092
2021-06-21 09:46:17,709.85,1740193
2021-06-21 09:46:18,709.9,1740475
2021-06-21 09:46:19,709.8,1740712
2021-06-21 09:46:19,709.45,1740741
2021-06-21 09:46:20,709.45,1740970
2021-06-21 09:46:21,709.8,1741283
2021-06-21 09:46:22,710.0,1741504
2021-06-21 09:46:24,710.0,1742127
2021-06-21 09:46:25,709.85,1742160
2021-06-21 09:46:26,710.0,1743556
2021-06-21 09:46:27,709.8,1743696
2021-06-21 09:46:28,709.9,1743899
2021-06-21 09:46:29,709.9,1745376
2021-06-21 09:46:30,709.8,1745451
2021-06-21 09:46:31,709.7,1745798
2021-06-21 09:46:32,709.3,1745977
2021-06-21 09:46:33,709.8,1746218
2021-06-21 09:46:34,709.8,1746686
2021-06-21 09:46:35,709.3,1746962
2021-06-21 09:46:36,709.3,1746962
2021-06-21 09:46:37,709.75,1747116
2021-06-21 09:46:38,709.9,1747193
2021-06-21 09:46:39,710.0,1747323
2021-06-21 09:46:40,709.8,1747344
2021-06-21 09:46:41,710.0,1747365
2021-06-21 09:46:42,710.0,1747471
2021-06-21 09:46:43,710.0,1747510
2021-06-21 09:46:43,709.95,1747518
2021-06-21 09:46:45,710.0,1747796
2021-06-21 09:46:46,709.9,1747852
2021-06-21 09:46:47,709.8,1747928
2021-06-21 09:46:48,709.8,1747944
2021-06-21 09:46:49,709.9,1747954
2021-06-21 09:46:50,709.85,1749060
2021-06-21 09:46:51,709.95,1749382
2021-06-21 09:46:51,709.95,1749382
2021-06-21 09:46:52,709.85,1749385
2021-06-21 09:46:53,709.95,1749651
2021-06-21 09:46:54,709.85,1749782
2021-06-21 09:46:55,709.95,1749857
2021-06-21 09:46:56,709.95,1749950
2021-06-21 09:46:58,709.85,1751193
2021-06-21 09:47:00,709.7,1751369
2021-06-21 09:47:00,709.75,1751419
2021-06-21 09:47:02,709.85,1752112
2021-06-21 09:47:03,709.85,1752254
2021-06-21 09:47:04,709.9,1752567
2021-06-21 09:47:06,710.4,1760126
2021-06-21 09:47:07,710.3,1760456
2021-06-21 09:47:08,710.3,1760456
2021-06-21 09:47:09,710.3,1760636
2021-06-21 09:47:12,710.1,1762213
2021-06-21 09:47:13,710.1,1762725
2021-06-21 09:47:14,710.1,1763138
2021-06-21 09:47:15,710.1,1763477
2021-06-21 09:47:16,710.1,1763596
2021-06-21 09:47:17,710.1,1763653
2021-06-21 09:47:18,710.1,1763655
2021-06-21 09:47:19,710.4,1764843
2021-06-21 09:47:21,710.35,1765095
2021-06-21 09:47:20,710.35,1764975
2021-06-21 09:47:22,710.25,1765265
2021-06-21 09:47:23,710.1,1765404
2021-06-21 09:47:24,710.0,1765439
2021-06-21 09:47:25,710.35,1765526
2021-06-21 09:47:26,710.35,1765551
2021-06-21 09:47:27,710.45,1765701
2021-06-21 09:47:28,710.25,1765820
2021-06-21 09:47:29,710.45,1766300
2021-06-21 09:47:30,710.85,1766589
2021-06-21 09:47:31,710.9,1767102
2021-06-21 09:47:32,711.0,1768100
2021-06-21 09:47:33,711.0,1768600
2021-06-21 09:47:34,710.85,1768610
2021-06-21 09:47:35,710.85,1768610
2021-06-21 09:47:36,710.85,1768867
2021-06-21 09:47:37,710.6,1768967
2021-06-21 09:47:38,710.75,1769035
2021-06-21 09:47:40,710.3,1769554
2021-06-21 09:47:41,710.6,1769671
2021-06-21 09:47:42,710.5,1770515
2021-06-21 09:47:43,710.75,1771266
2021-06-21 09:47:44,710.4,1771367
2021-06-21 09:47:45,710.55,1771443
2021-06-21 09:47:46,710.5,1771595
2021-06-21 09:47:47,710.7,1772329
2021-06-21 09:47:48,710.7,1772329
2021-06-21 09:47:49,710.7,1772429
2021-06-21 09:47:50,710.6,1773695
2021-06-21 09:47:51,710.9,1774143
2021-06-21 09:47:52,710.95,1774648
2021-06-21 09:47:53,710.9,1774789
2021-06-21 09:47:54,711.0,1775267
2021-06-21 09:47:55,711.0,1775782
2021-06-21 09:47:56,710.9,1775887
2021-06-21 09:47:57,710.7,1776165
2021-06-21 09:47:59,710.65,1778759
2021-06-21 09:48:00,710.65,1778978
2021-06-21 09:48:03,710.85,1780569
2021-06-21 09:48:04,710.55,1781783
2021-06-21 09:48:05,710.5,1782008
2021-06-21 09:48:06,710.7,1782112
2021-06-21 09:48:07,710.65,1782133
2021-06-21 09:48:08,710.7,1782134
2021-06-21 09:48:09,710.5,1782175
2021-06-21 09:48:10,710.5,1782210
2021-06-21 09:48:11,710.65,1782251
2021-06-21 09:48:12,710.65,1782393
2021-06-21 09:48:13,710.85,1782544
2021-06-21 09:48:14,710.85,1782669
2021-06-21 09:48:15,710.95,1782714
2021-06-21 09:48:16,710.95,1782994
2021-06-21 09:48:17,710.7,1783261
2021-06-21 09:48:18,710.1,1785875
2021-06-21 09:48:19,710.4,1785994
2021-06-21 09:48:20,710.4,1785994
2021-06-21 09:48:21,710.4,1786159
2021-06-21 09:48:22,710.4,1786405
2021-06-21 09:48:23,710.3,1786455
2021-06-21 09:48:24,710.3,1786455
2021-06-21 09:48:25,710.3,1786468
2021-06-21 09:48:26,710.3,1786495
2021-06-21 09:48:27,710.65,1786601
2021-06-21 09:48:28,710.5,1786736
2021-06-21 09:48:29,710.5,1786801
2021-06-21 09:48:30,710.6,1786881
2021-06-21 09:48:31,710.6,1786941
2021-06-21 09:48:32,710.6,1786941
2021-06-21 09:48:33,710.6,1787287
2021-06-21 09:48:34,710.6,1787377
2021-06-21 09:48:35,710.55,1787432
2021-06-21 09:48:36,710.55,1787493
2021-06-21 09:48:37,710.55,1787546
2021-06-21 09:48:38,710.55,1787608
2021-06-21 09:48:39,710.5,1787846
2021-06-21 09:48:40,710.25,1787855
2021-06-21 09:48:41,710.3,1787933
2021-06-21 09:48:42,710.5,1787955
2021-06-21 09:48:43,710.5,1788173
2021-06-21 09:48:44,710.5,1788284
2021-06-21 09:48:45,710.6,1788463
2021-06-21 09:48:46,710.6,1788567
2021-06-21 09:48:47,710.55,1788647
2021-06-21 09:48:48,710.6,1788771
2021-06-21 09:48:49,710.6,1789024
2021-06-21 09:48:50,710.5,1789223
2021-06-21 09:48:51,710.5,1789342
2021-06-21 09:48:52,710.4,1789357
2021-06-21 09:48:53,710.5,1789380
2021-06-21 09:48:54,710.5,1789465
2021-06-21 09:48:55,710.4,1789477
2021-06-21 09:48:56,710.3,1789687
2021-06-21 09:48:57,710.5,1789741
2021-06-21 09:48:58,710.4,1789902
2021-06-21 09:48:59,710.5,1790372
2021-06-21 09:49:00,710.3,1790543
2021-06-21 09:49:01,710.5,1790627
2021-06-21 09:49:03,710.5,1791114
2021-06-21 09:49:04,710.4,1791115
2021-06-21 09:49:06,710.4,1791834
2021-06-21 09:49:07,710.3,1792094
2021-06-21 09:49:08,710.3,1792146
2021-06-21 09:49:09,710.4,1792172
2021-06-21 09:49:10,710.4,1792209
2021-06-21 09:49:11,710.5,1792336
2021-06-21 09:49:12,710.3,1792511
2021-06-21 09:49:13,710.3,1792562
2021-06-21 09:49:14,710.3,1792841
2021-06-21 09:49:15,710.4,1792895
2021-06-21 09:49:16,710.4,1792912
2021-06-21 09:49:17,710.4,1792972
2021-06-21 09:49:18,710.4,1793129
2021-06-21 09:49:19,710.5,1793597
2021-06-21 09:49:20,710.6,1795090
2021-06-21 09:49:21,710.65,1795822
2021-06-21 09:49:22,710.3,1795897
2021-06-21 09:49:23,710.3,1795897
2021-06-21 09:49:24,710.5,1795987
2021-06-21 09:49:25,710.35,1797488
2021-06-21 09:49:26,710.6,1797499
2021-06-21 09:49:27,710.5,1797501
2021-06-21 09:49:28,710.6,1797528
2021-06-21 09:49:29,710.4,1798286
2021-06-21 09:49:30,710.6,1798588
2021-06-21 09:49:31,710.6,1798594
2021-06-21 09:49:32,710.6,1798693
2021-06-21 09:49:33,710.6,1798743
2021-06-21 09:49:34,710.4,1798851
2021-06-21 09:49:35,710.7,1799286
2021-06-21 09:49:36,710.7,1799573
2021-06-21 09:49:37,711.0,1800594
2021-06-21 09:49:38,710.9,1800668
2021-06-21 09:49:39,711.0,1801528
2021-06-21 09:49:40,710.9,1801637
2021-06-21 09:49:41,710.95,1802240
2021-06-21 09:49:43,710.9,1804478
2021-06-21 09:49:44,710.9,1804601
2021-06-21 09:49:45,711.0,1805526
2021-06-21 09:49:48,711.0,1806942
2021-06-21 09:49:49,711.0,1808320
2021-06-21 09:49:50,710.9,1808330
2021-06-21 09:49:51,711.0,1809115
2021-06-21 09:49:52,711.1,1811191
2021-06-21 09:49:53,711.0,1811561
2021-06-21 09:49:55,711.0,1812028
2021-06-21 09:49:56,711.1,1812292
2021-06-21 09:49:57,711.0,1812297
2021-06-21 09:49:58,711.4,1813400
2021-06-21 09:49:59,711.3,1813592
2021-06-21 09:50:00,711.1,1815117
2021-06-21 09:50:01,711.0,1815423
2021-06-21 09:50:02,711.1,1816343
2021-06-21 09:50:03,711.3,1816348
2021-06-21 09:50:04,711.4,1816739
2021-06-21 09:50:05,711.4,1816872
2021-06-21 09:50:06,711.1,1816938
2021-06-21 09:50:07,711.4,1817139
2021-06-21 09:50:08,711.15,1817488
2021-06-21 09:50:09,711.4,1817708
2021-06-21 09:50:10,711.3,1817770
2021-06-21 09:50:11,711.4,1817948
2021-06-21 09:50:12,711.5,1818153
2021-06-21 09:50:13,711.65,1818721
2021-06-21 09:50:14,711.6,1818739
2021-06-21 09:50:15,711.3,1818741
2021-06-21 09:50:17,711.6,1818969
2021-06-21 09:50:20,711.4,1820377
2021-06-21 09:50:21,711.3,1820506
2021-06-21 09:50:22,711.0,1821740
2021-06-21 09:50:23,711.2,1821741
2021-06-21 09:50:24,711.4,1822771
2021-06-21 09:50:25,711.4,1822854
2021-06-21 09:50:26,711.3,1822897
2021-06-21 09:50:27,711.2,1822899
2021-06-21 09:50:28,711.4,1822961
2021-06-21 09:50:29,711.3,1823092
2021-06-21 09:50:30,711.2,1823179
2021-06-21 09:50:31,711.15,1823309
2021-06-21 09:50:32,711.4,1823364
2021-06-21 09:50:33,711.15,1823374
2021-06-21 09:50:34,711.25,1823378
2021-06-21 09:50:35,711.55,1823542
2021-06-21 09:50:36,711.15,1823581
2021-06-21 09:50:37,711.15,1824039
2021-06-21 09:50:38,711.4,1824292
2021-06-21 09:50:39,711.45,1824507
2021-06-21 09:50:40,711.55,1824891
2021-06-21 09:50:41,711.45,1825105
2021-06-21 09:50:43,711.4,1825640
2021-06-21 09:50:44,711.5,1825740
2021-06-21 09:50:45,711.55,1826290
2021-06-21 09:50:46,711.4,1826420
2021-06-21 09:50:47,711.45,1826534
2021-06-21 09:50:48,711.45,1826624
2021-06-21 09:50:49,711.35,1826630
2021-06-21 09:50:50,711.4,1826654
2021-06-21 09:50:51,711.45,1827038
2021-06-21 09:50:52,711.05,1833366
2021-06-21 09:50:53,711.2,1833497
2021-06-21 09:50:54,711.2,1833497
2021-06-21 09:50:56,711.5,1834228
2021-06-21 09:50:57,711.5,1834228
2021-06-21 09:50:58,711.35,1834248
2021-06-21 09:50:59,711.35,1834348
2021-06-21 09:51:00,711.35,1834375
2021-06-21 09:51:01,711.45,1835015
2021-06-21 09:51:03,711.2,1835495
2021-06-21 09:51:05,711.55,1836209
2021-06-21 09:51:06,711.55,1836459
2021-06-21 09:51:07,711.45,1836474
2021-06-21 09:51:08,710.7,1840659
2021-06-21 09:51:09,710.55,1840946
2021-06-21 09:51:10,710.4,1841332
2021-06-21 09:51:11,710.4,1841544
2021-06-21 09:51:12,710.25,1842053
2021-06-21 09:51:13,710.25,1842054
2021-06-21 09:51:14,710.9,1843183
2021-06-21 09:51:15,710.9,1843574
2021-06-21 09:51:16,710.9,1843574
2021-06-21 09:51:17,711.3,1844351
2021-06-21 09:51:18,711.2,1844356
2021-06-21 09:51:19,711.55,1844668
2021-06-21 09:51:20,711.6,1844929
2021-06-21 09:51:22,711.3,1845478
2021-06-21 09:51:23,710.95,1845576
2021-06-21 09:51:24,711.35,1846277
2021-06-21 09:51:25,711.3,1852219
2021-06-21 09:51:26,711.2,1852262
2021-06-21 09:51:28,711.2,1852284
2021-06-21 09:51:30,711.2,1852291
2021-06-21 09:51:31,711.2,1852441
2021-06-21 09:51:32,711.3,1852602
2021-06-21 09:51:33,711.3,1853111
2021-06-21 09:51:34,711.2,1853190
2021-06-21 09:51:35,711.3,1853586
2021-06-21 09:51:36,711.0,1853829
2021-06-21 09:51:36,711.0,1853829
2021-06-21 09:51:37,710.6,1853899
2021-06-21 09:51:38,711.15,1853972
2021-06-21 09:51:39,710.8,1853992
2021-06-21 09:51:40,711.05,1854106
2021-06-21 09:51:41,711.25,1854332
2021-06-21 09:51:42,711.15,1854334
2021-06-21 09:51:43,711.15,1854344
2021-06-21 09:51:44,711.15,1854424
2021-06-21 09:51:45,710.95,1854805
2021-06-21 09:51:46,710.95,1854816
2021-06-21 09:51:47,710.95,1854923
2021-06-21 09:51:48,710.95,1854923
2021-06-21 09:51:49,711.0,1855071
2021-06-21 09:51:50,710.7,1855091
2021-06-21 09:51:51,711.0,1855162
2021-06-21 09:51:52,711.15,1855666
2021-06-21 09:51:53,711.05,1856193
2021-06-21 09:51:54,711.05,1856204
2021-06-21 09:51:55,710.75,1858270
2021-06-21 09:51:56,710.8,1858497
2021-06-21 09:51:58,710.55,1859078
2021-06-21 09:52:00,710.8,1860000
2021-06-21 09:52:01,710.7,1860059
2021-06-21 09:52:02,710.7,1860059
2021-06-21 09:52:03,710.35,1861068
2021-06-21 09:52:09,710.15,1866856
2021-06-21 09:52:10,710.0,1868162
2021-06-21 09:52:12,710.1,1868259
2021-06-21 09:52:13,710.1,1868315
2021-06-21 09:52:13,710.1,1868627
2021-06-21 09:52:16,710.0,1873656
2021-06-21 09:52:17,710.0,1873954
2021-06-21 09:52:18,710.05,1874063
2021-06-21 09:52:19,710.0,1874196
2021-06-21 09:52:20,710.0,1875482
2021-06-21 09:52:21,710.55,1882250
2021-06-21 09:52:22,710.55,1883365
2021-06-21 09:52:23,710.55,1883375
2021-06-21 09:52:24,710.05,1898549
2021-06-21 09:52:24,710.05,1898549
2021-06-21 09:52:26,710.45,1898623
2021-06-21 09:52:27,710.7,1905868
2021-06-21 09:52:29,710.7,1910699
2021-06-21 09:52:30,711.0,1921877
2021-06-21 09:52:31,711.0,1921877
2021-06-21 09:52:32,710.7,1921942
2021-06-21 09:52:33,711.0,1934816
2021-06-21 09:52:34,710.7,1934821
2021-06-21 09:52:35,710.7,1935106
2021-06-21 09:52:36,710.8,1946906
2021-06-21 09:52:38,710.65,1946992
2021-06-21 09:52:39,711.0,1957635
2021-06-21 09:52:40,710.75,1957786
2021-06-21 09:52:40,710.75,1957786
2021-06-21 09:52:41,710.8,1957886
2021-06-21 09:52:42,711.0,1968581
2021-06-21 09:52:43,710.55,1968742
2021-06-21 09:52:44,710.9,1970281
2021-06-21 09:52:45,710.45,1981585
2021-06-21 09:52:46,710.8,1981617
2021-06-21 09:52:47,710.7,1981983
2021-06-21 09:52:48,710.95,1992760
2021-06-21 09:52:49,710.7,1992780
2021-06-21 09:52:50,710.05,1993880
2021-06-21 09:52:51,710.7,2000107
2021-06-21 09:52:52,710.7,2000117
2021-06-21 09:52:53,710.7,2000117
2021-06-21 09:52:54,711.0,2011909
2021-06-21 09:52:55,710.85,2013159
2021-06-21 09:52:56,710.85,2013184
2021-06-21 09:52:57,710.75,2025856
2021-06-21 09:52:58,710.95,2025889
2021-06-21 09:52:59,711.0,2026214
2021-06-21 09:53:00,710.9,2037015
2021-06-21 09:53:02,710.9,2037020
2021-06-21 09:53:03,711.0,2047731
2021-06-21 09:53:03,711.0,2047845
2021-06-21 09:53:04,711.0,2047845
2021-06-21 09:53:05,710.95,2048948
2021-06-21 09:53:06,710.55,2059623
2021-06-21 09:53:07,710.9,2059757
2021-06-21 09:53:08,711.0,2059807
2021-06-21 09:53:09,710.95,2059991
2021-06-21 09:53:11,711.0,2060042
2021-06-21 09:53:12,711.3,2060044
2021-06-21 09:53:16,711.5,2060229
2021-06-21 09:53:17,711.25,2060297
2021-06-21 09:53:19,711.45,2060630
2021-06-21 09:53:20,711.45,2060630
2021-06-21 09:53:21,711.5,2060633
2021-06-21 09:53:21,711.45,2060664
2021-06-21 09:53:23,711.5,2061286
2021-06-21 09:53:24,711.5,2061286
2021-06-21 09:53:24,711.1,2061416
2021-06-21 09:53:25,711.25,2061441
2021-06-21 09:53:26,711.3,2061521
2021-06-21 09:53:27,711.3,2061521
2021-06-21 09:53:28,711.55,2061585
2021-06-21 09:53:30,711.2,2061995
2021-06-21 09:53:30,711.2,2061995
2021-06-21 09:53:32,711.5,2062116
2021-06-21 09:53:33,711.15,2063243
2021-06-21 09:53:34,711.35,2063612
2021-06-21 09:53:35,711.4,2063727
2021-06-21 09:53:36,711.4,2063737
2021-06-21 09:53:37,711.0,2063852
2021-06-21 09:53:38,710.5,2063862
2021-06-21 09:53:39,710.85,2063933
2021-06-21 09:53:40,710.9,2064043
2021-06-21 09:53:40,711.0,2064368
2021-06-21 09:53:41,710.95,2064378
2021-06-21 09:53:43,710.55,2064428
2021-06-21 09:53:44,710.55,2064428
2021-06-21 09:53:45,710.9,2064456
2021-06-21 09:53:46,711.25,2064751
2021-06-21 09:53:47,710.65,2064808
2021-06-21 09:53:48,711.2,2064858
2021-06-21 09:53:49,711.2,2064858
2021-06-21 09:53:50,711.0,2064883
2021-06-21 09:53:51,711.25,2065193
2021-06-21 09:53:53,711.35,2065238
2021-06-21 09:53:54,711.35,2065309
2021-06-21 09:53:54,711.35,2065309
2021-06-21 09:53:56,711.6,2065704
2021-06-21 09:53:57,711.6,2065740
2021-06-21 09:53:57,711.6,2065740
2021-06-21 09:53:58,711.65,2065756
2021-06-21 09:53:59,711.7,2065787
2021-06-21 09:54:00,711.7,2065787
2021-06-21 09:54:02,711.9,2065910
2021-06-21 09:54:03,711.0,2095859
2021-06-21 09:54:04,711.0,2095859
2021-06-21 09:54:05,711.35,2095950
2021-06-21 09:54:05,711.45,2096065
2021-06-21 09:54:07,711.4,2096093
2021-06-21 09:54:07,711.4,2096094
2021-06-21 09:54:08,711.35,2096099
2021-06-21 09:54:09,711.0,2096319
2021-06-21 09:54:11,711.4,2096419
2021-06-21 09:54:12,711.8,2097579
2021-06-21 09:54:13,711.8,2097632
2021-06-21 09:54:15,711.45,2097645
2021-06-21 09:54:15,711.45,2097645
2021-06-21 09:54:16,711.5,2097653
2021-06-21 09:54:17,711.6,2097860
2021-06-21 09:54:18,711.35,2097890
2021-06-21 09:54:19,711.8,2098411
2021-06-21 09:54:20,711.9,2098543
2021-06-21 09:54:21,711.95,2098869
2021-06-21 09:54:24,711.9,2098890
2021-06-21 09:54:25,711.9,2098890
2021-06-21 09:54:26,711.6,2099411
2021-06-21 09:54:27,711.6,2099411
2021-06-21 09:54:28,711.4,2100726
2021-06-21 09:54:29,711.6,2100871
2021-06-21 09:54:29,711.6,2100871
2021-06-21 09:54:30,711.5,2101181
2021-06-21 09:54:31,711.9,2101224
2021-06-21 09:54:32,711.45,2101542
2021-06-21 09:54:33,711.45,2101592
2021-06-21 09:54:35,711.8,2101684
2021-06-21 09:54:36,711.75,2101720
2021-06-21 09:54:37,711.75,2101720
2021-06-21 09:54:38,711.75,2102221
2021-06-21 09:54:39,711.75,2102221
2021-06-21 09:54:40,711.45,2102231
2021-06-21 09:54:41,711.7,2102921
2021-06-21 09:54:42,711.7,2102921
2021-06-21 09:54:43,711.7,2102944
2021-06-21 09:54:44,711.75,2103204
2021-06-21 09:54:45,711.4,2103254
2021-06-21 09:54:46,711.4,2103254
2021-06-21 09:54:47,711.4,2103321
2021-06-21 09:54:48,711.9,2103671
2021-06-21 09:54:49,711.85,2103816
2021-06-21 09:54:50,711.85,2103816
2021-06-21 09:54:51,711.85,2103816
2021-06-21 09:54:52,711.5,2104020
2021-06-21 09:54:53,711.45,2104175
2021-06-21 09:54:55,711.4,2104377
2021-06-21 09:54:56,711.7,2104646
2021-06-21 09:54:57,711.7,2104661
2021-06-21 09:54:57,711.15,2104961
2021-06-21 09:54:58,711.25,2105540
2021-06-21 09:54:59,711.8,2105672
2021-06-21 09:55:00,711.8,2105948
2021-06-21 09:55:01,711.8,2105981
2021-06-21 09:55:02,711.8,2105981
2021-06-21 09:55:04,711.65,2106007
2021-06-21 09:55:05,711.75,2106043
2021-06-21 09:55:06,711.8,2106124
2021-06-21 09:55:08,712.0,2110881
2021-06-21 09:55:09,711.95,2110996
2021-06-21 09:55:10,712.2,2111021
2021-06-21 09:55:11,712.1,2111959
2021-06-21 09:55:12,712.45,2111961
2021-06-21 09:55:13,712.6,2112106
2021-06-21 09:55:14,712.75,2113188
2021-06-21 09:55:15,712.75,2113628
2021-06-21 09:55:16,713.0,2115014
2021-06-21 09:55:17,712.75,2115275
2021-06-21 09:55:18,713.15,2115890
2021-06-21 09:55:19,713.2,2116155
2021-06-21 09:55:19,713.2,2116155
2021-06-21 09:55:20,713.25,2116295
2021-06-21 09:55:22,713.3,2116665
2021-06-21 09:55:24,713.6,2117780
2021-06-21 09:55:23,713.2,2117699
2021-06-21 09:55:24,713.8,2117931
2021-06-21 09:55:26,714.0,2118783
2021-06-21 09:55:27,714.0,2118976
2021-06-21 09:55:28,714.0,2119174
2021-06-21 09:55:29,714.0,2119728
2021-06-21 09:55:30,713.95,2120536
2021-06-21 09:55:30,713.95,2120536
2021-06-21 09:55:31,713.6,2120731
2021-06-21 09:55:33,713.95,2120763
2021-06-21 09:55:34,713.95,2121004
2021-06-21 09:55:35,713.95,2121678
2021-06-21 09:55:36,714.0,2121900
2021-06-21 09:55:37,714.0,2122159
2021-06-21 09:55:38,714.0,2122160
2021-06-21 09:55:39,714.0,2122548
2021-06-21 09:55:40,714.05,2122927
2021-06-21 09:55:41,714.25,2125165
2021-06-21 09:55:42,714.05,2125205
2021-06-21 09:55:43,714.25,2125711
2021-06-21 09:55:44,714.25,2125734
2021-06-21 09:55:44,714.25,2125753
2021-06-21 09:55:45,714.05,2125908
2021-06-21 09:55:46,714.05,2126967
2021-06-21 09:55:49,714.2,2127390
2021-06-21 09:55:49,714.2,2127410
2021-06-21 09:55:50,713.95,2130064
2021-06-21 09:55:51,714.0,2130531
2021-06-21 09:55:53,713.95,2131245
2021-06-21 09:55:54,713.6,2131495
2021-06-21 09:55:56,713.9,2131806
2021-06-21 09:55:57,713.95,2131887
2021-06-21 09:55:58,713.95,2131970
2021-06-21 09:55:59,713.9,2132643
2021-06-21 09:56:01,713.85,2132901
2021-06-21 09:56:02,713.6,2133015
2021-06-21 09:56:03,713.6,2133015
2021-06-21 09:56:04,713.4,2133287
2021-06-21 09:56:05,713.2,2133388
2021-06-21 09:56:06,713.75,2133742
2021-06-21 09:56:07,713.65,2133947
2021-06-21 09:56:08,713.6,2134872
2021-06-21 09:56:09,713.6,2134933
2021-06-21 09:56:09,713.6,2134933
2021-06-21 09:56:10,713.9,2136057
2021-06-21 09:56:11,713.65,2136257
2021-06-21 09:56:13,713.7,2136258
2021-06-21 09:56:14,713.5,2136266
2021-06-21 09:56:15,713.5,2136316
2021-06-21 09:56:16,713.7,2136487
2021-06-21 09:56:19,713.5,2136904
2021-06-21 09:56:24,713.7,2137093
2021-06-21 09:56:25,713.65,2137958
2021-06-21 09:56:26,713.65,2137997
2021-06-21 09:56:27,713.65,2138047
2021-06-21 09:56:28,713.9,2138108
2021-06-21 09:56:29,713.65,2138411
2021-06-21 09:56:30,714.0,2138986
2021-06-21 09:56:31,714.25,2139416
2021-06-21 09:56:32,714.25,2139416
2021-06-21 09:56:33,713.9,2140854
2021-06-21 09:56:34,713.85,2142299
2021-06-21 09:56:35,714.2,2142354
2021-06-21 09:56:36,713.9,2145069
2021-06-21 09:56:37,713.9,2146106
2021-06-21 09:56:38,713.7,2146131
2021-06-21 09:56:39,713.55,2146361
2021-06-21 09:56:40,713.9,2146378
2021-06-21 09:56:41,713.9,2146446
2021-06-21 09:56:42,713.9,2146559
2021-06-21 09:56:43,713.9,2146560
2021-06-21 09:56:44,713.9,2146999
2021-06-21 09:56:45,714.0,2147674
2021-06-21 09:56:46,714.0,2147697
2021-06-21 09:56:47,714.0,2148781
2021-06-21 09:56:47,714.0,2148781
2021-06-21 09:56:50,714.0,2149969
2021-06-21 09:56:51,714.2,2150118
2021-06-21 09:56:53,714.25,2151926
2021-06-21 09:56:54,714.25,2151931
2021-06-21 09:56:55,714.1,2152857
2021-06-21 09:56:56,714.1,2152857
2021-06-21 09:56:57,714.0,2153708
2021-06-21 09:56:58,714.0,2153932
2021-06-21 09:56:59,713.75,2154207
2021-06-21 09:57:00,713.8,2154412
2021-06-21 09:57:01,714.2,2154602
2021-06-21 09:57:02,713.8,2155165
2021-06-21 09:57:03,714.15,2155247
2021-06-21 09:57:04,714.05,2155422
2021-06-21 09:57:05,714.2,2155572
2021-06-21 09:57:06,714.0,2155994
2021-06-21 09:57:07,714.3,2156175
2021-06-21 09:57:07,714.3,2156177
2021-06-21 09:57:09,714.15,2156237
2021-06-21 09:57:10,714.2,2156267
2021-06-21 09:57:10,714.3,2156291
2021-06-21 09:57:11,714.3,2156359
2021-06-21 09:57:13,714.45,2157296
2021-06-21 09:57:13,713.8,2158377
2021-06-21 09:57:14,714.3,2158420
2021-06-21 09:57:15,714.3,2158594
2021-06-21 09:57:17,713.95,2159581
2021-06-21 09:57:18,713.9,2159598
2021-06-21 09:57:19,714.0,2159709
2021-06-21 09:57:20,714.15,2160054
2021-06-21 09:57:21,714.1,2168196
2021-06-21 09:57:22,714.4,2168527
2021-06-21 09:57:23,714.4,2168527
2021-06-21 09:57:24,714.3,2168633
2021-06-21 09:57:25,714.3,2168912
2021-06-21 09:57:26,714.5,2168948
2021-06-21 09:57:29,714.5,2169121
2021-06-21 09:57:30,714.5,2169149
2021-06-21 09:57:31,714.65,2170289
2021-06-21 09:57:32,714.45,2170301
2021-06-21 09:57:33,714.5,2170323
2021-06-21 09:57:34,714.65,2170500
2021-06-21 09:57:35,714.55,2170560
2021-06-21 09:57:36,714.55,2170577
2021-06-21 09:57:37,714.45,2170628
2021-06-21 09:57:38,714.75,2170704
2021-06-21 09:57:39,714.3,2171230
2021-06-21 09:57:40,714.25,2172069
2021-06-21 09:57:41,714.6,2172070
2021-06-21 09:57:42,714.45,2172357
2021-06-21 09:57:42,714.55,2172337
2021-06-21 09:57:43,714.55,2172459
2021-06-21 09:57:44,714.6,2173388
2021-06-21 09:57:45,714.75,2173691
2021-06-21 09:57:46,714.35,2173756
2021-06-21 09:57:47,714.4,2173766
2021-06-21 09:57:48,714.35,2173773
2021-06-21 09:57:49,714.25,2173823
2021-06-21 09:57:51,714.7,2174134
2021-06-21 09:57:52,714.65,2174136
2021-06-21 09:57:53,714.65,2174159
2021-06-21 09:57:54,714.7,2174160
2021-06-21 09:57:55,714.65,2174457
2021-06-21 09:57:56,714.7,2174639
2021-06-21 09:57:57,714.25,2174992
2021-06-21 09:57:58,714.65,2174998
2021-06-21 09:57:59,714.2,2175606
2021-06-21 09:58:00,714.7,2177084
2021-06-21 09:58:01,714.45,2177184
2021-06-21 09:58:02,714.75,2177274
2021-06-21 09:58:03,714.75,2177454
2021-06-21 09:58:04,714.6,2177459
2021-06-21 09:58:05,714.6,2177459
2021-06-21 09:58:06,714.85,2178651
2021-06-21 09:58:07,714.6,2178816
2021-06-21 09:58:08,714.45,2178826
2021-06-21 09:58:09,714.6,2178863
2021-06-21 09:58:10,714.7,2179147
2021-06-21 09:58:11,714.95,2185268
2021-06-21 09:58:12,714.75,2186499
2021-06-21 09:58:13,715.0,2186549
2021-06-21 09:58:14,714.65,2191091
2021-06-21 09:58:15,714.7,2191371
2021-06-21 09:58:16,714.5,2191571
2021-06-21 09:58:18,714.7,2191727
2021-06-21 09:58:19,714.7,2191797
2021-06-21 09:58:20,714.7,2191992
2021-06-21 09:58:21,714.5,2192196
2021-06-21 09:58:22,714.5,2192506
2021-06-21 09:58:23,714.7,2193524
2021-06-21 09:58:24,714.7,2193524
2021-06-21 09:58:25,714.7,2193667
2021-06-21 09:58:26,714.5,2194046
2021-06-21 09:58:27,714.15,2194276
2021-06-21 09:58:29,714.1,2196558
2021-06-21 09:58:30,714.3,2196947
2021-06-21 09:58:31,714.45,2197568
2021-06-21 09:58:33,714.05,2198203
2021-06-21 09:58:34,714.4,2198239
2021-06-21 09:58:35,714.45,2198313
2021-06-21 09:58:36,714.5,2199019
2021-06-21 09:58:37,714.4,2199141
2021-06-21 09:58:38,714.55,2199292
2021-06-21 09:58:39,714.2,2199305
2021-06-21 09:58:40,714.55,2199548
2021-06-21 09:58:41,714.55,2199660
2021-06-21 09:58:42,714.55,2199850
2021-06-21 09:58:43,714.25,2199851
2021-06-21 09:58:44,714.25,2199937
2021-06-21 09:58:45,714.55,2199964
2021-06-21 09:58:46,714.55,2200098
2021-06-21 09:58:47,714.3,2200232
2021-06-21 09:58:48,714.65,2200277
2021-06-21 09:58:49,714.65,2200327
2021-06-21 09:58:50,714.65,2200344
2021-06-21 09:58:51,714.55,2200378
2021-06-21 09:58:52,714.45,2200427
2021-06-21 09:58:53,714.45,2200459
2021-06-21 09:58:54,714.3,2200501
2021-06-21 09:58:55,714.4,2200665
2021-06-21 09:58:56,714.4,2200670
2021-06-21 09:58:57,714.4,2200748
2021-06-21 09:58:58,714.35,2201129
2021-06-21 09:58:59,714.45,2201208
2021-06-21 09:59:00,714.45,2201280
2021-06-21 09:59:01,714.35,2201460
2021-06-21 09:59:02,714.35,2201460
2021-06-21 09:59:03,714.4,2201541
2021-06-21 09:59:04,714.2,2202141
2021-06-21 09:59:05,714.6,2202306
2021-06-21 09:59:06,714.6,2202306
2021-06-21 09:59:07,714.25,2202437
2021-06-21 09:59:08,714.6,2202440
2021-06-21 09:59:09,714.65,2202878
2021-06-21 09:59:10,714.65,2202878
2021-06-21 09:59:11,714.65,2203503
2021-06-21 09:59:13,714.3,2203615
2021-06-21 09:59:14,714.3,2203615
2021-06-21 09:59:15,714.6,2203632
2021-06-21 09:59:16,714.3,2203825
2021-06-21 09:59:17,714.5,2203830
2021-06-21 09:59:18,714.5,2203830
2021-06-21 09:59:19,714.7,2204288
2021-06-21 09:59:20,714.7,2204288
2021-06-21 09:59:21,714.3,2204482
2021-06-21 09:59:22,714.5,2204832
2021-06-21 09:59:23,714.2,2205200
2021-06-21 09:59:25,714.6,2205260
2021-06-21 09:59:26,714.55,2205297
2021-06-21 09:59:27,714.6,2205418
2021-06-21 09:59:28,714.6,2205418
2021-06-21 09:59:29,714.65,2205510
2021-06-21 09:59:30,714.65,2205510
2021-06-21 09:59:31,714.6,2205624
2021-06-21 09:59:32,714.05,2206460
2021-06-21 09:59:33,714.35,2207129
2021-06-21 09:59:34,714.65,2207468
2021-06-21 09:59:35,714.25,2207554
2021-06-21 09:59:36,714.55,2207580
2021-06-21 09:59:37,714.65,2207656
2021-06-21 09:59:38,714.25,2207734
2021-06-21 09:59:39,714.6,2207754
2021-06-21 09:59:40,714.25,2207783
2021-06-21 09:59:41,714.6,2207938
2021-06-21 09:59:42,714.2,2207988
2021-06-21 09:59:43,714.6,2208078
2021-06-21 09:59:44,714.2,2208081
2021-06-21 09:59:45,714.6,2208125
2021-06-21 09:59:46,714.6,2208479
2021-06-21 09:59:47,714.6,2208479
2021-06-21 09:59:48,714.6,2208481
2021-06-21 09:59:49,714.6,2208633
2021-06-21 09:59:50,714.6,2208784
2021-06-21 09:59:51,714.6,2208784
2021-06-21 09:59:52,714.5,2208816
2021-06-21 09:59:53,714.5,2208816
2021-06-21 09:59:54,714.5,2208885
2021-06-21 09:59:55,714.6,2209182
2021-06-21 09:59:56,714.3,2209390
2021-06-21 09:59:57,714.6,2209478
2021-06-21 09:59:58,714.6,2209629
2021-06-21 09:59:59,714.6,2209629
2021-06-21 10:00:01,714.6,2210256
2021-06-21 10:00:01,714.2,2210388
2021-06-21 10:00:02,714.6,2210860
2021-06-21 10:00:03,714.3,2211016
2021-06-21 10:00:04,714.65,2211581
2021-06-21 10:00:05,714.65,2211581
2021-06-21 10:00:06,714.6,2211791
2021-06-21 10:00:07,714.6,2212055
2021-06-21 10:00:08,714.3,2212210
2021-06-21 10:00:09,714.1,2212735
2021-06-21 10:00:10,714.6,2212930
2021-06-21 10:00:11,714.6,2213004
2021-06-21 10:00:12,714.35,2213024
2021-06-21 10:00:13,714.35,2213143
2021-06-21 10:00:14,714.3,2213160
2021-06-21 10:00:15,714.3,2213213
2021-06-21 10:00:16,714.3,2213215
2021-06-21 10:00:18,714.35,2213517
2021-06-21 10:00:18,714.35,2213659
2021-06-21 10:00:19,714.35,2213663
2021-06-21 10:00:20,714.35,2213703
2021-06-21 10:00:21,714.35,2213703
2021-06-21 10:00:22,714.2,2213830
2021-06-21 10:00:23,714.55,2214052
2021-06-21 10:00:24,714.3,2214276
2021-06-21 10:00:25,714.3,2214285
2021-06-21 10:00:26,714.3,2214490
2021-06-21 10:00:27,714.2,2214570
2021-06-21 10:00:28,714.1,2214769
2021-06-21 10:00:29,714.55,2215072
2021-06-21 10:00:30,714.6,2215658
2021-06-21 10:00:31,714.6,2215708
2021-06-21 10:00:32,714.6,2215708
2021-06-21 10:00:33,714.55,2215803
2021-06-21 10:00:36,714.3,2215995
2021-06-21 10:00:34,714.5,2215805
2021-06-21 10:00:38,714.25,2216096
2021-06-21 10:00:39,714.25,2216096
2021-06-21 10:00:39,714.25,2216096
2021-06-21 10:00:40,714.5,2216141
2021-06-21 10:00:41,714.5,2216248
2021-06-21 10:00:42,714.5,2216457
2021-06-21 10:00:43,714.35,2216478
2021-06-21 10:00:44,714.35,2216478
2021-06-21 10:00:45,714.6,2216496
2021-06-21 10:00:46,714.6,2216610
2021-06-21 10:00:47,714.6,2216694
2021-06-21 10:00:48,714.3,2216812
2021-06-21 10:00:49,714.5,2216898
2021-06-21 10:00:50,714.5,2217055
2021-06-21 10:00:51,714.5,2217055
2021-06-21 10:00:52,714.5,2217065
2021-06-21 10:00:53,714.5,2217065
2021-06-21 10:00:55,714.5,2217095
2021-06-21 10:00:56,714.5,2217178
2021-06-21 10:00:57,714.5,2217181
2021-06-21 10:00:58,714.5,2217200
2021-06-21 10:00:59,714.6,2217245
2021-06-21 10:01:00,714.5,2217473
2021-06-21 10:01:01,714.5,2217493
2021-06-21 10:01:02,714.3,2217614
2021-06-21 10:01:03,714.55,2217630
2021-06-21 10:01:04,714.55,2217645
2021-06-21 10:01:05,714.5,2217770
2021-06-21 10:01:06,714.5,2217772
2021-06-21 10:01:07,714.3,2217782
2021-06-21 10:01:08,714.5,2217914
2021-06-21 10:01:09,714.5,2217964
2021-06-21 10:01:10,714.5,2217987
2021-06-21 10:01:11,714.55,2218149
2021-06-21 10:01:12,714.5,2218167
2021-06-21 10:01:13,714.5,2218202
2021-06-21 10:01:14,714.5,2218312
2021-06-21 10:01:15,714.5,2218312
2021-06-21 10:01:16,714.6,2218509
2021-06-21 10:01:18,714.6,2218628
2021-06-21 10:01:18,714.6,2218628
2021-06-21 10:01:19,714.3,2218789
2021-06-21 10:01:20,714.55,2219205
2021-06-21 10:01:21,714.5,2219705
2021-06-21 10:01:22,714.5,2219847
2021-06-21 10:01:24,714.5,2219851
2021-06-21 10:01:24,714.5,2219878
2021-06-21 10:01:25,714.5,2219879
2021-06-21 10:01:27,714.45,2221438
2021-06-21 10:01:28,714.5,2221759
2021-06-21 10:01:29,714.1,2221843
2021-06-21 10:01:30,714.6,2222623
2021-06-21 10:01:31,714.6,2222624
2021-06-21 10:01:32,714.25,2222753
2021-06-21 10:01:33,714.55,2222769
2021-06-21 10:01:34,714.0,2222969
2021-06-21 10:01:36,714.45,2223989
2021-06-21 10:01:37,714.5,2224139
2021-06-21 10:01:38,714.5,2224175
2021-06-21 10:01:38,714.5,2224175
2021-06-21 10:01:39,714.0,2224525
2021-06-21 10:01:40,714.6,2224530
2021-06-21 10:01:42,714.45,2224728
2021-06-21 10:01:43,714.5,2229049
2021-06-21 10:01:44,714.45,2229054
2021-06-21 10:01:45,714.45,2229159
2021-06-21 10:01:46,714.45,2229159
2021-06-21 10:01:47,714.2,2229163
2021-06-21 10:01:48,714.2,2229163
2021-06-21 10:01:49,714.2,2229163
2021-06-21 10:01:50,714.45,2229178
2021-06-21 10:01:51,714.2,2229292
2021-06-21 10:01:52,714.5,2229300
2021-06-21 10:01:53,714.55,2229545
2021-06-21 10:01:54,714.5,2229546
2021-06-21 10:01:55,714.45,2229611
2021-06-21 10:01:56,714.5,2229630
2021-06-21 10:01:58,714.5,2229756
2021-06-21 10:01:58,714.5,2229756
2021-06-21 10:01:59,714.15,2229866
2021-06-21 10:02:00,714.55,2229937
2021-06-21 10:02:01,714.5,2230010
2021-06-21 10:02:03,714.55,2230032
2021-06-21 10:02:04,714.55,2230132
2021-06-21 10:02:06,714.45,2230678
2021-06-21 10:02:09,714.45,2230729
2021-06-21 10:02:09,714.45,2230779
2021-06-21 10:02:11,714.45,2231758
2021-06-21 10:02:12,714.45,2231862
2021-06-21 10:02:13,714.45,2232180
2021-06-21 10:02:14,714.5,2232414
2021-06-21 10:02:14,714.5,2232414
2021-06-21 10:02:16,714.5,2232666
2021-06-21 10:02:17,714.5,2232666
2021-06-21 10:02:18,713.25,2237762
2021-06-21 10:02:19,713.7,2237812
2021-06-21 10:02:20,713.8,2237972
2021-06-21 10:02:21,713.85,2238041
2021-06-21 10:02:22,713.85,2238042
2021-06-21 10:02:23,713.85,2238042
2021-06-21 10:02:24,713.85,2238042
2021-06-21 10:02:25,713.85,2238042
2021-06-21 10:02:27,713.95,2238058
2021-06-21 10:02:27,713.5,2238282
2021-06-21 10:02:28,713.8,2238378
2021-06-21 10:02:29,713.8,2238378
2021-06-21 10:02:30,713.7,2238403
2021-06-21 10:02:31,713.7,2238503
2021-06-21 10:02:32,713.7,2238503
2021-06-21 10:02:33,713.35,2239171
2021-06-21 10:02:34,713.65,2239172
2021-06-21 10:02:35,713.2,2239189
2021-06-21 10:02:36,713.2,2239330
2021-06-21 10:02:37,713.7,2239405
2021-06-21 10:02:38,713.15,2239605
2021-06-21 10:02:39,713.05,2239755
2021-06-21 10:02:40,713.45,2239832
2021-06-21 10:02:43,713.45,2239984
2021-06-21 10:02:43,713.1,2240059
2021-06-21 10:02:44,713.5,2240135
2021-06-21 10:02:45,713.1,2240145
2021-06-21 10:02:46,713.1,2240145
2021-06-21 10:02:47,713.2,2240150
2021-06-21 10:02:48,713.15,2240867
2021-06-21 10:02:49,713.2,2240918
2021-06-21 10:02:50,713.1,2240943
2021-06-21 10:02:53,713.2,2241119
2021-06-21 10:02:54,713.2,2241196
2021-06-21 10:02:55,713.15,2241206
2021-06-21 10:02:56,713.15,2241206
2021-06-21 10:02:57,713.2,2241224
2021-06-21 10:02:57,713.15,2241274
2021-06-21 10:02:58,713.15,2241355
2021-06-21 10:02:59,713.15,2241355
2021-06-21 10:03:00,713.2,2241752
2021-06-21 10:03:01,713.15,2241768
2021-06-21 10:03:02,713.0,2241968
2021-06-21 10:03:03,713.2,2241984
2021-06-21 10:03:04,713.8,2243841
2021-06-21 10:03:05,713.45,2243891
2021-06-21 10:03:06,713.4,2244091
2021-06-21 10:03:07,713.4,2244096
2021-06-21 10:03:08,713.4,2244110
2021-06-21 10:03:09,713.5,2244230
2021-06-21 10:03:10,713.4,2244240
2021-06-21 10:03:11,713.6,2244450
2021-06-21 10:03:12,713.2,2244485
2021-06-21 10:03:13,713.0,2245869
2021-06-21 10:03:14,713.15,2245936
2021-06-21 10:03:15,712.7,2246319
2021-06-21 10:03:16,713.25,2246826
2021-06-21 10:03:17,713.25,2246886
2021-06-21 10:03:19,713.0,2246912
2021-06-21 10:03:19,712.7,2246937
2021-06-21 10:03:20,712.95,2246952
2021-06-21 10:03:21,713.0,2247182
2021-06-21 10:03:22,713.0,2247987
2021-06-21 10:03:23,713.45,2248057
2021-06-21 10:03:24,713.3,2248103
2021-06-21 10:03:25,713.0,2248828
2021-06-21 10:03:26,713.0,2248828
2021-06-21 10:03:28,713.4,2248927
2021-06-21 10:03:29,713.4,2248927
2021-06-21 10:03:29,713.4,2248937
2021-06-21 10:03:30,713.1,2249528
2021-06-21 10:03:31,713.55,2249532
2021-06-21 10:03:32,713.2,2250053
2021-06-21 10:03:34,713.5,2250119
2021-06-21 10:03:34,713.2,2250179
2021-06-21 10:03:35,713.5,2250183
2021-06-21 10:03:37,713.5,2250193
2021-06-21 10:03:37,713.4,2250459
2021-06-21 10:03:38,713.4,2250545
2021-06-21 10:03:39,713.4,2250545
2021-06-21 10:03:40,713.1,2250595
2021-06-21 10:03:41,713.4,2250703
2021-06-21 10:03:43,713.4,2250703
2021-06-21 10:03:45,713.05,2250990
2021-06-21 10:03:45,713.05,2251110
2021-06-21 10:03:46,713.05,2251655
2021-06-21 10:03:48,713.2,2251875
2021-06-21 10:03:49,713.5,2251935
2021-06-21 10:03:50,713.5,2252106
2021-06-21 10:03:51,713.5,2252106
2021-06-21 10:03:52,713.5,2252130
2021-06-21 10:03:53,713.5,2252210
2021-06-21 10:03:53,713.5,2252222
2021-06-21 10:03:54,713.5,2252237
2021-06-21 10:03:55,713.45,2252239
2021-06-21 10:03:56,713.45,2252280
2021-06-21 10:03:57,713.5,2252294
2021-06-21 10:03:58,713.1,2253494
2021-06-21 10:03:59,713.5,2253530
2021-06-21 10:04:00,713.55,2253703
2021-06-21 10:04:01,713.6,2253810
2021-06-21 10:04:03,713.5,2253857
2021-06-21 10:04:04,713.5,2253903
2021-06-21 10:04:05,713.5,2253933
2021-06-21 10:04:06,713.6,2254053
2021-06-21 10:04:07,713.6,2254059
2021-06-21 10:04:08,713.05,2254401
2021-06-21 10:04:09,713.15,2254544
2021-06-21 10:04:09,713.15,2254544
2021-06-21 10:04:10,713.55,2254591
2021-06-21 10:04:11,713.55,2254697
2021-06-21 10:04:12,713.1,2254747
2021-06-21 10:04:13,713.55,2254947
2021-06-21 10:04:14,713.2,2254948
2021-06-21 10:04:15,713.05,2255998
2021-06-21 10:04:16,713.2,2256130
2021-06-21 10:04:17,713.55,2256171
2021-06-21 10:04:19,713.55,2256898
2021-06-21 10:04:20,713.6,2257057
2021-06-21 10:04:22,713.6,2257067
2021-06-21 10:04:23,713.65,2257187
2021-06-21 10:04:24,713.25,2257207
2021-06-21 10:04:25,713.6,2257383
2021-06-21 10:04:26,713.1,2257483
2021-06-21 10:04:27,713.5,2257745
2021-06-21 10:04:28,713.5,2257745
2021-06-21 10:04:29,713.6,2257963
2021-06-21 10:04:30,713.65,2258000
2021-06-21 10:04:30,713.65,2258003
2021-06-21 10:04:31,713.65,2258008
2021-06-21 10:04:33,713.3,2258133
2021-06-21 10:04:34,713.25,2258166
2021-06-21 10:04:35,713.2,2258171
2021-06-21 10:04:36,713.2,2258191
2021-06-21 10:04:37,713.5,2258244
2021-06-21 10:04:38,713.5,2258264
2021-06-21 10:04:39,713.15,2259969
2021-06-21 10:04:40,713.45,2260143
2021-06-21 10:04:41,713.1,2260216
2021-06-21 10:04:42,713.1,2260220
2021-06-21 10:04:42,712.8,2264499
2021-06-21 10:04:43,713.35,2265929
2021-06-21 10:04:45,713.35,2266049
2021-06-21 10:04:46,713.35,2266184
2021-06-21 10:04:47,713.35,2266270
2021-06-21 10:04:48,713.0,2266350
2021-06-21 10:04:49,713.25,2266364
2021-06-21 10:04:50,713.05,2266618
2021-06-21 10:04:51,713.05,2266659
2021-06-21 10:04:52,712.95,2270960
2021-06-21 10:04:53,712.9,2270986
2021-06-21 10:04:54,712.8,2271058
2021-06-21 10:04:55,712.8,2271058
2021-06-21 10:04:56,712.7,2271541
2021-06-21 10:04:57,712.45,2271678
2021-06-21 10:04:59,712.8,2271682
2021-06-21 10:05:00,712.8,2271871
2021-06-21 10:05:01,712.8,2271931
2021-06-21 10:05:02,712.8,2271933
2021-06-21 10:05:03,712.9,2272044
2021-06-21 10:05:04,712.95,2272099
2021-06-21 10:05:05,712.9,2272109
2021-06-21 10:05:06,712.85,2272311
2021-06-21 10:05:07,712.95,2272377
2021-06-21 10:05:08,712.85,2272388
2021-06-21 10:05:09,712.95,2272393
2021-06-21 10:05:10,713.0,2273029
2021-06-21 10:05:11,712.95,2273094
2021-06-21 10:05:12,713.5,2273801
2021-06-21 10:05:13,713.4,2273961
2021-06-21 10:05:14,713.0,2277561
2021-06-21 10:05:15,713.5,2277858
2021-06-21 10:05:16,713.5,2277869
2021-06-21 10:05:17,713.5,2277917
2021-06-21 10:05:19,713.4,2278643
2021-06-21 10:05:20,713.45,2278644
2021-06-21 10:05:20,712.8,2280005
2021-06-21 10:05:22,713.0,2280085
2021-06-21 10:05:23,713.0,2280101
2021-06-21 10:05:24,713.0,2280386
2021-06-21 10:05:25,713.2,2280638
2021-06-21 10:05:26,713.2,2280643
2021-06-21 10:05:27,713.4,2281298
2021-06-21 10:05:28,713.4,2281343
2021-06-21 10:05:28,713.4,2281393
2021-06-21 10:05:30,713.4,2281607
2021-06-21 10:05:32,713.25,2282017
2021-06-21 10:05:33,713.55,2282765
2021-06-21 10:05:34,713.55,2282765
2021-06-21 10:05:35,713.55,2282837
2021-06-21 10:05:36,713.5,2282870
2021-06-21 10:05:37,713.55,2282984
2021-06-21 10:05:38,713.65,2284402
2021-06-21 10:05:39,713.7,2284643
2021-06-21 10:05:40,713.7,2284698
2021-06-21 10:05:41,713.5,2284770
2021-06-21 10:05:41,713.7,2284865
2021-06-21 10:05:42,714.2,2289702
2021-06-21 10:05:43,714.2,2289810
2021-06-21 10:05:45,713.85,2292454
2021-06-21 10:05:46,713.45,2293363
2021-06-21 10:05:47,713.55,2293472
2021-06-21 10:05:48,713.55,2293489
2021-06-21 10:05:49,713.5,2293706
2021-06-21 10:05:50,713.5,2293893
2021-06-21 10:05:51,713.4,2293925
2021-06-21 10:05:52,713.4,2293995
2021-06-21 10:05:52,713.05,2294043
2021-06-21 10:05:53,713.35,2294107
2021-06-21 10:05:54,713.0,2294218
2021-06-21 10:05:55,713.0,2294407
2021-06-21 10:05:58,713.0,2294478
2021-06-21 10:05:57,712.9,2294453
2021-06-21 10:05:59,713.45,2294707
2021-06-21 10:06:00,713.65,2294804
2021-06-21 10:06:00,713.65,2294804
2021-06-21 10:06:01,713.55,2294821
2021-06-21 10:06:02,713.55,2294875
2021-06-21 10:06:03,713.8,2295060
2021-06-21 10:06:04,713.8,2295060
2021-06-21 10:06:05,713.5,2295129
2021-06-21 10:06:06,713.7,2295185
2021-06-21 10:06:07,713.7,2295218
2021-06-21 10:06:08,713.95,2295256
2021-06-21 10:06:09,713.3,2295766
2021-06-21 10:06:10,713.85,2295780
2021-06-21 10:06:11,713.35,2295846
2021-06-21 10:06:12,713.35,2296066
2021-06-21 10:06:13,713.35,2296076
2021-06-21 10:06:15,713.7,2296101
2021-06-21 10:06:16,713.7,2296144
2021-06-21 10:06:17,713.5,2296146
2021-06-21 10:06:18,713.85,2296956
2021-06-21 10:06:19,713.85,2296956
2021-06-21 10:06:19,713.75,2296980
2021-06-21 10:06:20,713.75,2296992
2021-06-21 10:06:21,713.65,2297167
2021-06-21 10:06:22,713.85,2297281
2021-06-21 10:06:24,713.85,2297283
2021-06-21 10:06:25,713.6,2297380
2021-06-21 10:06:26,713.6,2297403
2021-06-21 10:06:27,713.7,2297449
2021-06-21 10:06:28,713.85,2297482
2021-06-21 10:06:29,713.85,2297514
2021-06-21 10:06:30,713.4,2298622
2021-06-21 10:06:31,713.85,2299310
2021-06-21 10:06:32,713.75,2299317
2021-06-21 10:06:33,713.8,2299633
2021-06-21 10:06:34,713.45,2299698
2021-06-21 10:06:35,713.45,2299701
2021-06-21 10:06:36,713.45,2299703
2021-06-21 10:06:37,713.8,2300212
2021-06-21 10:06:38,713.35,2300412
2021-06-21 10:06:39,713.75,2300436
2021-06-21 10:06:39,713.35,2300442
2021-06-21 10:06:40,713.3,2300546
2021-06-21 10:06:42,713.3,2300635
2021-06-21 10:06:43,713.3,2300665
2021-06-21 10:06:44,713.75,2300815
2021-06-21 10:06:45,713.65,2300844
2021-06-21 10:06:46,713.8,2300872
2021-06-21 10:06:47,713.8,2300891
2021-06-21 10:06:48,713.8,2300896
2021-06-21 10:06:49,713.8,2300953
2021-06-21 10:06:50,713.8,2300959
2021-06-21 10:06:51,713.7,2300996
2021-06-21 10:06:52,713.8,2301022
2021-06-21 10:06:54,713.8,2301050
2021-06-21 10:06:55,713.85,2301617
2021-06-21 10:06:56,713.7,2301749
2021-06-21 10:06:56,713.7,2301749
2021-06-21 10:06:58,713.3,2301879
2021-06-21 10:06:59,713.65,2302016
2021-06-21 10:07:00,713.65,2302052
2021-06-21 10:07:01,713.65,2302150
2021-06-21 10:07:01,713.7,2302350
2021-06-21 10:07:03,713.7,2302373
2021-06-21 10:07:04,713.7,2302475
2021-06-21 10:07:05,713.55,2302554
2021-06-21 10:07:06,713.7,2302659
2021-06-21 10:07:07,713.4,2302663
2021-06-21 10:07:08,713.7,2302731
2021-06-21 10:07:09,713.55,2302755
2021-06-21 10:07:10,713.35,2302756
2021-06-21 10:07:10,713.35,2302756
2021-06-21 10:07:11,713.35,2302860
2021-06-21 10:07:12,713.7,2302974
2021-06-21 10:07:13,713.35,2302993
2021-06-21 10:07:14,713.7,2303148
2021-06-21 10:07:16,713.7,2303577
2021-06-21 10:07:17,713.8,2303580
2021-06-21 10:07:18,713.8,2303642
2021-06-21 10:07:19,713.7,2303869
2021-06-21 10:07:20,713.7,2303869
2021-06-21 10:07:21,713.75,2303897
2021-06-21 10:07:22,713.7,2303940
2021-06-21 10:07:24,713.55,2304247
2021-06-21 10:07:25,713.55,2304247
2021-06-21 10:07:26,713.7,2304254
2021-06-21 10:07:27,713.7,2304432
2021-06-21 10:07:29,713.7,2304432
2021-06-21 10:07:30,713.55,2304716
2021-06-21 10:07:31,713.55,2304743
2021-06-21 10:07:32,713.55,2304784
2021-06-21 10:07:34,713.8,2304966
2021-06-21 10:07:35,713.8,2304979
2021-06-21 10:07:36,713.55,2305139
2021-06-21 10:07:36,713.55,2305139
2021-06-21 10:07:37,713.8,2305672
2021-06-21 10:07:38,713.8,2305916
2021-06-21 10:07:39,713.55,2305973
2021-06-21 10:07:40,713.0,2309158
2021-06-21 10:07:42,713.2,2309384
2021-06-21 10:07:43,713.0,2309395
2021-06-21 10:07:44,713.2,2309896
2021-06-21 10:07:45,713.0,2309950
2021-06-21 10:07:46,713.0,2310369
2021-06-21 10:07:47,713.0,2317112
2021-06-21 10:07:48,713.0,2317217
2021-06-21 10:07:48,713.0,2317517
2021-06-21 10:07:49,713.0,2317863
2021-06-21 10:07:51,712.8,2318950
2021-06-21 10:07:52,713.0,2319816
2021-06-21 10:07:53,713.0,2319916
2021-06-21 10:07:54,713.0,2320687
2021-06-21 10:07:55,713.0,2321303
2021-06-21 10:07:56,713.0,2322478
2021-06-21 10:07:57,713.0,2322642
2021-06-21 10:07:57,713.0,2322642
2021-06-21 10:07:58,712.85,2322764
2021-06-21 10:08:00,713.0,2323098
2021-06-21 10:08:01,713.0,2323098
2021-06-21 10:08:02,713.0,2323102
2021-06-21 10:08:03,713.0,2323167
2021-06-21 10:08:04,713.0,2323303
2021-06-21 10:08:04,713.0,2323303
2021-06-21 10:08:05,713.0,2323305
2021-06-21 10:08:06,713.0,2323349
2021-06-21 10:08:08,713.0,2323422
2021-06-21 10:08:09,713.0,2323713
2021-06-21 10:08:10,713.0,2323767
2021-06-21 10:08:11,712.9,2323860
2021-06-21 10:08:11,713.2,2323898
2021-06-21 10:08:13,713.2,2323942
2021-06-21 10:08:14,713.0,2324695
2021-06-21 10:08:15,713.35,2324708
2021-06-21 10:08:16,713.35,2324737
2021-06-21 10:08:17,713.0,2324787
2021-06-21 10:08:18,713.0,2324969
2021-06-21 10:08:19,713.2,2324976
2021-06-21 10:08:20,713.15,2324990
2021-06-21 10:08:21,713.35,2325021
2021-06-21 10:08:22,713.35,2325078
2021-06-21 10:08:23,713.3,2325179
