timestamp,ltp,volume
2021-06-21 09:16:29,2868.0,18891
2021-06-21 09:16:30,2866.15,19046
2021-06-21 09:16:31,2866.45,19056
2021-06-21 09:16:32,2866.5,19059
2021-06-21 09:16:33,2867.9,19061
2021-06-21 09:16:34,2867.8,19111
2021-06-21 09:16:35,2867.8,19111
2021-06-21 09:16:36,2867.45,19434
2021-06-21 09:16:37,2867.5,19769
2021-06-21 09:16:38,2867.5,19769
2021-06-21 09:16:39,2867.5,19769
2021-06-21 09:16:40,2868.05,19806
2021-06-21 09:16:42,2871.45,20106
2021-06-21 09:16:43,2871.95,20200
2021-06-21 09:16:44,2871.95,20200
2021-06-21 09:16:45,2869.7,20269
2021-06-21 09:16:46,2871.0,20303
2021-06-21 09:16:47,2871.0,20303
2021-06-21 09:16:48,2871.0,20303
2021-06-21 09:16:49,2870.25,20438
2021-06-21 09:16:50,2872.0,20441
2021-06-21 09:16:51,2871.65,20791
2021-06-21 09:16:52,2872.0,21146
2021-06-21 09:16:53,2871.8,21346
2021-06-21 09:16:54,2871.8,21346
2021-06-21 09:16:55,2874.45,21347
2021-06-21 09:16:56,2874.55,21412
2021-06-21 09:16:57,2875.0,21960
2021-06-21 09:16:58,2876.0,21963
2021-06-21 09:16:59,2873.75,22063
2021-06-21 09:17:01,2876.85,22419
2021-06-21 09:17:02,2875.9,22711
2021-06-21 09:17:04,2877.7,22987
2021-06-21 09:17:05,2877.7,22987
2021-06-21 09:17:07,2879.65,23344
2021-06-21 09:17:08,2876.5,23404
2021-06-21 09:17:09,2878.45,23405
2021-06-21 09:17:10,2876.55,23565
2021-06-21 09:17:11,2878.2,23794
2021-06-21 09:17:12,2876.45,23824
2021-06-21 09:17:13,2876.45,23824
2021-06-21 09:17:14,2876.5,23860
2021-06-21 09:17:15,2875.0,24241
2021-06-21 09:17:16,2875.0,24241
2021-06-21 09:17:17,2875.0,24241
2021-06-21 09:17:18,2875.0,24241
2021-06-21 09:17:20,2874.5,24429
2021-06-21 09:17:21,2875.0,24534
2021-06-21 09:17:22,2874.5,24567
2021-06-21 09:17:23,2875.0,24570
2021-06-21 09:17:24,2873.85,24584
2021-06-21 09:17:25,2875.0,24684
2021-06-21 09:17:26,2875.3,25067
2021-06-21 09:17:27,2874.05,25074
2021-06-21 09:17:28,2874.05,25079
2021-06-21 09:17:29,2874.45,25080
2021-06-21 09:17:30,2874.35,25101
2021-06-21 09:17:31,2874.1,25116
2021-06-21 09:17:32,2874.1,25230
2021-06-21 09:17:34,2874.35,25234
2021-06-21 09:17:35,2874.35,25234
2021-06-21 09:17:37,2875.05,25326
2021-06-21 09:17:37,2875.05,25326
2021-06-21 09:17:38,2875.05,25344
2021-06-21 09:17:39,2874.6,25346
2021-06-21 09:17:41,2874.65,25461
2021-06-21 09:17:42,2875.1,25481
2021-06-21 09:17:43,2875.0,25659
2021-06-21 09:17:45,2878.0,26682
2021-06-21 09:17:45,2877.3,26747
2021-06-21 09:17:46,2876.55,26813
2021-06-21 09:17:47,2876.55,26813
2021-06-21 09:17:48,2875.3,26849
2021-06-21 09:17:49,2875.3,26849
2021-06-21 09:17:51,2877.45,26850
2021-06-21 09:17:51,2877.1,26855
2021-06-21 09:17:52,2877.1,26855
2021-06-21 09:17:53,2874.4,27584
2021-06-21 09:17:54,2872.75,27604
2021-06-21 09:17:55,2872.75,27604
2021-06-21 09:17:57,2873.85,27608
2021-06-21 09:17:58,2874.45,27951
2021-06-21 09:17:58,2874.45,27951
2021-06-21 09:17:59,2874.7,27952
2021-06-21 09:18:00,2874.0,27955
2021-06-21 09:18:01,2874.0,27955
2021-06-21 09:18:02,2872.9,28004
2021-06-21 09:18:04,2874.2,28008
2021-06-21 09:18:05,2874.2,28008
2021-06-21 09:18:05,2872.85,28130
2021-06-21 09:18:06,2874.15,28168
2021-06-21 09:18:07,2873.65,28208
2021-06-21 09:18:09,2873.0,28511
2021-06-21 09:18:12,2873.65,28547
2021-06-21 09:18:13,2873.65,28632
2021-06-21 09:18:14,2873.65,28672
2021-06-21 09:18:15,2873.1,28682
2021-06-21 09:18:16,2873.15,28699
2021-06-21 09:18:16,2873.15,28699
2021-06-21 09:18:17,2875.0,28708
2021-06-21 09:18:18,2875.0,28831
2021-06-21 09:18:20,2876.05,28841
2021-06-21 09:18:21,2876.05,28841
2021-06-21 09:18:22,2875.1,28921
2021-06-21 09:18:23,2875.1,28921
2021-06-21 09:18:24,2874.3,29021
2021-06-21 09:18:27,2876.25,29050
2021-06-21 09:18:28,2876.25,29050
2021-06-21 09:18:28,2876.25,29050
2021-06-21 09:18:29,2876.25,29050
2021-06-21 09:18:30,2873.05,29250
2021-06-21 09:18:31,2873.05,29250
2021-06-21 09:18:33,2873.05,29250
2021-06-21 09:18:34,2875.85,29275
2021-06-21 09:18:34,2875.8,29255
2021-06-21 09:18:35,2875.85,29275
2021-06-21 09:18:36,2875.85,29305
2021-06-21 09:18:37,2875.85,29305
2021-06-21 09:18:38,2875.85,29305
2021-06-21 09:18:40,2876.05,29310
2021-06-21 09:18:41,2876.05,29310
2021-06-21 09:18:42,2877.0,29348
2021-06-21 09:18:43,2877.0,29395
2021-06-21 09:18:44,2877.0,29395
2021-06-21 09:18:45,2877.0,29395
2021-06-21 09:18:46,2878.0,29482
2021-06-21 09:18:48,2878.2,29800
2021-06-21 09:18:49,2878.0,29802
2021-06-21 09:18:49,2878.0,29802
2021-06-21 09:18:50,2878.65,30033
2021-06-21 09:18:51,2879.75,30043
2021-06-21 09:18:52,2879.85,30048
2021-06-21 09:18:53,2879.85,30048
2021-06-21 09:18:55,2879.85,30048
2021-06-21 09:18:55,2879.9,30067
2021-06-21 09:18:56,2879.9,30156
2021-06-21 09:18:57,2880.0,30206
2021-06-21 09:18:58,2880.0,30225
2021-06-21 09:18:59,2880.0,30225
2021-06-21 09:19:01,2880.9,30518
2021-06-21 09:19:01,2880.9,30518
2021-06-21 09:19:02,2880.7,30819
2021-06-21 09:19:03,2880.9,30882
2021-06-21 09:19:04,2882.7,31153
2021-06-21 09:19:05,2882.7,31153
2021-06-21 09:19:07,2882.55,31178
2021-06-21 09:19:07,2882.55,31178
2021-06-21 09:19:08,2882.7,31198
2021-06-21 09:19:09,2882.95,31359
2021-06-21 09:19:10,2882.7,31624
2021-06-21 09:19:11,2882.65,31633
2021-06-21 09:19:13,2883.0,31665
2021-06-21 09:19:14,2883.0,31665
2021-06-21 09:19:15,2883.95,31690
2021-06-21 09:19:16,2883.95,31690
2021-06-21 09:19:16,2882.15,31691
2021-06-21 09:19:17,2882.15,31691
2021-06-21 09:19:18,2882.4,32061
2021-06-21 09:19:19,2882.45,32098
2021-06-21 09:19:21,2882.2,32099
2021-06-21 09:19:21,2883.0,32103
2021-06-21 09:19:22,2882.2,32203
2021-06-21 09:19:23,2882.2,32203
2021-06-21 09:19:24,2883.0,32204
2021-06-21 09:19:25,2882.25,32205
2021-06-21 09:19:26,2884.1,32560
2021-06-21 09:19:27,2884.1,32560
2021-06-21 09:19:28,2884.1,32560
2021-06-21 09:19:30,2883.2,32619
2021-06-21 09:19:30,2883.2,32619
2021-06-21 09:19:31,2885.0,32643
2021-06-21 09:19:32,2885.0,32643
2021-06-21 09:19:33,2883.4,32654
2021-06-21 09:19:34,2884.95,32754
2021-06-21 09:19:36,2884.95,32754
2021-06-21 09:19:37,2884.85,32780
2021-06-21 09:19:37,2884.85,32780
2021-06-21 09:19:38,2884.85,32791
2021-06-21 09:19:39,2884.9,33279
2021-06-21 09:19:40,2885.05,33321
2021-06-21 09:19:42,2885.1,33354
2021-06-21 09:19:43,2883.15,33968
2021-06-21 09:19:43,2885.1,33978
2021-06-21 09:19:44,2885.1,33983
2021-06-21 09:19:46,2883.15,33989
2021-06-21 09:19:47,2883.3,34017
2021-06-21 09:19:48,2883.35,34031
2021-06-21 09:19:49,2883.3,34035
2021-06-21 09:19:49,2883.3,34035
2021-06-21 09:19:50,2883.3,34035
2021-06-21 09:19:51,2884.0,34036
2021-06-21 09:19:52,2884.0,34077
2021-06-21 09:19:54,2884.0,34115
2021-06-21 09:19:55,2883.35,34184
2021-06-21 09:19:56,2882.95,34295
2021-06-21 09:19:56,2882.95,34295
2021-06-21 09:19:58,2883.0,34318
2021-06-21 09:19:59,2883.0,34318
2021-06-21 09:20:01,2883.0,34318
2021-06-21 09:20:02,2880.7,34412
2021-06-21 09:20:02,2880.7,34412
2021-06-21 09:20:04,2882.95,34925
2021-06-21 09:20:06,2880.0,34955
2021-06-21 09:20:07,2877.5,35285
2021-06-21 09:20:07,2877.5,35285
2021-06-21 09:20:08,2880.05,36675
2021-06-21 09:20:09,2877.65,36713
2021-06-21 09:20:10,2878.95,36731
2021-06-21 09:20:11,2878.95,36731
2021-06-21 09:20:12,2877.8,36733
2021-06-21 09:20:13,2877.8,36733
2021-06-21 09:20:15,2877.7,36858
2021-06-21 09:20:16,2877.7,36961
2021-06-21 09:20:16,2878.95,37207
2021-06-21 09:20:17,2878.05,37538
2021-06-21 09:20:18,2878.75,37582
2021-06-21 09:20:20,2878.85,37941
2021-06-21 09:20:21,2882.0,38732
2021-06-21 09:20:21,2882.0,38732
2021-06-21 09:20:22,2881.3,38868
2021-06-21 09:20:23,2881.3,38870
2021-06-21 09:20:24,2881.3,38894
2021-06-21 09:20:25,2881.3,38894
2021-06-21 09:20:26,2883.0,39085
2021-06-21 09:20:27,2881.85,39152
2021-06-21 09:20:28,2884.0,39161
2021-06-21 09:20:29,2884.0,39161
2021-06-21 09:20:30,2884.0,39220
2021-06-21 09:20:32,2883.3,39249
2021-06-21 09:20:33,2884.8,39251
2021-06-21 09:20:34,2886.7,39732
2021-06-21 09:20:34,2886.7,39732
2021-06-21 09:20:35,2886.45,39840
2021-06-21 09:20:36,2889.0,39959
2021-06-21 09:20:38,2889.45,40214
2021-06-21 09:20:39,2888.9,40395
2021-06-21 09:20:39,2888.9,40395
2021-06-21 09:20:40,2888.9,40684
2021-06-21 09:20:41,2888.9,40692
2021-06-21 09:20:42,2888.85,40984
2021-06-21 09:20:44,2890.05,41416
2021-06-21 09:20:45,2889.15,41782
2021-06-21 09:20:45,2891.0,41877
2021-06-21 09:20:46,2892.0,42026
2021-06-21 09:20:47,2892.0,42026
2021-06-21 09:20:48,2891.55,42048
2021-06-21 09:20:50,2890.1,42153
2021-06-21 09:20:51,2889.15,42470
2021-06-21 09:20:51,2890.65,42410
2021-06-21 09:20:52,2889.9,42471
2021-06-21 09:20:53,2889.15,42473
2021-06-21 09:20:54,2889.9,42594
2021-06-21 09:20:56,2889.15,42602
2021-06-21 09:20:57,2889.6,42883
2021-06-21 09:20:57,2889.6,42883
2021-06-21 09:20:58,2889.55,42961
2021-06-21 09:20:59,2887.5,43002
2021-06-21 09:21:00,2887.5,43002
2021-06-21 09:21:02,2887.75,43182
2021-06-21 09:21:03,2888.7,43355
2021-06-21 09:21:03,2888.7,43355
2021-06-21 09:21:04,2888.75,43542
2021-06-21 09:21:05,2887.75,43870
2021-06-21 09:21:07,2889.6,43940
2021-06-21 09:21:08,2889.2,43986
2021-06-21 09:21:09,2889.3,44003
2021-06-21 09:21:10,2889.3,44003
2021-06-21 09:21:11,2889.4,44009
2021-06-21 09:21:11,2889.4,44010
2021-06-21 09:21:12,2890.0,44022
2021-06-21 09:21:13,2889.35,44057
2021-06-21 09:21:15,2890.55,44060
2021-06-21 09:21:16,2891.0,44348
2021-06-21 09:21:16,2890.55,44214
2021-06-21 09:21:17,2891.7,44381
2021-06-21 09:21:18,2891.0,44396
2021-06-21 09:21:19,2890.6,44406
2021-06-21 09:21:21,2890.0,44464
2021-06-21 09:21:23,2889.6,44512
2021-06-21 09:21:23,2889.9,44487
2021-06-21 09:21:24,2889.25,44563
2021-06-21 09:21:25,2890.65,44617
2021-06-21 09:21:27,2890.7,44721
2021-06-21 09:21:28,2889.15,44724
2021-06-21 09:21:28,2889.15,44724
2021-06-21 09:21:29,2889.15,44739
2021-06-21 09:21:30,2889.2,44743
2021-06-21 09:21:31,2889.25,44747
2021-06-21 09:21:32,2889.25,44747
2021-06-21 09:21:33,2889.25,44761
2021-06-21 09:21:34,2890.0,44865
2021-06-21 09:21:35,2889.2,44885
2021-06-21 09:21:37,2889.95,44924
2021-06-21 09:21:38,2889.25,44928
2021-06-21 09:21:39,2889.25,44931
2021-06-21 09:21:40,2889.0,44942
2021-06-21 09:21:40,2889.05,44946
2021-06-21 09:21:41,2889.05,44946
2021-06-21 09:21:42,2889.05,44951
2021-06-21 09:21:43,2889.05,44953
2021-06-21 09:21:45,2890.15,45187
2021-06-21 09:21:46,2890.15,45193
2021-06-21 09:21:47,2890.2,45215
2021-06-21 09:21:48,2890.1,45221
2021-06-21 09:21:48,2890.1,45221
2021-06-21 09:21:49,2890.1,45221
2021-06-21 09:21:50,2890.0,45299
2021-06-21 09:21:52,2889.95,45434
2021-06-21 09:21:53,2886.45,45540
2021-06-21 09:21:54,2886.7,45581
2021-06-21 09:21:55,2886.7,45581
2021-06-21 09:21:56,2886.8,45584
2021-06-21 09:21:57,2886.85,45607
2021-06-21 09:21:58,2886.85,45610
2021-06-21 09:21:59,2886.85,45612
2021-06-21 09:22:00,2886.05,45797
2021-06-21 09:22:01,2886.05,45807
2021-06-21 09:22:02,2886.55,45850
2021-06-21 09:22:03,2886.55,45854
2021-06-21 09:22:04,2886.6,45856
2021-06-21 09:22:05,2886.55,45870
2021-06-21 09:22:06,2886.15,45873
2021-06-21 09:22:07,2886.15,45873
2021-06-21 09:22:08,2886.15,45873
2021-06-21 09:22:09,2886.15,45873
2021-06-21 09:22:10,2886.15,45873
2021-06-21 09:22:11,2887.95,46226
2021-06-21 09:22:12,2888.95,46326
2021-06-21 09:22:13,2888.95,46326
2021-06-21 09:22:14,2888.95,46326
2021-06-21 09:22:15,2888.95,46326
2021-06-21 09:22:16,2888.95,46326
2021-06-21 09:22:17,2888.65,46334
2021-06-21 09:22:18,2888.65,46455
2021-06-21 09:22:19,2886.7,46935
2021-06-21 09:22:20,2886.7,46935
2021-06-21 09:22:21,2886.1,46987
2021-06-21 09:22:22,2886.1,46996
2021-06-21 09:22:23,2886.1,46996
2021-06-21 09:22:24,2885.1,47400
2021-06-21 09:22:25,2885.0,47427
2021-06-21 09:22:26,2885.05,47465
2021-06-21 09:22:27,2883.6,47567
2021-06-21 09:22:28,2883.6,47567
2021-06-21 09:22:29,2885.75,47577
2021-06-21 09:22:30,2884.15,47579
2021-06-21 09:22:31,2884.15,47581
2021-06-21 09:22:32,2884.15,47588
2021-06-21 09:22:33,2882.8,47688
2021-06-21 09:22:34,2881.75,47748
2021-06-21 09:22:35,2881.3,47752
2021-06-21 09:22:36,2882.45,47880
2021-06-21 09:22:37,2881.05,47962
2021-06-21 09:22:38,2881.0,47993
2021-06-21 09:22:39,2880.2,48127
2021-06-21 09:22:40,2880.15,48136
2021-06-21 09:22:41,2880.15,48136
2021-06-21 09:22:42,2880.15,48136
2021-06-21 09:22:43,2880.3,48139
2021-06-21 09:22:44,2880.3,48148
2021-06-21 09:22:45,2880.15,48218
2021-06-21 09:22:46,2880.15,48228
2021-06-21 09:22:47,2880.0,48760
2021-06-21 09:22:48,2878.25,48829
2021-06-21 09:22:49,2879.55,48830
2021-06-21 09:22:50,2878.0,49160
2021-06-21 09:22:51,2876.95,49463
2021-06-21 09:22:52,2878.95,49484
2021-06-21 09:22:54,2877.2,49507
2021-06-21 09:22:54,2879.35,49883
2021-06-21 09:22:55,2879.35,49883
2021-06-21 09:22:56,2878.45,49913
2021-06-21 09:22:57,2878.5,49933
2021-06-21 09:22:58,2879.95,49957
2021-06-21 09:22:59,2878.55,49985
2021-06-21 09:23:00,2879.85,50209
2021-06-21 09:23:01,2879.95,50215
2021-06-21 09:23:02,2879.95,50228
2021-06-21 09:23:03,2879.95,50235
2021-06-21 09:23:04,2881.15,50245
2021-06-21 09:23:05,2881.15,50245
2021-06-21 09:23:06,2880.05,50267
2021-06-21 09:23:07,2880.05,50267
2021-06-21 09:23:08,2880.1,50268
2021-06-21 09:23:09,2881.0,50269
2021-06-21 09:23:10,2881.0,50269
2021-06-21 09:23:11,2880.95,50274
2021-06-21 09:23:12,2880.95,50274
2021-06-21 09:23:13,2880.9,50284
2021-06-21 09:23:14,2879.15,50660
2021-06-21 09:23:15,2879.15,50660
2021-06-21 09:23:16,2878.55,50675
2021-06-21 09:23:17,2877.55,50682
2021-06-21 09:23:18,2878.3,50735
2021-06-21 09:23:20,2877.15,50920
2021-06-21 09:23:21,2877.15,50939
2021-06-21 09:23:22,2878.2,50979
2021-06-21 09:23:23,2878.0,51167
2021-06-21 09:23:24,2876.25,51196
2021-06-21 09:23:25,2877.85,51211
2021-06-21 09:23:26,2877.6,51264
2021-06-21 09:23:27,2876.3,51265
2021-06-21 09:23:28,2877.35,51267
2021-06-21 09:23:29,2877.35,51276
2021-06-21 09:23:30,2877.35,51298
2021-06-21 09:23:31,2877.35,51298
2021-06-21 09:23:32,2877.35,51302
2021-06-21 09:23:33,2877.0,51339
2021-06-21 09:23:34,2877.0,51443
2021-06-21 09:23:35,2878.5,51513
2021-06-21 09:23:36,2878.5,51620
2021-06-21 09:23:37,2878.5,51658
2021-06-21 09:23:38,2877.0,51690
2021-06-21 09:23:38,2877.0,51704
2021-06-21 09:23:40,2877.0,51704
2021-06-21 09:23:41,2877.0,51704
2021-06-21 09:23:42,2877.0,51787
2021-06-21 09:23:43,2878.0,51935
2021-06-21 09:23:44,2878.5,51946
2021-06-21 09:23:45,2878.5,52003
2021-06-21 09:23:46,2878.35,52091
2021-06-21 09:23:47,2877.9,52153
2021-06-21 09:23:48,2877.8,52159
2021-06-21 09:23:49,2876.05,52167
2021-06-21 09:23:51,2878.4,52192
2021-06-21 09:23:52,2877.55,52195
2021-06-21 09:23:53,2877.55,52197
2021-06-21 09:23:54,2878.35,52216
2021-06-21 09:23:55,2877.7,52319
2021-06-21 09:23:56,2877.55,52324
2021-06-21 09:23:57,2878.35,52325
2021-06-21 09:23:58,2878.35,52325
2021-06-21 09:23:59,2878.0,52461
2021-06-21 09:24:00,2878.0,52482
2021-06-21 09:24:01,2878.0,52484
2021-06-21 09:24:02,2878.0,52513
2021-06-21 09:24:03,2878.0,52516
2021-06-21 09:24:04,2878.0,52519
2021-06-21 09:24:05,2878.0,52520
2021-06-21 09:24:06,2878.0,52520
2021-06-21 09:24:07,2878.0,52574
2021-06-21 09:24:08,2877.6,52677
2021-06-21 09:24:09,2876.65,52726
2021-06-21 09:24:09,2877.5,52757
2021-06-21 09:24:10,2877.5,52782
2021-06-21 09:24:11,2876.2,52784
2021-06-21 09:24:12,2876.2,52784
2021-06-21 09:24:14,2876.2,52784
2021-06-21 09:24:15,2875.5,52919
2021-06-21 09:24:16,2875.0,52926
2021-06-21 09:24:17,2873.5,53259
2021-06-21 09:24:18,2871.75,53329
2021-06-21 09:24:19,2873.6,53334
2021-06-21 09:24:20,2873.9,53498
2021-06-21 09:24:21,2873.85,53501
2021-06-21 09:24:22,2872.4,53508
2021-06-21 09:24:23,2873.5,53509
2021-06-21 09:24:24,2873.5,53608
2021-06-21 09:24:25,2873.95,53614
2021-06-21 09:24:26,2874.6,53691
2021-06-21 09:24:27,2873.2,53701
2021-06-21 09:24:28,2873.25,53703
2021-06-21 09:24:29,2873.25,53703
2021-06-21 09:24:31,2876.0,53990
2021-06-21 09:24:32,2876.0,53990
2021-06-21 09:24:33,2876.0,53990
2021-06-21 09:24:34,2874.8,54340
2021-06-21 09:24:35,2876.05,54360
2021-06-21 09:24:36,2876.05,54360
2021-06-21 09:24:37,2875.95,54445
2021-06-21 09:24:39,2876.25,54447
2021-06-21 09:24:40,2876.25,54447
2021-06-21 09:24:41,2877.8,54753
2021-06-21 09:24:42,2877.8,54782
2021-06-21 09:24:43,2877.8,54782
2021-06-21 09:24:44,2877.75,55083
2021-06-21 09:24:46,2877.75,55083
2021-06-21 09:24:47,2877.55,55084
2021-06-21 09:24:48,2877.55,55084
2021-06-21 09:24:49,2877.55,55084
2021-06-21 09:24:50,2877.0,55138
2021-06-21 09:24:51,2876.95,55148
2021-06-21 09:24:52,2875.25,55150
2021-06-21 09:24:53,2876.7,55156
2021-06-21 09:24:54,2876.7,55156
2021-06-21 09:24:55,2877.0,55207
2021-06-21 09:24:56,2877.0,55218
2021-06-21 09:24:57,2877.0,55270
2021-06-21 09:24:58,2875.7,55571
2021-06-21 09:24:59,2878.2,55577
2021-06-21 09:25:00,2878.75,55582
2021-06-21 09:25:01,2878.95,55585
2021-06-21 09:25:02,2878.95,55585
2021-06-21 09:25:03,2878.95,55598
2021-06-21 09:25:05,2878.95,55604
2021-06-21 09:25:06,2878.95,55624
2021-06-21 09:25:07,2876.8,55938
2021-06-21 09:25:08,2878.75,56000
2021-06-21 09:25:09,2878.75,56000
2021-06-21 09:25:10,2878.75,56000
2021-06-21 09:25:13,2878.75,56000
2021-06-21 09:25:14,2879.8,56058
2021-06-21 09:25:15,2876.15,56249
2021-06-21 09:25:16,2876.15,56252
2021-06-21 09:25:17,2877.3,56262
2021-06-21 09:25:18,2875.0,56399
2021-06-21 09:25:19,2876.2,56404
2021-06-21 09:25:20,2875.0,56405
2021-06-21 09:25:21,2876.2,56406
2021-06-21 09:25:22,2876.4,56440
2021-06-21 09:25:23,2876.4,56440
2021-06-21 09:25:24,2876.4,56440
2021-06-21 09:25:25,2876.55,56535
2021-06-21 09:25:26,2876.2,56539
2021-06-21 09:25:27,2877.3,56922
2021-06-21 09:25:28,2876.9,57212
2021-06-21 09:25:29,2876.95,57239
2021-06-21 09:25:30,2876.95,57260
2021-06-21 09:25:31,2879.2,57515
2021-06-21 09:25:32,2879.2,57515
2021-06-21 09:25:33,2879.2,57565
2021-06-21 09:25:34,2877.6,57597
2021-06-21 09:25:35,2877.6,57598
2021-06-21 09:25:36,2877.6,57607
2021-06-21 09:25:37,2877.6,57866
2021-06-21 09:25:38,2879.5,57885
2021-06-21 09:25:39,2879.5,57885
2021-06-21 09:25:40,2879.5,57936
2021-06-21 09:25:41,2881.1,58207
2021-06-21 09:25:42,2881.1,58207
2021-06-21 09:25:43,2880.75,58241
2021-06-21 09:25:44,2880.75,58241
2021-06-21 09:25:45,2880.75,58241
2021-06-21 09:25:46,2878.85,58251
2021-06-21 09:25:47,2880.0,58278
2021-06-21 09:25:48,2880.0,58278
2021-06-21 09:25:49,2880.0,58278
2021-06-21 09:25:50,2880.5,58287
2021-06-21 09:25:51,2880.1,58300
2021-06-21 09:25:53,2880.1,58352
2021-06-21 09:25:54,2880.1,58352
2021-06-21 09:25:55,2880.1,58354
2021-06-21 09:25:56,2880.1,58358
2021-06-21 09:25:57,2880.1,58523
2021-06-21 09:25:58,2880.0,58548
2021-06-21 09:25:59,2881.55,58748
2021-06-21 09:26:00,2881.85,58749
2021-06-21 09:26:01,2881.85,58749
2021-06-21 09:26:02,2880.05,58769
2021-06-21 09:26:03,2880.0,58789
2021-06-21 09:26:04,2880.0,58789
2021-06-21 09:26:05,2880.05,59069
2021-06-21 09:26:06,2881.75,59324
2021-06-21 09:26:08,2881.85,59380
2021-06-21 09:26:07,2881.85,59335
2021-06-21 09:26:09,2881.85,59380
2021-06-21 09:26:10,2881.85,59380
2021-06-21 09:26:11,2883.2,59384
2021-06-21 09:26:12,2883.2,59384
2021-06-21 09:26:14,2883.2,59384
2021-06-21 09:26:15,2881.6,59390
2021-06-21 09:26:16,2881.7,59404
2021-06-21 09:26:17,2881.7,59407
2021-06-21 09:26:18,2881.2,59464
2021-06-21 09:26:19,2882.35,59506
2021-06-21 09:26:20,2882.0,59507
2021-06-21 09:26:21,2882.0,59507
2021-06-21 09:26:22,2881.9,59509
2021-06-21 09:26:23,2881.9,59509
2021-06-21 09:26:24,2884.0,59794
2021-06-21 09:26:25,2883.0,59844
2021-06-21 09:26:26,2883.2,59848
2021-06-21 09:26:27,2884.0,59915
2021-06-21 09:26:28,2884.0,59915
2021-06-21 09:26:29,2885.0,59931
2021-06-21 09:26:30,2885.0,59931
2021-06-21 09:26:31,2885.0,60180
2021-06-21 09:26:32,2884.65,60268
2021-06-21 09:26:33,2884.65,60268
2021-06-21 09:26:34,2884.65,60412
2021-06-21 09:26:35,2884.65,60434
2021-06-21 09:26:36,2885.9,60438
2021-06-21 09:26:37,2884.7,60692
2021-06-21 09:26:38,2884.7,60692
2021-06-21 09:26:39,2884.8,60857
2021-06-21 09:26:40,2884.65,60863
2021-06-21 09:26:41,2884.65,60863
2021-06-21 09:26:42,2884.65,60874
2021-06-21 09:26:43,2884.65,60875
2021-06-21 09:26:45,2881.95,60904
2021-06-21 09:26:46,2883.15,60959
2021-06-21 09:26:47,2882.6,60965
2021-06-21 09:26:48,2882.6,60965
2021-06-21 09:26:49,2881.85,60967
2021-06-21 09:26:50,2881.6,60973
2021-06-21 09:26:51,2881.5,61073
2021-06-21 09:26:52,2881.85,61145
2021-06-21 09:26:53,2880.0,61435
2021-06-21 09:26:54,2879.3,62038
2021-06-21 09:26:55,2878.05,62040
2021-06-21 09:26:57,2878.5,62057
2021-06-21 09:26:58,2878.8,62076
2021-06-21 09:26:59,2878.8,62128
2021-06-21 09:27:00,2878.8,62128
2021-06-21 09:27:01,2879.2,62131
2021-06-21 09:27:02,2879.2,62131
2021-06-21 09:27:03,2879.2,62405
2021-06-21 09:27:04,2880.3,62411
2021-06-21 09:27:05,2882.7,62418
2021-06-21 09:27:06,2882.85,62462
2021-06-21 09:27:07,2882.85,62462
2021-06-21 09:27:08,2882.85,62462
2021-06-21 09:27:09,2882.85,62462
2021-06-21 09:27:10,2882.0,62559
2021-06-21 09:27:11,2880.9,62564
2021-06-21 09:27:12,2880.05,62575
2021-06-21 09:27:13,2881.1,62576
2021-06-21 09:27:14,2880.0,62779
2021-06-21 09:27:15,2880.0,62779
2021-06-21 09:27:17,2880.0,62781
2021-06-21 09:27:18,2878.05,62916
2021-06-21 09:27:19,2878.05,62916
2021-06-21 09:27:20,2878.05,62916
2021-06-21 09:27:21,2880.45,62920
2021-06-21 09:27:22,2880.45,62920
2021-06-21 09:27:23,2880.0,62923
2021-06-21 09:27:24,2880.95,62979
2021-06-21 09:27:27,2882.0,63280
2021-06-21 09:27:29,2882.1,63300
2021-06-21 09:27:30,2882.1,63300
2021-06-21 09:27:31,2882.1,63313
2021-06-21 09:27:32,2881.1,63315
2021-06-21 09:27:33,2881.1,63315
2021-06-21 09:27:34,2881.1,63315
2021-06-21 09:27:35,2881.1,63315
2021-06-21 09:27:36,2882.1,63319
2021-06-21 09:27:37,2882.1,63322
2021-06-21 09:27:38,2882.1,63328
2021-06-21 09:27:39,2882.1,63338
2021-06-21 09:27:40,2882.1,63342
2021-06-21 09:27:41,2882.2,63378
2021-06-21 09:27:42,2882.2,63378
2021-06-21 09:27:43,2880.0,63411
2021-06-21 09:27:44,2880.0,63413
2021-06-21 09:27:45,2880.0,63420
2021-06-21 09:27:46,2880.0,63420
2021-06-21 09:27:47,2880.05,63423
2021-06-21 09:27:48,2880.05,63425
2021-06-21 09:27:49,2880.4,63513
2021-06-21 09:27:50,2881.55,63525
2021-06-21 09:27:51,2881.6,63526
2021-06-21 09:27:52,2881.6,63526
2021-06-21 09:27:53,2881.6,63526
2021-06-21 09:27:54,2882.2,63531
2021-06-21 09:27:55,2882.2,63531
2021-06-21 09:27:56,2878.7,63790
2021-06-21 09:27:57,2878.7,63790
2021-06-21 09:27:58,2881.25,63795
2021-06-21 09:27:59,2881.55,63796
2021-06-21 09:28:00,2881.65,63905
2021-06-21 09:28:01,2881.65,63905
2021-06-21 09:28:02,2881.65,63905
2021-06-21 09:28:03,2882.0,64155
2021-06-21 09:28:04,2882.0,64155
2021-06-21 09:28:05,2882.1,64195
2021-06-21 09:28:07,2883.9,64204
2021-06-21 09:28:07,2883.9,64204
2021-06-21 09:28:09,2882.2,64338
2021-06-21 09:28:11,2884.7,65056
2021-06-21 09:28:12,2881.8,65072
2021-06-21 09:28:13,2883.0,65207
2021-06-21 09:28:14,2881.9,65217
2021-06-21 09:28:14,2881.9,65217
2021-06-21 09:28:15,2881.9,65217
2021-06-21 09:28:16,2881.9,65217
2021-06-21 09:28:17,2881.9,65217
2021-06-21 09:28:18,2885.0,65310
2021-06-21 09:28:19,2885.0,65310
2021-06-21 09:28:20,2885.0,65427
2021-06-21 09:28:21,2887.75,65507
2021-06-21 09:28:22,2888.0,65608
2021-06-21 09:28:23,2887.9,65766
2021-06-21 09:28:24,2887.9,65766
2021-06-21 09:28:25,2886.45,65774
2021-06-21 09:28:26,2887.95,65833
2021-06-21 09:28:27,2887.95,65833
2021-06-21 09:28:28,2887.95,65833
2021-06-21 09:28:29,2887.95,65835
2021-06-21 09:28:30,2887.95,65835
2021-06-21 09:28:31,2888.0,65848
2021-06-21 09:28:32,2888.0,65848
2021-06-21 09:28:33,2887.95,65859
2021-06-21 09:28:34,2888.7,66138
2021-06-21 09:28:35,2887.95,66148
2021-06-21 09:28:36,2887.95,66168
2021-06-21 09:28:37,2887.85,66183
2021-06-21 09:28:39,2886.1,66197
2021-06-21 09:28:40,2887.65,66224
2021-06-21 09:28:41,2887.65,66224
2021-06-21 09:28:42,2886.65,66236
2021-06-21 09:28:43,2886.65,66238
2021-06-21 09:28:44,2885.8,66241
2021-06-21 09:28:45,2885.8,66241
2021-06-21 09:28:46,2887.85,66342
2021-06-21 09:28:47,2887.85,66392
2021-06-21 09:28:48,2886.3,66434
2021-06-21 09:28:49,2887.55,66435
2021-06-21 09:28:50,2887.55,66437
2021-06-21 09:28:51,2886.5,66438
2021-06-21 09:28:52,2886.4,66569
2021-06-21 09:28:53,2886.4,66569
2021-06-21 09:28:54,2886.4,66569
2021-06-21 09:28:55,2886.1,66570
2021-06-21 09:28:56,2886.1,66570
2021-06-21 09:28:57,2886.1,66570
2021-06-21 09:28:58,2886.1,66570
2021-06-21 09:28:59,2886.1,66570
2021-06-21 09:29:00,2886.2,66572
2021-06-21 09:29:01,2886.75,66574
2021-06-21 09:29:02,2886.75,66574
2021-06-21 09:29:03,2886.75,66574
2021-06-21 09:29:04,2886.75,66574
2021-06-21 09:29:05,2887.0,66575
2021-06-21 09:29:06,2887.0,66585
2021-06-21 09:29:07,2885.75,66651
2021-06-21 09:29:08,2885.65,66697
2021-06-21 09:29:09,2885.6,66698
2021-06-21 09:29:10,2883.95,66748
2021-06-21 09:29:11,2883.95,66748
2021-06-21 09:29:12,2883.95,66748
2021-06-21 09:29:13,2883.95,66748
2021-06-21 09:29:14,2885.6,66777
2021-06-21 09:29:15,2885.6,66777
2021-06-21 09:29:16,2884.8,66784
2021-06-21 09:29:17,2886.2,66786
2021-06-21 09:29:18,2886.2,66786
2021-06-21 09:29:19,2886.2,66786
2021-06-21 09:29:20,2885.1,66796
2021-06-21 09:29:21,2886.2,66804
2021-06-21 09:29:22,2883.85,67076
2021-06-21 09:29:23,2884.45,67078
2021-06-21 09:29:24,2884.45,67082
2021-06-21 09:29:25,2885.6,67087
2021-06-21 09:29:26,2885.0,67089
2021-06-21 09:29:27,2887.0,67251
2021-06-21 09:29:28,2887.0,67251
2021-06-21 09:29:29,2886.4,67254
2021-06-21 09:29:30,2886.55,67284
2021-06-21 09:29:31,2887.65,67287
2021-06-21 09:29:32,2887.9,67289
2021-06-21 09:29:33,2886.6,67294
2021-06-21 09:29:34,2886.6,67294
2021-06-21 09:29:35,2886.4,67305
2021-06-21 09:29:36,2886.4,67318
2021-06-21 09:29:40,2887.0,67383
2021-06-21 09:29:41,2887.9,67384
2021-06-21 09:29:42,2887.9,67388
2021-06-21 09:29:43,2887.9,67389
2021-06-21 09:29:44,2887.1,67425
2021-06-21 09:29:45,2887.05,67915
2021-06-21 09:29:47,2886.1,68029
2021-06-21 09:29:48,2886.4,68036
2021-06-21 09:29:49,2886.4,68036
2021-06-21 09:29:50,2886.4,68037
2021-06-21 09:29:51,2887.05,68052
2021-06-21 09:29:52,2887.05,68052
2021-06-21 09:29:53,2887.05,68052
2021-06-21 09:29:54,2887.05,68052
2021-06-21 09:29:55,2887.05,68053
2021-06-21 09:29:57,2887.05,68058
2021-06-21 09:29:58,2886.5,68063
2021-06-21 09:29:59,2887.05,68064
2021-06-21 09:29:59,2886.1,68083
2021-06-21 09:30:00,2887.05,68095
2021-06-21 09:30:01,2887.05,68095
2021-06-21 09:30:02,2887.05,68095
2021-06-21 09:30:03,2887.05,68095
2021-06-21 09:30:04,2886.55,68098
2021-06-21 09:30:05,2887.05,68108
2021-06-21 09:30:07,2886.6,68150
2021-06-21 09:30:07,2886.6,68150
2021-06-21 09:30:10,2886.6,68174
2021-06-21 09:30:11,2886.6,68174
2021-06-21 09:30:12,2886.2,68185
2021-06-21 09:30:13,2886.15,68186
2021-06-21 09:30:14,2886.15,68187
2021-06-21 09:30:14,2886.15,68187
2021-06-21 09:30:15,2886.15,68187
2021-06-21 09:30:16,2885.0,68297
2021-06-21 09:30:17,2885.0,68306
2021-06-21 09:30:18,2885.0,68306
2021-06-21 09:30:19,2885.05,68307
2021-06-21 09:30:20,2883.85,68344
2021-06-21 09:30:21,2883.7,68959
2021-06-21 09:30:22,2882.0,68977
2021-06-21 09:30:23,2880.15,69017
2021-06-21 09:30:25,2880.15,69017
2021-06-21 09:30:25,2880.0,69073
2021-06-21 09:30:26,2880.0,69215
2021-06-21 09:30:27,2880.0,69217
2021-06-21 09:30:28,2880.0,69223
2021-06-21 09:30:29,2880.5,69265
2021-06-21 09:30:30,2880.3,69319
2021-06-21 09:30:31,2880.45,69336
2021-06-21 09:30:32,2879.45,69348
2021-06-21 09:30:33,2880.0,69353
2021-06-21 09:30:34,2879.9,69553
2021-06-21 09:30:35,2879.9,69553
2021-06-21 09:30:36,2879.75,69555
2021-06-21 09:30:37,2878.1,69703
2021-06-21 09:30:38,2878.8,69706
2021-06-21 09:30:39,2878.0,69758
2021-06-21 09:30:40,2877.8,69773
2021-06-21 09:30:41,2877.8,69773
2021-06-21 09:30:42,2877.1,69954
2021-06-21 09:30:43,2877.0,70029
2021-06-21 09:30:44,2876.3,70070
2021-06-21 09:30:45,2876.3,70070
2021-06-21 09:30:46,2876.0,70104
2021-06-21 09:30:49,2876.95,70109
2021-06-21 09:30:49,2876.0,70110
2021-06-21 09:30:50,2876.95,70140
2021-06-21 09:30:51,2876.95,70140
2021-06-21 09:30:52,2876.95,70140
2021-06-21 09:30:53,2876.15,70190
2021-06-21 09:30:54,2876.95,70193
2021-06-21 09:30:55,2876.95,70196
2021-06-21 09:30:56,2876.95,70196
2021-06-21 09:30:57,2876.95,70196
2021-06-21 09:30:58,2875.7,70219
2021-06-21 09:30:59,2876.95,70229
2021-06-21 09:31:00,2876.95,70229
2021-06-21 09:31:02,2876.95,70233
2021-06-21 09:31:04,2876.95,70244
2021-06-21 09:31:04,2876.95,70244
2021-06-21 09:31:05,2876.0,70271
2021-06-21 09:31:06,2876.0,70301
2021-06-21 09:31:07,2876.0,70301
2021-06-21 09:31:08,2876.95,70311
2021-06-21 09:31:09,2876.95,70311
2021-06-21 09:31:10,2876.95,70311
2021-06-21 09:31:11,2876.95,70327
2021-06-21 09:31:12,2876.95,70327
2021-06-21 09:31:14,2876.95,70346
2021-06-21 09:31:15,2876.1,70348
2021-06-21 09:31:16,2876.0,70395
2021-06-21 09:31:17,2876.45,70404
2021-06-21 09:31:17,2875.5,70412
2021-06-21 09:31:19,2876.1,70417
2021-06-21 09:31:20,2875.1,70429
2021-06-21 09:31:21,2875.1,70429
2021-06-21 09:31:22,2876.1,70450
2021-06-21 09:31:23,2876.1,70452
2021-06-21 09:31:24,2876.05,70477
2021-06-21 09:31:25,2876.05,70477
2021-06-21 09:31:26,2876.05,70482
2021-06-21 09:31:27,2876.05,70485
2021-06-21 09:31:28,2876.05,70489
2021-06-21 09:31:29,2875.1,70490
2021-06-21 09:31:30,2875.5,70785
2021-06-21 09:31:31,2873.6,70803
2021-06-21 09:31:32,2873.0,70834
2021-06-21 09:31:33,2872.85,70989
2021-06-21 09:31:34,2871.15,71002
2021-06-21 09:31:35,2871.15,71003
2021-06-21 09:31:36,2871.1,71006
2021-06-21 09:31:37,2871.0,71077
2021-06-21 09:31:37,2871.0,71077
2021-06-21 09:31:38,2872.6,71096
2021-06-21 09:31:39,2872.6,71096
2021-06-21 09:31:40,2872.6,71096
2021-06-21 09:31:41,2872.6,71178
2021-06-21 09:31:42,2871.15,71201
2021-06-21 09:31:43,2873.45,71411
2021-06-21 09:31:44,2874.6,71423
2021-06-21 09:31:45,2873.25,71445
2021-06-21 09:31:46,2874.7,71513
2021-06-21 09:31:47,2873.3,71516
2021-06-21 09:31:48,2874.7,71616
2021-06-21 09:31:49,2873.4,71618
2021-06-21 09:31:50,2873.4,71620
2021-06-21 09:31:51,2874.7,71623
2021-06-21 09:31:52,2874.7,71641
2021-06-21 09:31:53,2874.7,71641
2021-06-21 09:31:54,2874.65,71712
2021-06-21 09:31:55,2874.45,71717
2021-06-21 09:31:56,2875.0,71721
2021-06-21 09:31:57,2875.0,71721
2021-06-21 09:31:58,2875.0,71732
2021-06-21 09:31:59,2874.85,71733
2021-06-21 09:32:00,2873.65,71775
2021-06-21 09:32:01,2873.7,71800
2021-06-21 09:32:02,2873.5,71854
2021-06-21 09:32:03,2873.05,71860
2021-06-21 09:32:04,2874.5,71866
2021-06-21 09:32:05,2874.5,71872
2021-06-21 09:32:06,2874.5,71922
2021-06-21 09:32:07,2874.5,71922
2021-06-21 09:32:09,2873.65,71957
2021-06-21 09:32:09,2873.6,71967
2021-06-21 09:32:10,2874.65,71986
2021-06-21 09:32:12,2874.65,71987
2021-06-21 09:32:13,2874.65,71988
2021-06-21 09:32:13,2874.65,71988
2021-06-21 09:32:15,2874.0,71989
2021-06-21 09:32:16,2874.0,71989
2021-06-21 09:32:17,2874.65,72003
2021-06-21 09:32:18,2874.75,72053
2021-06-21 09:32:18,2874.75,72053
2021-06-21 09:32:19,2875.1,72156
2021-06-21 09:32:20,2875.1,72162
2021-06-21 09:32:21,2876.5,72166
2021-06-21 09:32:23,2876.5,72166
2021-06-21 09:32:24,2876.75,72180
2021-06-21 09:32:25,2876.75,72180
2021-06-21 09:32:26,2876.85,72202
2021-06-21 09:32:27,2876.85,72206
2021-06-21 09:32:28,2875.5,72256
2021-06-21 09:32:28,2875.5,72256
2021-06-21 09:32:29,2876.6,72258
2021-06-21 09:32:30,2876.6,72278
2021-06-21 09:32:32,2876.6,72282
2021-06-21 09:32:34,2876.6,72283
2021-06-21 09:32:36,2876.6,72330
2021-06-21 09:32:37,2876.6,72393
2021-06-21 09:32:38,2876.65,72397
2021-06-21 09:32:38,2876.65,72397
2021-06-21 09:32:39,2876.65,72397
2021-06-21 09:32:40,2876.8,72422
2021-06-21 09:32:42,2875.95,72479
2021-06-21 09:32:43,2875.95,72479
2021-06-21 09:32:44,2874.75,72493
2021-06-21 09:32:45,2873.0,72642
2021-06-21 09:32:46,2872.0,72717
2021-06-21 09:32:47,2872.0,72746
2021-06-21 09:32:47,2872.0,72746
2021-06-21 09:32:50,2873.6,72789
2021-06-21 09:32:51,2872.15,72814
2021-06-21 09:32:52,2872.15,72847
2021-06-21 09:32:52,2873.0,72897
2021-06-21 09:32:54,2873.15,72907
2021-06-21 09:32:55,2873.7,73157
2021-06-21 09:32:56,2873.75,73173
2021-06-21 09:32:57,2873.75,73173
2021-06-21 09:32:58,2873.75,73192
2021-06-21 09:32:58,2873.75,73192
2021-06-21 09:32:59,2873.75,73192
2021-06-21 09:33:00,2873.15,73215
2021-06-21 09:33:01,2874.0,73256
2021-06-21 09:33:03,2874.0,73259
2021-06-21 09:33:04,2875.05,73279
2021-06-21 09:33:05,2874.1,73299
2021-06-21 09:33:06,2875.05,73462
2021-06-21 09:33:07,2875.05,73462
2021-06-21 09:33:08,2875.05,73521
2021-06-21 09:33:09,2875.05,73522
2021-06-21 09:33:10,2874.7,73545
2021-06-21 09:33:11,2875.05,73549
2021-06-21 09:33:12,2877.95,73687
2021-06-21 09:33:13,2876.3,73706
2021-06-21 09:33:14,2877.9,73913
2021-06-21 09:33:15,2877.0,73932
2021-06-21 09:33:16,2877.0,73937
2021-06-21 09:33:16,2875.85,73942
2021-06-21 09:33:19,2875.2,73957
2021-06-21 09:33:20,2875.2,74015
2021-06-21 09:33:21,2875.2,74015
2021-06-21 09:33:21,2875.2,74015
2021-06-21 09:33:22,2875.3,74036
2021-06-21 09:33:23,2874.75,74043
2021-06-21 09:33:25,2876.0,74048
2021-06-21 09:33:26,2875.95,74050
2021-06-21 09:33:27,2874.75,74065
2021-06-21 09:33:28,2875.95,74092
2021-06-21 09:33:29,2875.95,74092
2021-06-21 09:33:30,2876.0,74113
2021-06-21 09:33:31,2876.0,74113
2021-06-21 09:33:33,2876.0,74118
2021-06-21 09:33:35,2876.0,74181
2021-06-21 09:33:36,2876.0,74190
2021-06-21 09:33:37,2876.0,74228
2021-06-21 09:33:38,2875.95,74408
2021-06-21 09:33:39,2874.0,74489
2021-06-21 09:33:40,2874.0,74489
2021-06-21 09:33:41,2875.0,74493
2021-06-21 09:33:41,2875.0,74493
2021-06-21 09:33:43,2874.3,74505
2021-06-21 09:33:45,2874.0,74512
2021-06-21 09:33:46,2874.1,74696
2021-06-21 09:33:47,2873.05,74698
2021-06-21 09:33:48,2873.0,74715
2021-06-21 09:33:49,2873.0,74740
2021-06-21 09:33:50,2874.05,74741
2021-06-21 09:33:51,2874.05,74741
2021-06-21 09:33:52,2874.05,74752
2021-06-21 09:33:53,2874.05,74772
2021-06-21 09:33:54,2874.05,74793
2021-06-21 09:33:55,2874.05,74806
2021-06-21 09:33:56,2874.05,74806
2021-06-21 09:33:57,2873.0,74904
2021-06-21 09:33:58,2872.0,74907
2021-06-21 09:33:59,2873.6,75259
2021-06-21 09:33:59,2873.6,75259
2021-06-21 09:34:00,2873.3,75266
2021-06-21 09:34:01,2874.0,75556
2021-06-21 09:34:02,2872.4,75623
2021-06-21 09:34:04,2872.4,75623
2021-06-21 09:34:05,2872.4,75623
2021-06-21 09:34:06,2872.4,75678
2021-06-21 09:34:06,2872.0,75724
2021-06-21 09:34:07,2871.1,76029
2021-06-21 09:34:08,2870.25,76147
2021-06-21 09:34:09,2871.6,76157
2021-06-21 09:34:10,2871.45,76199
2021-06-21 09:34:12,2871.45,76199
2021-06-21 09:34:14,2871.6,76225
2021-06-21 09:34:15,2871.6,76227
2021-06-21 09:34:16,2871.6,76231
2021-06-21 09:34:17,2871.6,76231
2021-06-21 09:34:18,2871.5,76271
2021-06-21 09:34:19,2869.0,77634
2021-06-21 09:34:20,2868.95,77792
2021-06-21 09:34:20,2868.95,77792
2021-06-21 09:34:21,2867.45,78060
2021-06-21 09:34:22,2866.95,78099
2021-06-21 09:34:24,2866.0,78273
2021-06-21 09:34:25,2865.75,78420
2021-06-21 09:34:26,2867.05,78489
2021-06-21 09:34:27,2865.55,78519
2021-06-21 09:34:27,2865.55,78519
2021-06-21 09:34:28,2867.05,78529
2021-06-21 09:34:29,2867.05,78535
2021-06-21 09:34:30,2867.05,78535
2021-06-21 09:34:32,2866.05,78737
2021-06-21 09:34:33,2867.05,78782
2021-06-21 09:34:34,2867.05,78802
2021-06-21 09:34:35,2867.05,78802
2021-06-21 09:34:36,2867.1,78826
2021-06-21 09:34:37,2867.4,78827
2021-06-21 09:34:38,2867.45,78887
2021-06-21 09:34:39,2867.45,78897
2021-06-21 09:34:40,2869.85,78944
2021-06-21 09:34:41,2869.75,78948
2021-06-21 09:34:42,2869.5,78982
2021-06-21 09:34:42,2869.5,78987
2021-06-21 09:34:43,2869.55,79042
2021-06-21 09:34:45,2869.6,79060
2021-06-21 09:34:46,2868.4,79082
2021-06-21 09:34:47,2869.5,79085
2021-06-21 09:34:48,2870.0,79110
2021-06-21 09:34:49,2869.85,79115
2021-06-21 09:34:50,2869.7,79164
2021-06-21 09:34:51,2869.7,79168
2021-06-21 09:34:52,2869.7,79168
2021-06-21 09:34:53,2869.7,79168
2021-06-21 09:34:53,2869.7,79168
2021-06-21 09:34:54,2869.7,79218
2021-06-21 09:34:57,2869.65,79319
2021-06-21 09:34:58,2869.7,79421
2021-06-21 09:34:59,2870.25,79451
2021-06-21 09:35:00,2870.05,79456
2021-06-21 09:35:01,2870.05,79461
2021-06-21 09:35:02,2870.05,79462
2021-06-21 09:35:03,2870.05,79462
2021-06-21 09:35:04,2870.6,79465
2021-06-21 09:35:05,2869.9,80009
2021-06-21 09:35:06,2869.15,80186
2021-06-21 09:35:07,2869.15,80186
2021-06-21 09:35:08,2869.15,80196
2021-06-21 09:35:09,2869.15,80221
2021-06-21 09:35:10,2869.15,80221
2021-06-21 09:35:11,2869.15,80221
2021-06-21 09:35:12,2869.5,80266
2021-06-21 09:35:13,2869.15,80281
2021-06-21 09:35:14,2869.55,80315
2021-06-21 09:35:15,2869.55,80328
2021-06-21 09:35:15,2869.1,80708
2021-06-21 09:35:17,2871.15,80723
2021-06-21 09:35:18,2871.15,80723
2021-06-21 09:35:19,2871.15,80723
2021-06-21 09:35:20,2869.85,80742
2021-06-21 09:35:22,2870.65,80808
2021-06-21 09:35:23,2869.9,80813
2021-06-21 09:35:24,2868.5,80828
2021-06-21 09:35:25,2869.85,80938
2021-06-21 09:35:26,2870.1,80966
2021-06-21 09:35:27,2869.9,80986
2021-06-21 09:35:27,2869.9,80986
2021-06-21 09:35:28,2869.9,80986
2021-06-21 09:35:30,2870.1,81006
2021-06-21 09:35:32,2870.0,81192
2021-06-21 09:35:33,2870.1,81208
2021-06-21 09:35:34,2870.1,81208
2021-06-21 09:35:35,2869.9,81221
2021-06-21 09:35:37,2870.55,81247
2021-06-21 09:35:39,2870.6,81274
2021-06-21 09:35:40,2870.6,81274
2021-06-21 09:35:41,2870.1,81302
2021-06-21 09:35:41,2870.1,81302
2021-06-21 09:35:43,2870.6,81303
2021-06-21 09:35:44,2871.1,81369
2021-06-21 09:35:44,2871.1,81369
2021-06-21 09:35:45,2870.75,81424
2021-06-21 09:35:47,2871.6,81443
2021-06-21 09:35:48,2871.6,81443
2021-06-21 09:35:49,2871.6,81443
2021-06-21 09:35:50,2871.6,81449
2021-06-21 09:35:51,2871.6,81454
2021-06-21 09:35:52,2872.0,81484
2021-06-21 09:35:53,2872.0,81484
2021-06-21 09:35:54,2872.0,81486
2021-06-21 09:35:54,2872.0,81486
2021-06-21 09:35:55,2872.0,81486
2021-06-21 09:35:57,2871.35,81521
2021-06-21 09:35:58,2870.95,81529
2021-06-21 09:35:59,2871.35,81554
2021-06-21 09:36:00,2871.35,81554
2021-06-21 09:36:02,2871.35,81559
2021-06-21 09:36:03,2871.35,81559
2021-06-21 09:36:04,2871.35,81559
2021-06-21 09:36:05,2871.35,81559
2021-06-21 09:36:06,2871.4,81563
2021-06-21 09:36:07,2871.4,81630
2021-06-21 09:36:08,2871.4,81630
2021-06-21 09:36:09,2871.05,81633
2021-06-21 09:36:10,2871.4,81662
2021-06-21 09:36:11,2871.4,81667
2021-06-21 09:36:12,2871.6,81697
2021-06-21 09:36:14,2871.6,81697
2021-06-21 09:36:15,2871.6,81708
2021-06-21 09:36:17,2871.4,81737
2021-06-21 09:36:18,2871.7,81757
2021-06-21 09:36:19,2871.7,81758
2021-06-21 09:36:20,2871.7,81758
2021-06-21 09:36:21,2871.7,81758
2021-06-21 09:36:21,2871.7,81758
2021-06-21 09:36:23,2872.0,81870
2021-06-21 09:36:24,2872.0,81887
2021-06-21 09:36:25,2871.6,81899
2021-06-21 09:36:26,2871.6,81923
2021-06-21 09:36:27,2872.0,81969
2021-06-21 09:36:28,2872.0,81976
2021-06-21 09:36:29,2871.6,81981
2021-06-21 09:36:30,2871.95,82022
2021-06-21 09:36:31,2871.95,82022
2021-06-21 09:36:32,2871.95,82022
2021-06-21 09:36:33,2871.6,82060
2021-06-21 09:36:34,2870.6,82108
2021-06-21 09:36:35,2871.25,82128
2021-06-21 09:36:36,2871.5,82133
2021-06-21 09:36:37,2871.5,82133
2021-06-21 09:36:39,2871.15,82140
2021-06-21 09:36:40,2870.5,82597
2021-06-21 09:36:41,2870.95,82697
2021-06-21 09:36:42,2870.85,82771
2021-06-21 09:36:43,2870.85,82771
2021-06-21 09:36:44,2870.85,82771
2021-06-21 09:36:45,2870.9,82772
2021-06-21 09:36:46,2870.9,82792
2021-06-21 09:36:47,2870.0,82878
2021-06-21 09:36:48,2870.7,82963
2021-06-21 09:36:49,2869.25,82968
2021-06-21 09:36:50,2870.7,82992
2021-06-21 09:36:51,2870.0,83010
2021-06-21 09:36:52,2870.0,83010
2021-06-21 09:36:53,2870.7,83011
2021-06-21 09:36:54,2870.4,83046
2021-06-21 09:36:55,2869.05,83346
2021-06-21 09:36:56,2869.05,83346
2021-06-21 09:36:57,2869.05,83346
2021-06-21 09:36:58,2870.8,83420
2021-06-21 09:36:59,2870.8,83429
2021-06-21 09:37:00,2871.6,83646
2021-06-21 09:37:01,2873.2,83649
2021-06-21 09:37:02,2873.2,83653
2021-06-21 09:37:03,2871.75,83678
2021-06-21 09:37:04,2871.75,83678
2021-06-21 09:37:05,2872.75,83683
2021-06-21 09:37:06,2872.75,83706
2021-06-21 09:37:07,2872.75,83711
2021-06-21 09:37:08,2872.75,83711
2021-06-21 09:37:09,2871.8,83736
2021-06-21 09:37:10,2871.8,83736
2021-06-21 09:37:11,2871.8,83736
2021-06-21 09:37:12,2871.65,83766
2021-06-21 09:37:13,2871.65,83766
2021-06-21 09:37:14,2872.75,83889
2021-06-21 09:37:15,2872.75,83921
2021-06-21 09:37:16,2873.1,83930
2021-06-21 09:37:17,2873.1,83930
2021-06-21 09:37:18,2873.1,83930
2021-06-21 09:37:19,2872.75,84068
2021-06-21 09:37:20,2872.75,84068
2021-06-21 09:37:22,2873.1,84092
2021-06-21 09:37:23,2873.05,84102
2021-06-21 09:37:24,2873.05,84102
2021-06-21 09:37:26,2873.25,84108
2021-06-21 09:37:27,2872.75,84202
2021-06-21 09:37:28,2873.3,84252
2021-06-21 09:37:29,2873.3,84252
2021-06-21 09:37:30,2873.2,84307
2021-06-21 09:37:31,2873.25,84316
2021-06-21 09:37:32,2873.25,84316
2021-06-21 09:37:33,2873.25,84316
2021-06-21 09:37:34,2873.25,84316
2021-06-21 09:37:35,2873.25,84332
2021-06-21 09:37:36,2873.3,84341
2021-06-21 09:37:37,2873.3,84341
2021-06-21 09:37:38,2873.25,84380
2021-06-21 09:37:39,2875.2,84883
2021-06-21 09:37:40,2873.25,84943
2021-06-21 09:37:41,2873.3,84945
2021-06-21 09:37:42,2874.55,85042
2021-06-21 09:37:43,2874.55,85049
2021-06-21 09:37:44,2874.55,85052
2021-06-21 09:37:45,2874.55,85052
2021-06-21 09:37:46,2874.8,85076
2021-06-21 09:37:47,2874.9,85087
2021-06-21 09:37:48,2874.9,85137
2021-06-21 09:37:49,2874.9,85137
2021-06-21 09:37:50,2874.9,85139
2021-06-21 09:37:51,2874.95,85144
2021-06-21 09:37:52,2874.6,85164
2021-06-21 09:37:53,2874.6,85164
2021-06-21 09:37:54,2874.95,85183
2021-06-21 09:37:55,2874.95,85183
2021-06-21 09:37:56,2874.65,85217
2021-06-21 09:37:57,2874.65,85217
2021-06-21 09:37:58,2874.5,85218
2021-06-21 09:37:59,2873.75,85290
2021-06-21 09:38:00,2873.75,85290
2021-06-21 09:38:01,2875.0,85305
2021-06-21 09:38:02,2874.0,85347
2021-06-21 09:38:03,2874.0,85347
2021-06-21 09:38:04,2874.0,85347
2021-06-21 09:38:05,2874.0,85347
2021-06-21 09:38:06,2875.0,85351
2021-06-21 09:38:07,2875.0,85351
2021-06-21 09:38:08,2874.1,85456
2021-06-21 09:38:09,2874.1,85456
2021-06-21 09:38:10,2875.2,85478
2021-06-21 09:38:11,2875.1,85485
2021-06-21 09:38:12,2875.1,85485
2021-06-21 09:38:13,2875.1,85485
2021-06-21 09:38:14,2875.1,85485
2021-06-21 09:38:15,2875.1,85485
2021-06-21 09:38:16,2873.45,85685
2021-06-21 09:38:17,2875.1,85689
2021-06-21 09:38:18,2875.1,85711
2021-06-21 09:38:19,2875.1,85718
2021-06-21 09:38:21,2875.1,85724
2021-06-21 09:38:23,2875.1,85734
2021-06-21 09:38:24,2875.1,85734
2021-06-21 09:38:25,2875.1,85734
2021-06-21 09:38:26,2875.1,85762
2021-06-21 09:38:27,2875.1,85762
2021-06-21 09:38:28,2875.1,85815
2021-06-21 09:38:29,2875.1,85815
2021-06-21 09:38:30,2875.05,85822
2021-06-21 09:38:31,2875.1,85861
2021-06-21 09:38:33,2875.0,85869
2021-06-21 09:38:34,2875.0,85986
2021-06-21 09:38:35,2874.6,86032
2021-06-21 09:38:36,2875.0,86037
2021-06-21 09:38:37,2875.0,86085
2021-06-21 09:38:38,2875.3,86401
2021-06-21 09:38:39,2875.0,86405
2021-06-21 09:38:40,2875.0,86405
2021-06-21 09:38:41,2875.3,86466
2021-06-21 09:38:42,2875.3,86478
2021-06-21 09:38:43,2875.3,86478
2021-06-21 09:38:44,2875.3,86478
2021-06-21 09:38:45,2875.3,86478
2021-06-21 09:38:46,2875.3,86482
2021-06-21 09:38:47,2875.3,86491
2021-06-21 09:38:48,2875.3,86514
2021-06-21 09:38:49,2875.4,86663
2021-06-21 09:38:50,2875.4,86733
2021-06-21 09:38:51,2875.4,86789
2021-06-21 09:38:52,2875.4,86790
2021-06-21 09:38:53,2875.35,86791
2021-06-21 09:38:54,2875.35,86792
2021-06-21 09:38:55,2875.75,86980
2021-06-21 09:38:56,2876.9,86981
2021-06-21 09:38:57,2876.9,86981
2021-06-21 09:38:58,2876.85,87000
2021-06-21 09:38:59,2876.9,87002
2021-06-21 09:39:01,2876.9,87002
2021-06-21 09:39:02,2877.0,87016
2021-06-21 09:39:02,2877.0,87016
2021-06-21 09:39:03,2877.0,87016
2021-06-21 09:39:04,2877.2,87030
2021-06-21 09:39:05,2877.2,87059
2021-06-21 09:39:06,2877.05,87134
2021-06-21 09:39:07,2877.0,87230
2021-06-21 09:39:08,2877.0,87230
2021-06-21 09:39:10,2878.0,87232
2021-06-21 09:39:11,2878.0,87232
2021-06-21 09:39:12,2878.0,87232
2021-06-21 09:39:13,2878.4,87403
2021-06-21 09:39:14,2878.0,87407
2021-06-21 09:39:15,2878.4,87408
2021-06-21 09:39:17,2879.2,87447
2021-06-21 09:39:18,2879.2,87447
2021-06-21 09:39:19,2879.2,87462
2021-06-21 09:39:20,2879.2,87462
2021-06-21 09:39:21,2879.2,87490
2021-06-21 09:39:22,2878.0,87573
2021-06-21 09:39:23,2879.1,87578
2021-06-21 09:39:24,2879.25,87590
2021-06-21 09:39:25,2879.25,87590
2021-06-21 09:39:26,2879.25,87592
2021-06-21 09:39:27,2879.25,87592
2021-06-21 09:39:28,2878.8,87614
2021-06-21 09:39:29,2878.8,87614
2021-06-21 09:39:30,2879.25,87626
2021-06-21 09:39:31,2880.0,87684
2021-06-21 09:39:32,2880.0,87695
2021-06-21 09:39:33,2880.0,87695
2021-06-21 09:39:34,2879.6,87760
2021-06-21 09:39:36,2879.35,87809
2021-06-21 09:39:37,2879.3,87811
2021-06-21 09:39:38,2879.35,87830
2021-06-21 09:39:39,2879.35,87857
2021-06-21 09:39:40,2879.25,87867
2021-06-21 09:39:41,2879.3,87985
2021-06-21 09:39:42,2879.3,87985
2021-06-21 09:39:43,2879.3,87985
2021-06-21 09:39:44,2878.05,87990
2021-06-21 09:39:45,2879.25,87994
2021-06-21 09:39:46,2879.35,88016
2021-06-21 09:39:47,2878.0,88076
2021-06-21 09:39:48,2878.0,88076
2021-06-21 09:39:49,2879.3,88083
2021-06-21 09:39:50,2879.3,88084
2021-06-21 09:39:51,2879.3,88090
2021-06-21 09:39:52,2879.35,88190
2021-06-21 09:39:53,2879.35,88190
2021-06-21 09:39:54,2878.0,88307
2021-06-21 09:39:55,2878.3,88421
2021-06-21 09:39:56,2878.3,88421
2021-06-21 09:39:57,2878.9,88462
2021-06-21 09:39:58,2878.9,88462
2021-06-21 09:39:59,2878.9,88465
2021-06-21 09:40:00,2878.9,88470
2021-06-21 09:40:01,2878.9,88508
2021-06-21 09:40:02,2878.95,88524
2021-06-21 09:40:03,2878.95,88524
2021-06-21 09:40:04,2878.95,88525
2021-06-21 09:40:06,2879.0,88639
2021-06-21 09:40:07,2879.0,88639
2021-06-21 09:40:08,2879.0,88639
2021-06-21 09:40:09,2879.0,88639
2021-06-21 09:40:10,2879.0,88661
2021-06-21 09:40:11,2879.0,88671
2021-06-21 09:40:13,2879.0,88683
2021-06-21 09:40:13,2878.0,88686
2021-06-21 09:40:14,2878.0,88686
2021-06-21 09:40:15,2878.0,88686
2021-06-21 09:40:16,2878.85,88689
2021-06-21 09:40:17,2878.85,88694
2021-06-21 09:40:18,2878.85,88736
2021-06-21 09:40:19,2878.85,88736
2021-06-21 09:40:20,2878.85,88736
2021-06-21 09:40:21,2878.85,88756
2021-06-21 09:40:22,2878.85,88756
2021-06-21 09:40:23,2878.85,88756
2021-06-21 09:40:24,2878.85,88759
2021-06-21 09:40:25,2878.85,88759
2021-06-21 09:40:26,2878.85,88784
2021-06-21 09:40:27,2878.85,88784
2021-06-21 09:40:28,2878.85,88784
2021-06-21 09:40:29,2879.95,89090
2021-06-21 09:40:30,2881.15,89262
2021-06-21 09:40:31,2881.15,89297
2021-06-21 09:40:32,2881.15,89299
2021-06-21 09:40:33,2881.15,89299
2021-06-21 09:40:34,2880.5,89300
2021-06-21 09:40:35,2880.15,89313
2021-06-21 09:40:36,2880.5,89318
2021-06-21 09:40:37,2880.5,89318
2021-06-21 09:40:38,2880.5,89318
2021-06-21 09:40:39,2880.5,89318
2021-06-21 09:40:41,2880.6,89369
2021-06-21 09:40:42,2880.75,89381
2021-06-21 09:40:43,2880.75,89381
2021-06-21 09:40:44,2880.8,89411
2021-06-21 09:40:45,2880.8,89412
2021-06-21 09:40:47,2881.0,89439
2021-06-21 09:40:49,2880.75,89488
2021-06-21 09:40:50,2881.0,89491
2021-06-21 09:40:51,2880.5,89499
2021-06-21 09:40:52,2877.4,90877
2021-06-21 09:40:53,2878.9,90913
2021-06-21 09:40:54,2878.9,90913
2021-06-21 09:40:55,2878.9,90913
2021-06-21 09:40:56,2878.0,90917
2021-06-21 09:40:57,2878.0,90917
2021-06-21 09:41:01,2879.05,91134
2021-06-21 09:41:02,2879.05,91146
2021-06-21 09:41:03,2879.05,91156
2021-06-21 09:41:04,2879.05,91157
2021-06-21 09:41:05,2878.9,91158
2021-06-21 09:41:06,2879.1,91184
2021-06-21 09:41:07,2877.4,91484
2021-06-21 09:41:08,2877.4,91484
2021-06-21 09:41:09,2877.4,91484
2021-06-21 09:41:10,2877.4,91484
2021-06-21 09:41:11,2877.4,91484
2021-06-21 09:41:11,2877.4,91484
2021-06-21 09:41:12,2879.05,91490
2021-06-21 09:41:13,2878.05,91541
2021-06-21 09:41:15,2880.0,91627
2021-06-21 09:41:16,2881.35,91886
2021-06-21 09:41:17,2881.35,91886
2021-06-21 09:41:18,2881.35,91886
2021-06-21 09:41:19,2881.35,91886
2021-06-21 09:41:20,2881.35,91886
2021-06-21 09:41:21,2883.25,92282
2021-06-21 09:41:22,2883.25,92282
2021-06-21 09:41:23,2883.25,92282
2021-06-21 09:41:24,2883.65,92285
2021-06-21 09:41:25,2883.45,92286
2021-06-21 09:41:26,2883.55,92291
2021-06-21 09:41:27,2883.55,92291
2021-06-21 09:41:28,2882.0,92301
2021-06-21 09:41:31,2883.65,92329
2021-06-21 09:41:32,2884.0,92341
2021-06-21 09:41:33,2883.65,92434
2021-06-21 09:41:34,2883.65,92434
2021-06-21 09:41:35,2883.6,92497
2021-06-21 09:41:36,2883.6,92601
2021-06-21 09:41:37,2883.6,92601
2021-06-21 09:41:38,2882.4,92631
2021-06-21 09:41:39,2882.4,92631
2021-06-21 09:41:40,2882.4,92631
2021-06-21 09:41:41,2883.6,92643
2021-06-21 09:41:42,2882.55,92644
2021-06-21 09:41:43,2883.0,92649
2021-06-21 09:41:44,2883.0,92650
2021-06-21 09:41:45,2883.0,92650
2021-06-21 09:41:46,2883.0,92653
2021-06-21 09:41:48,2883.0,92653
2021-06-21 09:41:48,2883.0,92653
2021-06-21 09:41:49,2883.0,92680
2021-06-21 09:41:50,2883.0,92707
2021-06-21 09:41:51,2883.0,92707
2021-06-21 09:41:52,2883.0,92707
2021-06-21 09:41:53,2883.25,92808
2021-06-21 09:41:54,2883.2,92959
2021-06-21 09:41:55,2883.2,92959
2021-06-21 09:41:56,2883.3,92963
2021-06-21 09:41:57,2883.3,92968
2021-06-21 09:41:59,2884.1,93299
2021-06-21 09:42:00,2884.1,93299
2021-06-21 09:42:01,2885.0,93342
2021-06-21 09:42:02,2885.0,93343
2021-06-21 09:42:03,2885.0,93344
2021-06-21 09:42:04,2883.5,93358
2021-06-21 09:42:05,2883.5,93360
2021-06-21 09:42:06,2885.0,93364
2021-06-21 09:42:07,2885.0,93364
2021-06-21 09:42:08,2885.0,93364
2021-06-21 09:42:10,2885.0,93391
2021-06-21 09:42:11,2885.65,93812
2021-06-21 09:42:12,2886.7,93836
2021-06-21 09:42:13,2887.0,93848
2021-06-21 09:42:14,2887.0,93884
2021-06-21 09:42:15,2885.9,93984
2021-06-21 09:42:17,2887.0,94028
2021-06-21 09:42:17,2887.0,94131
2021-06-21 09:42:18,2887.0,94131
2021-06-21 09:42:19,2889.0,95071
2021-06-21 09:42:20,2888.9,95096
2021-06-21 09:42:21,2887.65,95135
2021-06-21 09:42:22,2887.65,95135
2021-06-21 09:42:23,2887.65,95135
2021-06-21 09:42:24,2887.65,95135
2021-06-21 09:42:25,2888.9,95149
2021-06-21 09:42:26,2888.9,95152
2021-06-21 09:42:28,2888.9,95152
2021-06-21 09:42:29,2888.9,95162
2021-06-21 09:42:30,2888.9,95164
2021-06-21 09:42:31,2888.9,95298
2021-06-21 09:42:32,2887.9,95307
2021-06-21 09:42:33,2888.9,95357
2021-06-21 09:42:34,2888.9,95357
2021-06-21 09:42:35,2888.0,95358
2021-06-21 09:42:36,2888.85,95362
2021-06-21 09:42:37,2888.0,95458
2021-06-21 09:42:38,2887.9,95493
2021-06-21 09:42:39,2887.9,95493
2021-06-21 09:42:40,2887.9,95493
2021-06-21 09:42:41,2887.9,95493
2021-06-21 09:42:42,2888.0,95565
2021-06-21 09:42:43,2888.25,95704
2021-06-21 09:42:44,2887.9,95816
2021-06-21 09:42:45,2887.9,95816
2021-06-21 09:42:46,2888.35,95856
2021-06-21 09:42:47,2888.35,95856
2021-06-21 09:42:48,2888.35,95856
2021-06-21 09:42:49,2888.35,95856
2021-06-21 09:42:50,2888.35,95856
2021-06-21 09:42:51,2888.6,95899
2021-06-21 09:42:52,2888.9,96034
2021-06-21 09:42:53,2888.9,96034
2021-06-21 09:42:54,2888.9,96034
2021-06-21 09:42:56,2888.9,96070
2021-06-21 09:42:57,2888.9,96094
2021-06-21 09:42:58,2888.9,96100
2021-06-21 09:42:58,2888.4,96104
2021-06-21 09:43:00,2888.4,96104
2021-06-21 09:43:01,2888.9,96143
2021-06-21 09:43:01,2888.9,96146
2021-06-21 09:43:03,2888.9,96152
2021-06-21 09:43:04,2888.9,96164
2021-06-21 09:43:05,2888.9,96165
2021-06-21 09:43:06,2888.9,96170
2021-06-21 09:43:08,2888.55,96173
2021-06-21 09:43:10,2888.55,96178
2021-06-21 09:43:12,2888.55,96214
2021-06-21 09:43:13,2888.55,96214
2021-06-21 09:43:14,2888.55,96215
2021-06-21 09:43:15,2888.55,96469
2021-06-21 09:43:16,2888.75,96479
2021-06-21 09:43:17,2888.9,96587
2021-06-21 09:43:18,2888.85,96614
2021-06-21 09:43:20,2888.9,96757
2021-06-21 09:43:20,2888.9,96757
2021-06-21 09:43:21,2888.9,96766
2021-06-21 09:43:23,2887.95,96776
2021-06-21 09:43:24,2888.55,96796
2021-06-21 09:43:26,2888.55,96916
2021-06-21 09:43:27,2888.9,96922
2021-06-21 09:43:27,2888.9,96922
2021-06-21 09:43:28,2888.9,96922
2021-06-21 09:43:29,2888.9,96923
2021-06-21 09:43:30,2888.9,96924
2021-06-21 09:43:31,2888.9,96928
2021-06-21 09:43:32,2888.9,96928
2021-06-21 09:43:33,2888.9,96928
2021-06-21 09:43:34,2888.9,96941
2021-06-21 09:43:35,2888.9,96941
2021-06-21 09:43:36,2888.9,96944
2021-06-21 09:43:37,2888.7,96956
2021-06-21 09:43:38,2888.7,96956
2021-06-21 09:43:39,2888.75,96990
2021-06-21 09:43:40,2888.55,97000
2021-06-21 09:43:42,2888.55,97000
2021-06-21 09:43:47,2888.9,97185
2021-06-21 09:43:48,2888.9,97185
2021-06-21 09:43:48,2888.9,97186
2021-06-21 09:43:51,2888.7,97211
2021-06-21 09:43:51,2888.7,97211
2021-06-21 09:43:53,2888.65,97283
2021-06-21 09:43:54,2888.65,97283
2021-06-21 09:43:55,2888.55,97332
2021-06-21 09:43:56,2888.0,97436
2021-06-21 09:43:57,2887.8,97457
2021-06-21 09:43:57,2887.8,97457
2021-06-21 09:43:59,2887.8,97457
2021-06-21 09:44:00,2888.0,97462
2021-06-21 09:44:01,2886.9,97505
2021-06-21 09:44:02,2886.9,97505
2021-06-21 09:44:03,2887.15,97512
2021-06-21 09:44:05,2887.15,97542
2021-06-21 09:44:05,2887.15,97543
2021-06-21 09:44:07,2886.25,97604
2021-06-21 09:44:09,2887.15,97608
2021-06-21 09:44:10,2887.15,97608
2021-06-21 09:44:11,2886.2,97681
2021-06-21 09:44:13,2887.1,97764
2021-06-21 09:44:14,2887.15,97778
2021-06-21 09:44:15,2887.0,97798
2021-06-21 09:44:16,2887.15,97833
2021-06-21 09:44:17,2887.15,97837
2021-06-21 09:44:18,2887.15,97848
2021-06-21 09:44:19,2887.15,97848
2021-06-21 09:44:20,2887.15,97899
2021-06-21 09:44:21,2887.05,97957
2021-06-21 09:44:22,2887.05,97957
2021-06-21 09:44:23,2887.05,97957
2021-06-21 09:44:24,2886.7,97979
2021-06-21 09:44:25,2886.7,97979
2021-06-21 09:44:26,2886.7,98097
2021-06-21 09:44:27,2886.7,98101
2021-06-21 09:44:28,2885.65,98126
2021-06-21 09:44:29,2885.65,98126
2021-06-21 09:44:31,2886.7,98167
2021-06-21 09:44:32,2886.8,98170
2021-06-21 09:44:33,2886.8,98185
2021-06-21 09:44:35,2886.85,98210
2021-06-21 09:44:36,2886.85,98221
2021-06-21 09:44:37,2886.85,98224
2021-06-21 09:44:38,2886.8,98240
2021-06-21 09:44:38,2887.0,98250
2021-06-21 09:44:39,2887.0,98250
2021-06-21 09:44:41,2887.0,98276
2021-06-21 09:44:41,2887.0,98276
2021-06-21 09:44:42,2887.0,98276
2021-06-21 09:44:43,2887.0,98276
2021-06-21 09:44:44,2887.0,98277
2021-06-21 09:44:45,2887.0,98286
2021-06-21 09:44:46,2887.0,98295
2021-06-21 09:44:47,2887.0,98295
2021-06-21 09:44:48,2887.0,98295
2021-06-21 09:44:49,2887.0,98295
2021-06-21 09:44:50,2887.0,98303
2021-06-21 09:44:52,2886.85,98350
2021-06-21 09:44:53,2886.85,98350
2021-06-21 09:44:54,2887.0,98355
2021-06-21 09:44:55,2886.8,98455
2021-06-21 09:44:56,2886.8,98455
2021-06-21 09:44:57,2886.95,98458
2021-06-21 09:44:59,2887.0,98460
2021-06-21 09:45:00,2887.0,98460
2021-06-21 09:45:01,2887.0,98460
2021-06-21 09:45:01,2887.0,98465
2021-06-21 09:45:03,2886.85,98494
2021-06-21 09:45:03,2887.0,98497
2021-06-21 09:45:05,2887.0,98497
2021-06-21 09:45:06,2887.0,98497
2021-06-21 09:45:07,2885.7,98570
2021-06-21 09:45:08,2887.0,98607
2021-06-21 09:45:09,2887.0,98607
2021-06-21 09:45:10,2887.0,98607
2021-06-21 09:45:11,2886.9,98611
2021-06-21 09:45:12,2887.25,99124
2021-06-21 09:45:14,2887.25,99125
2021-06-21 09:45:15,2887.25,99130
2021-06-21 09:45:16,2887.0,99139
2021-06-21 09:45:17,2887.0,99139
2021-06-21 09:45:18,2885.0,99267
2021-06-21 09:45:19,2885.35,99269
2021-06-21 09:45:20,2885.1,99276
2021-06-21 09:45:21,2885.25,99280
2021-06-21 09:45:24,2885.25,99280
2021-06-21 09:45:25,2885.25,99280
2021-06-21 09:45:27,2885.25,99339
2021-06-21 09:45:28,2884.55,99389
2021-06-21 09:45:31,2885.25,99400
2021-06-21 09:45:33,2885.25,99761
2021-06-21 09:45:34,2885.8,99766
2021-06-21 09:45:35,2885.7,99821
2021-06-21 09:45:36,2885.7,99821
2021-06-21 09:45:37,2885.7,99821
2021-06-21 09:45:38,2885.7,99821
2021-06-21 09:45:39,2885.7,99821
2021-06-21 09:45:40,2885.7,99821
2021-06-21 09:45:41,2885.75,99839
2021-06-21 09:45:42,2885.75,99839
2021-06-21 09:45:43,2884.55,99850
2021-06-21 09:45:45,2884.55,99850
2021-06-21 09:45:46,2884.55,99850
2021-06-21 09:45:49,2886.05,100111
2021-06-21 09:45:49,2884.55,100121
2021-06-21 09:45:50,2884.55,100121
2021-06-21 09:45:51,2884.55,100121
2021-06-21 09:45:53,2885.75,100136
2021-06-21 09:45:54,2885.75,100136
2021-06-21 09:45:55,2885.75,100136
2021-06-21 09:45:56,2885.75,100142
2021-06-21 09:45:57,2884.7,100143
2021-06-21 09:45:59,2884.7,100143
2021-06-21 09:46:00,2884.75,100144
2021-06-21 09:46:01,2886.25,100381
2021-06-21 09:46:02,2886.25,100381
2021-06-21 09:46:03,2886.25,100381
2021-06-21 09:46:04,2886.25,100381
2021-06-21 09:46:05,2886.25,100381
2021-06-21 09:46:06,2886.25,100381
2021-06-21 09:46:07,2886.15,100386
2021-06-21 09:46:08,2886.15,100386
2021-06-21 09:46:09,2886.15,100386
2021-06-21 09:46:10,2886.15,100386
2021-06-21 09:46:10,2886.15,100409
2021-06-21 09:46:11,2886.0,100415
2021-06-21 09:46:12,2886.0,100415
2021-06-21 09:46:14,2886.0,100415
2021-06-21 09:46:14,2886.25,100417
2021-06-21 09:46:15,2885.75,100424
2021-06-21 09:46:17,2886.2,100432
2021-06-21 09:46:18,2886.2,100435
2021-06-21 09:46:19,2885.2,100438
2021-06-21 09:46:20,2885.15,100446
2021-06-21 09:46:21,2884.0,100482
2021-06-21 09:46:22,2885.65,100483
2021-06-21 09:46:23,2885.65,100483
2021-06-21 09:46:24,2885.2,100487
2021-06-21 09:46:25,2885.25,100490
2021-06-21 09:46:26,2885.3,100499
2021-06-21 09:46:27,2885.3,100499
2021-06-21 09:46:28,2885.3,100499
2021-06-21 09:46:29,2885.3,100500
2021-06-21 09:46:30,2885.3,100500
2021-06-21 09:46:31,2885.35,100505
2021-06-21 09:46:32,2884.1,100516
2021-06-21 09:46:33,2884.1,100516
2021-06-21 09:46:34,2884.1,100516
2021-06-21 09:46:35,2884.1,100516
2021-06-21 09:46:35,2884.1,100516
2021-06-21 09:46:36,2884.1,100516
2021-06-21 09:46:37,2884.1,100516
2021-06-21 09:46:38,2884.1,100516
2021-06-21 09:46:39,2884.1,100516
2021-06-21 09:46:41,2885.0,100524
2021-06-21 09:46:42,2885.0,100524
2021-06-21 09:46:43,2885.0,100531
2021-06-21 09:46:44,2885.0,100552
2021-06-21 09:46:45,2885.0,100552
2021-06-21 09:46:46,2884.0,100563
2021-06-21 09:46:47,2883.65,100602
2021-06-21 09:46:48,2884.95,100604
2021-06-21 09:46:49,2884.95,100604
2021-06-21 09:46:53,2886.0,101113
2021-06-21 09:46:54,2886.0,101113
2021-06-21 09:46:55,2886.25,101138
2021-06-21 09:46:56,2885.55,101143
2021-06-21 09:46:57,2885.55,101143
2021-06-21 09:46:58,2885.5,101192
2021-06-21 09:46:59,2885.5,101192
2021-06-21 09:47:00,2886.25,101219
2021-06-21 09:47:01,2887.0,101284
2021-06-21 09:47:02,2886.1,101286
2021-06-21 09:47:03,2886.1,101286
2021-06-21 09:47:04,2886.1,101286
2021-06-21 09:47:07,2887.0,101304
2021-06-21 09:47:09,2887.0,101326
2021-06-21 09:47:10,2887.0,101366
2021-06-21 09:47:11,2888.0,101371
2021-06-21 09:47:11,2888.0,101371
2021-06-21 09:47:12,2888.0,101371
2021-06-21 09:47:14,2888.0,101371
2021-06-21 09:47:15,2888.0,101481
2021-06-21 09:47:16,2888.0,101481
2021-06-21 09:47:17,2888.25,101511
2021-06-21 09:47:18,2888.25,101511
2021-06-21 09:47:19,2888.25,101511
2021-06-21 09:47:20,2888.25,101511
2021-06-21 09:47:21,2889.0,101521
2021-06-21 09:47:22,2888.95,101534
2021-06-21 09:47:23,2888.95,101534
2021-06-21 09:47:24,2889.0,101656
2021-06-21 09:47:26,2888.35,101668
2021-06-21 09:47:25,2889.0,101666
2021-06-21 09:47:27,2888.35,101668
2021-06-21 09:47:28,2889.0,101719
2021-06-21 09:47:29,2888.35,101882
2021-06-21 09:47:30,2888.35,101882
2021-06-21 09:47:31,2888.35,101882
2021-06-21 09:47:33,2888.4,101899
2021-06-21 09:47:32,2888.4,101899
2021-06-21 09:47:34,2888.4,101899
2021-06-21 09:47:35,2889.35,101989
2021-06-21 09:47:36,2889.45,101999
2021-06-21 09:47:37,2889.45,101999
2021-06-21 09:47:38,2889.45,102001
2021-06-21 09:47:39,2888.5,102301
2021-06-21 09:47:40,2889.65,102302
2021-06-21 09:47:41,2889.6,102349
2021-06-21 09:47:42,2888.5,102350
2021-06-21 09:47:43,2889.8,102450
2021-06-21 09:47:44,2887.65,102458
2021-06-21 09:47:45,2887.65,102458
2021-06-21 09:47:46,2888.45,102461
2021-06-21 09:47:47,2888.45,102461
2021-06-21 09:47:48,2888.45,102461
2021-06-21 09:47:49,2888.4,102527
2021-06-21 09:47:50,2888.4,102532
2021-06-21 09:47:51,2888.4,102572
2021-06-21 09:47:52,2888.4,102572
2021-06-21 09:47:53,2885.95,102676
2021-06-21 09:47:54,2885.95,102676
2021-06-21 09:47:55,2884.8,102827
2021-06-21 09:47:56,2884.8,102827
2021-06-21 09:47:57,2884.8,102846
2021-06-21 09:47:58,2884.8,102846
2021-06-21 09:47:59,2884.8,102847
2021-06-21 09:48:00,2884.8,102847
2021-06-21 09:48:01,2884.8,102870
2021-06-21 09:48:02,2884.8,102874
2021-06-21 09:48:03,2884.8,102877
2021-06-21 09:48:04,2884.8,102898
2021-06-21 09:48:05,2884.5,102903
2021-06-21 09:48:06,2884.55,102907
2021-06-21 09:48:09,2884.5,103020
2021-06-21 09:48:10,2884.5,103023
2021-06-21 09:48:11,2884.5,103023
2021-06-21 09:48:12,2884.8,103045
2021-06-21 09:48:13,2884.05,103047
2021-06-21 09:48:14,2884.8,103052
2021-06-21 09:48:15,2884.1,103063
2021-06-21 09:48:16,2884.1,103065
2021-06-21 09:48:17,2884.1,103076
2021-06-21 09:48:18,2884.1,103078
2021-06-21 09:48:19,2884.1,103078
2021-06-21 09:48:20,2883.5,103081
2021-06-21 09:48:21,2882.9,103125
2021-06-21 09:48:22,2882.35,103235
2021-06-21 09:48:23,2882.35,103237
2021-06-21 09:48:24,2882.35,103237
2021-06-21 09:48:25,2882.35,103239
2021-06-21 09:48:26,2882.35,103239
2021-06-21 09:48:27,2881.35,103240
2021-06-21 09:48:28,2881.35,103240
2021-06-21 09:48:29,2881.25,103311
2021-06-21 09:48:30,2882.25,103317
2021-06-21 09:48:31,2882.2,103318
2021-06-21 09:48:32,2882.95,103645
2021-06-21 09:48:33,2884.3,103648
2021-06-21 09:48:34,2881.25,103895
2021-06-21 09:48:35,2881.25,103895
2021-06-21 09:48:36,2881.95,104009
2021-06-21 09:48:37,2881.95,104009
2021-06-21 09:48:40,2880.4,104042
2021-06-21 09:48:41,2882.05,104142
2021-06-21 09:48:42,2882.0,104143
2021-06-21 09:48:43,2882.0,104143
2021-06-21 09:48:44,2881.95,104162
2021-06-21 09:48:45,2881.95,104162
2021-06-21 09:48:46,2881.95,104162
2021-06-21 09:48:47,2881.95,104166
2021-06-21 09:48:48,2881.95,104166
2021-06-21 09:48:49,2881.95,104167
2021-06-21 09:48:50,2881.95,104167
2021-06-21 09:48:51,2881.95,104186
2021-06-21 09:48:52,2880.0,104794
2021-06-21 09:48:53,2880.0,104795
2021-06-21 09:48:54,2878.35,105176
2021-06-21 09:48:55,2878.35,105176
2021-06-21 09:48:56,2879.1,105434
2021-06-21 09:48:57,2877.45,105435
2021-06-21 09:48:58,2877.45,105435
2021-06-21 09:48:59,2877.45,105435
2021-06-21 09:49:00,2879.05,105456
2021-06-21 09:49:01,2879.05,105853
2021-06-21 09:49:03,2880.0,105930
2021-06-21 09:49:04,2880.0,105930
2021-06-21 09:49:05,2880.1,106708
2021-06-21 09:49:06,2881.95,106717
2021-06-21 09:49:07,2881.95,106736
2021-06-21 09:49:08,2882.35,106755
2021-06-21 09:49:09,2881.95,106836
2021-06-21 09:49:10,2881.95,106836
2021-06-21 09:49:11,2883.05,106919
2021-06-21 09:49:12,2883.05,106919
2021-06-21 09:49:13,2883.3,106956
2021-06-21 09:49:14,2883.3,106974
2021-06-21 09:49:15,2882.2,107220
2021-06-21 09:49:16,2882.2,107248
2021-06-21 09:49:17,2882.2,107248
2021-06-21 09:49:18,2882.2,107248
2021-06-21 09:49:19,2882.2,107253
2021-06-21 09:49:20,2882.15,107259
2021-06-21 09:49:21,2882.15,107259
2021-06-21 09:49:22,2882.2,107263
2021-06-21 09:49:23,2882.2,107263
2021-06-21 09:49:24,2882.2,107283
2021-06-21 09:49:25,2882.2,107306
2021-06-21 09:49:26,2882.2,107307
2021-06-21 09:49:27,2882.2,107307
2021-06-21 09:49:28,2883.1,107312
2021-06-21 09:49:29,2883.1,107312
2021-06-21 09:49:30,2883.1,107312
2021-06-21 09:49:31,2883.1,107316
2021-06-21 09:49:32,2883.15,107338
2021-06-21 09:49:33,2883.3,107339
2021-06-21 09:49:34,2883.3,107339
2021-06-21 09:49:35,2883.3,107339
2021-06-21 09:49:36,2883.3,107339
2021-06-21 09:49:38,2883.3,107345
2021-06-21 09:49:39,2883.3,107345
2021-06-21 09:49:40,2883.5,107376
2021-06-21 09:49:42,2883.7,107384
2021-06-21 09:49:44,2883.65,107387
2021-06-21 09:49:48,2883.7,107415
2021-06-21 09:49:49,2883.7,107415
2021-06-21 09:49:50,2883.65,107437
2021-06-21 09:49:51,2882.0,107601
2021-06-21 09:49:52,2882.0,107601
2021-06-21 09:49:53,2882.0,107601
2021-06-21 09:49:55,2881.3,107954
2021-06-21 09:49:56,2882.1,107973
2021-06-21 09:49:57,2882.2,107977
2021-06-21 09:49:58,2882.2,107977
2021-06-21 09:49:59,2882.55,108028
2021-06-21 09:50:00,2882.55,108028
2021-06-21 09:50:01,2881.95,108055
2021-06-21 09:50:02,2882.25,108059
2021-06-21 09:50:03,2882.25,108059
2021-06-21 09:50:04,2881.95,108078
2021-06-21 09:50:05,2881.1,108088
2021-06-21 09:50:06,2881.1,108088
2021-06-21 09:50:07,2881.1,108110
2021-06-21 09:50:08,2881.1,108115
2021-06-21 09:50:09,2881.1,108115
2021-06-21 09:50:10,2881.1,108115
2021-06-21 09:50:11,2881.15,108139
2021-06-21 09:50:12,2881.15,108169
2021-06-21 09:50:13,2881.15,108169
2021-06-21 09:50:14,2881.15,108170
2021-06-21 09:50:15,2882.25,108358
2021-06-21 09:50:16,2882.25,108358
2021-06-21 09:50:17,2882.75,108361
2021-06-21 09:50:18,2882.75,108361
2021-06-21 09:50:21,2882.45,108826
2021-06-21 09:50:22,2881.5,108837
2021-06-21 09:50:24,2881.5,108837
2021-06-21 09:50:25,2882.4,108839
2021-06-21 09:50:26,2882.4,108839
2021-06-21 09:50:27,2883.0,108844
2021-06-21 09:50:28,2883.0,108844
2021-06-21 09:50:29,2881.55,108913
2021-06-21 09:50:31,2882.2,108960
2021-06-21 09:50:33,2881.6,108961
2021-06-21 09:50:34,2881.6,108961
2021-06-21 09:50:35,2881.25,108991
2021-06-21 09:50:36,2881.15,109021
2021-06-21 09:50:37,2881.45,109041
2021-06-21 09:50:37,2881.45,109041
2021-06-21 09:50:38,2881.45,109041
2021-06-21 09:50:39,2881.45,109041
2021-06-21 09:50:40,2881.45,109041
2021-06-21 09:50:41,2880.95,109045
2021-06-21 09:50:43,2881.0,109091
2021-06-21 09:50:44,2881.0,109110
2021-06-21 09:50:45,2881.1,109145
2021-06-21 09:50:46,2881.35,109152
2021-06-21 09:50:47,2881.0,109344
2021-06-21 09:50:48,2881.0,109344
2021-06-21 09:50:49,2881.0,109344
2021-06-21 09:50:50,2881.0,109344
2021-06-21 09:50:51,2881.4,109362
2021-06-21 09:50:52,2881.25,109381
2021-06-21 09:50:53,2881.25,109382
2021-06-21 09:50:54,2881.25,109382
2021-06-21 09:50:55,2881.25,109382
2021-06-21 09:50:56,2881.4,109386
2021-06-21 09:50:57,2881.4,109386
2021-06-21 09:50:58,2881.4,109386
2021-06-21 09:50:59,2881.4,109386
2021-06-21 09:51:00,2882.1,109387
2021-06-21 09:51:01,2882.1,109423
2021-06-21 09:51:03,2882.1,109423
2021-06-21 09:51:05,2882.05,109449
2021-06-21 09:51:06,2882.0,109450
2021-06-21 09:51:07,2882.0,109450
2021-06-21 09:51:08,2882.0,109469
2021-06-21 09:51:09,2881.75,109471
2021-06-21 09:51:10,2881.75,109471
2021-06-21 09:51:11,2882.5,109799
2021-06-21 09:51:12,2882.0,109811
2021-06-21 09:51:13,2882.5,109876
2021-06-21 09:51:14,2882.5,109876
2021-06-21 09:51:15,2881.95,109883
2021-06-21 09:51:16,2882.5,109912
2021-06-21 09:51:17,2883.05,110014
2021-06-21 09:51:18,2883.05,110014
2021-06-21 09:51:19,2883.05,110014
2021-06-21 09:51:20,2883.2,110032
2021-06-21 09:51:21,2882.75,110087
2021-06-21 09:51:22,2882.75,110088
2021-06-21 09:51:23,2882.1,110096
2021-06-21 09:51:24,2881.75,110229
2021-06-21 09:51:25,2881.3,110280
2021-06-21 09:51:26,2880.05,110302
2021-06-21 09:51:27,2880.95,110542
2021-06-21 09:51:30,2880.95,110542
2021-06-21 09:51:30,2880.95,110542
2021-06-21 09:51:32,2881.45,110551
2021-06-21 09:51:33,2881.45,110570
2021-06-21 09:51:34,2881.45,110570
2021-06-21 09:51:35,2881.45,110570
2021-06-21 09:51:36,2881.45,110570
2021-06-21 09:51:36,2881.1,110579
2021-06-21 09:51:37,2881.1,110579
2021-06-21 09:51:38,2880.1,110625
2021-06-21 09:51:39,2880.1,110625
2021-06-21 09:51:40,2880.4,110694
2021-06-21 09:51:41,2880.4,110694
2021-06-21 09:51:42,2880.4,110698
2021-06-21 09:51:43,2880.7,110778
2021-06-21 09:51:44,2880.7,110778
2021-06-21 09:51:45,2880.95,110782
2021-06-21 09:51:46,2880.95,110786
2021-06-21 09:51:47,2880.95,110786
2021-06-21 09:51:48,2881.1,110806
2021-06-21 09:51:49,2880.25,110813
2021-06-21 09:51:50,2880.25,110819
2021-06-21 09:51:51,2880.25,110845
2021-06-21 09:51:52,2880.25,110847
2021-06-21 09:51:53,2880.1,110852
2021-06-21 09:51:54,2880.1,110852
2021-06-21 09:51:55,2880.1,110854
2021-06-21 09:51:56,2880.1,110889
2021-06-21 09:51:57,2880.1,110889
2021-06-21 09:51:58,2880.1,110890
2021-06-21 09:51:59,2880.1,110895
2021-06-21 09:52:00,2880.05,111175
2021-06-21 09:52:01,2880.05,111175
2021-06-21 09:52:02,2880.05,111175
2021-06-21 09:52:03,2880.05,111175
2021-06-21 09:52:04,2880.1,111194
2021-06-21 09:52:05,2880.1,111201
2021-06-21 09:52:06,2880.05,111205
2021-06-21 09:52:07,2880.05,111207
2021-06-21 09:52:08,2880.05,111207
2021-06-21 09:52:10,2880.05,111207
2021-06-21 09:52:11,2880.05,111240
2021-06-21 09:52:12,2880.25,111242
2021-06-21 09:52:13,2880.45,111262
2021-06-21 09:52:14,2880.45,111270
2021-06-21 09:52:15,2880.45,111270
2021-06-21 09:52:16,2881.0,111296
2021-06-21 09:52:17,2881.0,111307
2021-06-21 09:52:18,2880.4,111310
2021-06-21 09:52:19,2880.25,111359
2021-06-21 09:52:20,2880.25,111359
2021-06-21 09:52:21,2880.25,111360
2021-06-21 09:52:22,2880.25,111360
2021-06-21 09:52:23,2880.25,111360
2021-06-21 09:52:24,2880.25,111360
2021-06-21 09:52:24,2880.25,111360
2021-06-21 09:52:26,2881.0,111380
2021-06-21 09:52:27,2881.2,111392
2021-06-21 09:52:29,2881.4,111413
2021-06-21 09:52:30,2881.4,111413
2021-06-21 09:52:31,2881.4,111422
2021-06-21 09:52:32,2881.5,111427
2021-06-21 09:52:33,2881.5,111427
2021-06-21 09:52:34,2881.5,111427
2021-06-21 09:52:36,2881.0,111444
2021-06-21 09:52:36,2881.65,111464
2021-06-21 09:52:37,2881.65,111464
2021-06-21 09:52:38,2881.65,111464
2021-06-21 09:52:39,2881.65,111464
2021-06-21 09:52:40,2881.65,111464
2021-06-21 09:52:41,2881.6,111474
2021-06-21 09:52:42,2881.6,111474
2021-06-21 09:52:43,2881.6,111474
2021-06-21 09:52:44,2881.6,111493
2021-06-21 09:52:46,2881.6,111496
2021-06-21 09:52:48,2881.6,111501
2021-06-21 09:52:48,2881.6,111506
2021-06-21 09:52:49,2881.0,111528
2021-06-21 09:52:50,2881.0,111528
2021-06-21 09:52:51,2881.25,111530
2021-06-21 09:52:52,2881.25,111549
2021-06-21 09:52:53,2881.1,111555
2021-06-21 09:52:55,2881.2,111677
2021-06-21 09:52:56,2881.2,111679
2021-06-21 09:52:57,2881.2,111679
2021-06-21 09:52:58,2881.05,111696
2021-06-21 09:53:00,2881.05,111696
2021-06-21 09:53:00,2881.05,111705
2021-06-21 09:53:02,2881.1,111775
2021-06-21 09:53:03,2881.05,111790
2021-06-21 09:53:04,2881.05,111790
2021-06-21 09:53:06,2880.0,111836
2021-06-21 09:53:08,2880.0,111836
2021-06-21 09:53:09,2881.1,111855
2021-06-21 09:53:11,2881.1,111864
2021-06-21 09:53:12,2881.1,111864
2021-06-21 09:53:13,2881.1,111864
2021-06-21 09:53:14,2881.1,111864
2021-06-21 09:53:16,2881.1,111866
2021-06-21 09:53:17,2881.1,111889
2021-06-21 09:53:18,2881.1,111889
2021-06-21 09:53:19,2881.1,111889
2021-06-21 09:53:21,2881.1,111895
2021-06-21 09:53:22,2881.1,111902
2021-06-21 09:53:24,2881.1,111953
2021-06-21 09:53:24,2881.1,111953
2021-06-21 09:53:25,2881.1,111953
2021-06-21 09:53:26,2881.1,111957
2021-06-21 09:53:27,2881.1,111957
2021-06-21 09:53:29,2881.9,112055
2021-06-21 09:53:30,2881.9,112055
2021-06-21 09:53:31,2883.1,112057
2021-06-21 09:53:32,2883.45,112082
2021-06-21 09:53:32,2883.45,112082
2021-06-21 09:53:34,2883.5,112107
2021-06-21 09:53:35,2883.35,112138
2021-06-21 09:53:36,2883.35,112138
2021-06-21 09:53:37,2883.35,112142
2021-06-21 09:53:38,2883.35,112142
2021-06-21 09:53:39,2883.35,112142
2021-06-21 09:53:40,2883.2,112161
2021-06-21 09:53:40,2883.2,112161
2021-06-21 09:53:41,2883.2,112166
2021-06-21 09:53:42,2883.2,112166
2021-06-21 09:53:43,2883.2,112176
2021-06-21 09:53:44,2883.2,112176
2021-06-21 09:53:45,2883.2,112178
2021-06-21 09:53:47,2883.2,112192
2021-06-21 09:53:48,2883.2,112192
2021-06-21 09:53:49,2883.25,112212
2021-06-21 09:53:50,2882.8,112422
2021-06-21 09:53:51,2882.8,112422
2021-06-21 09:53:51,2882.6,112437
2021-06-21 09:53:52,2882.6,112437
2021-06-21 09:53:53,2882.6,112437
2021-06-21 09:53:54,2882.6,112457
2021-06-21 09:53:56,2882.6,112482
2021-06-21 09:53:57,2882.6,112482
2021-06-21 09:53:58,2882.6,112582
2021-06-21 09:53:59,2882.6,112582
2021-06-21 09:54:01,2882.6,112582
2021-06-21 09:54:02,2882.6,112582
2021-06-21 09:54:03,2882.6,112582
2021-06-21 09:54:04,2882.15,112603
2021-06-21 09:54:05,2882.15,112618
2021-06-21 09:54:07,2882.2,112785
2021-06-21 09:54:07,2882.2,112785
2021-06-21 09:54:09,2882.2,112785
2021-06-21 09:54:10,2881.5,112786
2021-06-21 09:54:11,2882.65,112801
2021-06-21 09:54:12,2881.7,112843
2021-06-21 09:54:13,2881.7,112843
2021-06-21 09:54:14,2881.7,112843
2021-06-21 09:54:15,2882.7,112864
2021-06-21 09:54:16,2882.7,112869
2021-06-21 09:54:17,2882.7,112870
2021-06-21 09:54:18,2882.7,112870
2021-06-21 09:54:19,2882.7,112870
2021-06-21 09:54:20,2882.7,112914
2021-06-21 09:54:21,2882.7,112943
2021-06-21 09:54:23,2882.7,112943
2021-06-21 09:54:24,2882.7,112943
2021-06-21 09:54:25,2882.15,113243
2021-06-21 09:54:26,2882.15,113243
2021-06-21 09:54:27,2883.1,113247
2021-06-21 09:54:27,2883.1,113247
2021-06-21 09:54:28,2883.1,113274
2021-06-21 09:54:29,2885.5,113551
2021-06-21 09:54:31,2885.3,113600
2021-06-21 09:54:32,2885.3,113600
2021-06-21 09:54:34,2885.3,113600
2021-06-21 09:54:35,2885.3,113600
2021-06-21 09:54:36,2884.95,113648
2021-06-21 09:54:37,2884.95,113652
2021-06-21 09:54:38,2884.95,113652
2021-06-21 09:54:39,2884.9,113657
2021-06-21 09:54:40,2884.9,113660
2021-06-21 09:54:43,2884.9,113736
2021-06-21 09:54:44,2884.9,113786
2021-06-21 09:54:45,2884.9,113786
2021-06-21 09:54:46,2884.9,113786
2021-06-21 09:54:47,2884.9,113790
2021-06-21 09:54:48,2884.9,113790
2021-06-21 09:54:49,2884.85,113867
2021-06-21 09:54:50,2884.85,113867
2021-06-21 09:54:51,2884.85,113879
2021-06-21 09:54:52,2884.85,113903
2021-06-21 09:54:54,2884.85,113905
2021-06-21 09:54:55,2884.85,113929
2021-06-21 09:54:56,2884.9,113935
2021-06-21 09:54:56,2884.9,113935
2021-06-21 09:54:57,2884.9,113946
2021-06-21 09:54:58,2884.9,113946
2021-06-21 09:55:00,2884.9,113946
2021-06-21 09:55:00,2884.9,113976
2021-06-21 09:55:01,2884.95,113983
2021-06-21 09:55:02,2884.95,113992
2021-06-21 09:55:04,2883.8,114039
2021-06-21 09:55:05,2883.8,114039
2021-06-21 09:55:06,2884.95,114054
2021-06-21 09:55:08,2884.9,114073
2021-06-21 09:55:09,2884.9,114073
2021-06-21 09:55:10,2884.0,114086
2021-06-21 09:55:11,2884.9,114091
2021-06-21 09:55:12,2884.9,114091
2021-06-21 09:55:13,2885.25,114459
2021-06-21 09:55:14,2885.25,114459
2021-06-21 09:55:14,2885.25,114459
2021-06-21 09:55:15,2885.25,114459
2021-06-21 09:55:17,2886.35,114487
2021-06-21 09:55:19,2886.35,114552
2021-06-21 09:55:20,2886.4,114854
2021-06-21 09:55:21,2886.4,114854
2021-06-21 09:55:24,2886.75,114889
2021-06-21 09:55:24,2886.75,114889
2021-06-21 09:55:26,2887.6,114890
2021-06-21 09:55:27,2887.8,114898
2021-06-21 09:55:29,2887.8,115189
2021-06-21 09:55:29,2887.8,114898
2021-06-21 09:55:30,2887.8,115189
2021-06-21 09:55:31,2886.5,115224
2021-06-21 09:55:33,2887.65,115243
2021-06-21 09:55:34,2886.2,115250
2021-06-21 09:55:35,2887.75,115273
2021-06-21 09:55:36,2887.75,115273
2021-06-21 09:55:37,2887.7,115314
2021-06-21 09:55:38,2887.7,115314
2021-06-21 09:55:39,2887.7,115315
2021-06-21 09:55:40,2887.75,115335
2021-06-21 09:55:41,2887.55,115345
2021-06-21 09:55:42,2886.3,115352
2021-06-21 09:55:43,2885.1,115369
2021-06-21 09:55:43,2885.1,115369
2021-06-21 09:55:44,2885.1,115369
2021-06-21 09:55:45,2885.1,115369
2021-06-21 09:55:47,2885.6,115387
2021-06-21 09:55:48,2886.05,115407
2021-06-21 09:55:49,2886.05,115407
2021-06-21 09:55:50,2884.45,115687
2021-06-21 09:55:52,2884.45,115687
2021-06-21 09:55:53,2884.45,115687
2021-06-21 09:55:54,2886.05,115713
2021-06-21 09:55:55,2886.2,115718
2021-06-21 09:55:56,2886.2,115737
2021-06-21 09:55:57,2887.9,115820
2021-06-21 09:55:58,2888.0,115926
2021-06-21 09:55:59,2888.0,115926
2021-06-21 09:56:00,2887.4,115956
2021-06-21 09:56:01,2888.4,115961
2021-06-21 09:56:02,2889.0,116105
2021-06-21 09:56:03,2889.0,116134
2021-06-21 09:56:04,2889.0,116153
2021-06-21 09:56:05,2889.0,116153
2021-06-21 09:56:06,2889.0,116157
2021-06-21 09:56:08,2887.85,116220
2021-06-21 09:56:08,2887.85,116220
2021-06-21 09:56:09,2887.4,116225
2021-06-21 09:56:11,2888.95,116250
2021-06-21 09:56:12,2888.95,116250
2021-06-21 09:56:13,2888.95,116270
2021-06-21 09:56:14,2888.4,116271
2021-06-21 09:56:15,2889.0,116272
2021-06-21 09:56:16,2888.95,116276
2021-06-21 09:56:17,2888.95,116276
2021-06-21 09:56:18,2888.95,116276
2021-06-21 09:56:19,2888.95,116334
2021-06-21 09:56:21,2888.95,116357
2021-06-21 09:56:22,2888.95,116357
2021-06-21 09:56:24,2888.05,116520
2021-06-21 09:56:25,2888.05,116520
2021-06-21 09:56:26,2888.05,116520
2021-06-21 09:56:26,2888.05,116520
2021-06-21 09:56:28,2888.0,116554
2021-06-21 09:56:30,2888.0,116555
2021-06-21 09:56:31,2888.0,116559
2021-06-21 09:56:32,2888.0,116559
2021-06-21 09:56:34,2887.05,117005
2021-06-21 09:56:35,2888.35,117006
2021-06-21 09:56:36,2888.35,117028
2021-06-21 09:56:37,2888.0,117058
2021-06-21 09:56:38,2888.0,117058
2021-06-21 09:56:39,2888.0,117058
2021-06-21 09:56:40,2888.0,117058
2021-06-21 09:56:41,2888.05,117059
2021-06-21 09:56:42,2886.4,117279
2021-06-21 09:56:43,2886.4,117279
2021-06-21 09:56:44,2888.0,117294
2021-06-21 09:56:46,2888.2,117604
2021-06-21 09:56:47,2888.2,117604
2021-06-21 09:56:47,2889.15,117605
2021-06-21 09:56:49,2889.15,117609
2021-06-21 09:56:50,2889.15,117609
2021-06-21 09:56:51,2888.25,117610
2021-06-21 09:56:52,2889.15,117633
2021-06-21 09:56:53,2889.15,117633
2021-06-21 09:56:54,2889.15,117681
2021-06-21 09:56:55,2889.15,117681
2021-06-21 09:56:55,2889.15,117681
2021-06-21 09:56:56,2889.15,117681
2021-06-21 09:56:58,2889.15,117681
2021-06-21 09:56:59,2889.15,117681
2021-06-21 09:56:59,2889.15,117692
2021-06-21 09:57:00,2889.2,117712
2021-06-21 09:57:01,2889.4,117716
2021-06-21 09:57:02,2889.4,117716
2021-06-21 09:57:03,2889.4,117716
2021-06-21 09:57:04,2888.4,117748
2021-06-21 09:57:05,2888.4,117748
2021-06-21 09:57:06,2889.4,117773
2021-06-21 09:57:08,2889.4,117781
2021-06-21 09:57:09,2889.55,117784
2021-06-21 09:57:10,2889.45,117898
2021-06-21 09:57:11,2889.4,117899
2021-06-21 09:57:13,2890.0,117919
2021-06-21 09:57:14,2890.0,117919
2021-06-21 09:57:15,2890.0,117919
2021-06-21 09:57:16,2890.0,117948
2021-06-21 09:57:17,2890.0,117948
2021-06-21 09:57:18,2890.0,117948
2021-06-21 09:57:18,2890.0,117948
2021-06-21 09:57:19,2890.0,118032
2021-06-21 09:57:20,2890.0,118032
2021-06-21 09:57:21,2890.0,118036
2021-06-21 09:57:22,2890.0,118037
2021-06-21 09:57:23,2890.0,118037
2021-06-21 09:57:24,2890.0,118057
2021-06-21 09:57:25,2890.0,118057
2021-06-21 09:57:26,2890.0,118061
2021-06-21 09:57:27,2890.0,118064
2021-06-21 09:57:28,2890.0,118064
2021-06-21 09:57:29,2890.0,118064
2021-06-21 09:57:30,2890.0,118074
2021-06-21 09:57:31,2890.0,118078
2021-06-21 09:57:32,2890.0,118098
2021-06-21 09:57:34,2890.0,118098
2021-06-21 09:57:35,2890.0,118112
2021-06-21 09:57:35,2890.0,118112
2021-06-21 09:57:37,2890.4,119024
2021-06-21 09:57:39,2890.4,119024
2021-06-21 09:57:40,2890.0,119044
2021-06-21 09:57:41,2890.0,119044
2021-06-21 09:57:42,2891.35,119068
2021-06-21 09:57:43,2891.35,119068
2021-06-21 09:57:44,2891.35,119068
2021-06-21 09:57:45,2891.35,119068
2021-06-21 09:57:46,2891.35,119074
2021-06-21 09:57:47,2889.4,119374
2021-06-21 09:57:48,2889.4,119374
2021-06-21 09:57:49,2889.4,119374
2021-06-21 09:57:50,2889.4,119374
2021-06-21 09:57:51,2889.4,119374
2021-06-21 09:57:52,2890.05,119375
2021-06-21 09:57:53,2890.05,119375
2021-06-21 09:57:54,2891.15,119415
2021-06-21 09:57:55,2891.15,119415
2021-06-21 09:57:56,2891.15,119415
2021-06-21 09:57:57,2890.25,119429
2021-06-21 09:57:58,2890.25,119429
2021-06-21 09:57:59,2890.25,119429
2021-06-21 09:58:00,2890.25,119429
2021-06-21 09:58:01,2890.25,119429
2021-06-21 09:58:02,2891.0,119432
2021-06-21 09:58:03,2890.3,119433
2021-06-21 09:58:04,2890.3,119433
2021-06-21 09:58:06,2890.3,119433
2021-06-21 09:58:07,2890.25,119447
2021-06-21 09:58:08,2890.25,119447
2021-06-21 09:58:09,2890.0,119547
2021-06-21 09:58:10,2890.0,119547
2021-06-21 09:58:11,2890.2,119549
2021-06-21 09:58:12,2890.2,119549
2021-06-21 09:58:13,2890.2,119549
2021-06-21 09:58:14,2890.0,119620
2021-06-21 09:58:15,2890.0,119670
2021-06-21 09:58:16,2890.0,119670
2021-06-21 09:58:17,2890.0,119670
2021-06-21 09:58:18,2890.0,119670
2021-06-21 09:58:20,2890.15,119694
2021-06-21 09:58:19,2890.15,119694
2021-06-21 09:58:21,2890.15,119694
2021-06-21 09:58:22,2890.15,119712
2021-06-21 09:58:23,2890.15,119717
2021-06-21 09:58:24,2891.0,119821
2021-06-21 09:58:25,2891.0,119821
2021-06-21 09:58:26,2891.0,119821
2021-06-21 09:58:27,2891.0,119821
2021-06-21 09:58:28,2892.45,120359
2021-06-21 09:58:29,2895.0,120671
2021-06-21 09:58:30,2894.7,120686
2021-06-21 09:58:31,2895.0,120720
2021-06-21 09:58:33,2894.2,120753
2021-06-21 09:58:34,2894.2,120753
2021-06-21 09:58:35,2895.0,120822
2021-06-21 09:58:37,2895.0,120827
2021-06-21 09:58:38,2894.25,120832
2021-06-21 09:58:39,2894.25,120836
2021-06-21 09:58:40,2895.4,120900
2021-06-21 09:58:42,2895.4,120903
2021-06-21 09:58:43,2895.05,120952
2021-06-21 09:58:45,2895.0,120987
2021-06-21 09:58:46,2896.0,121017
2021-06-21 09:58:47,2895.0,121037
2021-06-21 09:58:48,2896.0,121039
2021-06-21 09:58:50,2897.0,121187
2021-06-21 09:58:51,2895.7,121250
2021-06-21 09:58:52,2896.9,121310
2021-06-21 09:58:53,2897.0,121320
2021-06-21 09:58:55,2895.4,121343
2021-06-21 09:58:56,2895.4,121343
2021-06-21 09:58:57,2895.0,121357
2021-06-21 09:58:58,2895.0,121374
2021-06-21 09:58:59,2895.0,121375
2021-06-21 09:59:00,2895.0,121375
2021-06-21 09:59:01,2894.35,121376
2021-06-21 09:59:03,2895.0,121415
2021-06-21 09:59:04,2895.0,121415
2021-06-21 09:59:05,2895.0,121526
2021-06-21 09:59:06,2895.0,121606
2021-06-21 09:59:07,2895.0,121911
2021-06-21 09:59:08,2895.0,121911
2021-06-21 09:59:09,2895.0,121931
2021-06-21 09:59:10,2895.0,121949
2021-06-21 09:59:11,2895.0,122002
2021-06-21 09:59:12,2895.0,122002
2021-06-21 09:59:13,2895.05,122007
2021-06-21 09:59:14,2895.05,122010
2021-06-21 09:59:15,2895.2,122038
2021-06-21 09:59:17,2895.0,122059
2021-06-21 09:59:18,2895.0,122059
2021-06-21 09:59:19,2895.2,122060
2021-06-21 09:59:20,2895.2,122060
2021-06-21 09:59:21,2895.4,122075
2021-06-21 09:59:22,2895.4,122075
2021-06-21 09:59:23,2895.4,122075
2021-06-21 09:59:24,2895.4,122075
2021-06-21 09:59:25,2895.4,122076
2021-06-21 09:59:26,2895.4,122089
2021-06-21 09:59:27,2895.65,122093
2021-06-21 09:59:28,2895.65,122093
2021-06-21 09:59:29,2895.0,122143
2021-06-21 09:59:30,2895.0,122143
2021-06-21 09:59:31,2895.0,122143
2021-06-21 09:59:32,2896.0,122173
2021-06-21 09:59:33,2896.0,122173
2021-06-21 09:59:34,2896.0,122173
2021-06-21 09:59:35,2896.3,122175
2021-06-21 09:59:36,2896.3,122175
2021-06-21 09:59:37,2895.65,122176
2021-06-21 09:59:39,2896.35,122251
2021-06-21 09:59:40,2896.35,122251
2021-06-21 09:59:41,2896.35,122256
2021-06-21 09:59:42,2896.35,122257
2021-06-21 09:59:43,2896.35,122257
2021-06-21 09:59:44,2896.9,122264
2021-06-21 09:59:45,2895.6,122367
2021-06-21 09:59:48,2896.75,122414
2021-06-21 09:59:49,2896.75,122415
2021-06-21 09:59:50,2896.75,122415
2021-06-21 09:59:51,2895.6,122435
2021-06-21 09:59:52,2896.75,122436
2021-06-21 09:59:53,2896.75,122468
2021-06-21 09:59:54,2896.75,122468
2021-06-21 09:59:55,2896.75,122468
2021-06-21 09:59:56,2896.75,122468
2021-06-21 09:59:57,2896.65,122557
2021-06-21 09:59:58,2896.65,122557
2021-06-21 09:59:59,2896.0,122558
2021-06-21 10:00:00,2897.2,122696
2021-06-21 10:00:01,2897.2,122696
2021-06-21 10:00:02,2896.2,122726
2021-06-21 10:00:03,2896.2,122747
2021-06-21 10:00:04,2896.2,122747
2021-06-21 10:00:05,2896.75,122755
2021-06-21 10:00:06,2896.75,122770
2021-06-21 10:00:08,2896.75,122820
2021-06-21 10:00:10,2896.75,122827
2021-06-21 10:00:11,2897.0,122852
2021-06-21 10:00:12,2897.0,122852
2021-06-21 10:00:13,2897.0,122852
2021-06-21 10:00:14,2897.0,122852
2021-06-21 10:00:15,2897.0,122852
2021-06-21 10:00:16,2897.85,122904
2021-06-21 10:00:17,2897.0,122906
2021-06-21 10:00:18,2898.0,122932
2021-06-21 10:00:19,2898.0,122932
2021-06-21 10:00:20,2898.0,122932
2021-06-21 10:00:21,2898.0,122932
2021-06-21 10:00:22,2898.55,123173
2021-06-21 10:00:23,2898.55,123174
2021-06-21 10:00:24,2898.55,123174
2021-06-21 10:00:25,2898.55,123174
2021-06-21 10:00:26,2898.55,123174
2021-06-21 10:00:27,2896.8,123364
2021-06-21 10:00:28,2896.8,123364
2021-06-21 10:00:29,2896.8,123364
2021-06-21 10:00:30,2896.45,123385
2021-06-21 10:00:31,2896.15,123434
2021-06-21 10:00:32,2896.8,123436
2021-06-21 10:00:33,2896.8,123449
2021-06-21 10:00:34,2897.1,123715
2021-06-21 10:00:37,2897.3,123847
2021-06-21 10:00:38,2897.3,123847
2021-06-21 10:00:39,2897.3,123849
2021-06-21 10:00:40,2897.0,123895
2021-06-21 10:00:41,2897.55,123904
2021-06-21 10:00:42,2897.65,123944
2021-06-21 10:00:43,2898.0,123955
2021-06-21 10:00:44,2898.2,124046
2021-06-21 10:00:45,2898.2,124047
2021-06-21 10:00:46,2898.55,124062
2021-06-21 10:00:47,2898.0,124318
2021-06-21 10:00:48,2898.0,124318
2021-06-21 10:00:49,2898.0,124318
2021-06-21 10:00:50,2898.0,124321
2021-06-21 10:00:51,2896.75,124361
2021-06-21 10:00:52,2897.4,124362
2021-06-21 10:00:53,2897.4,124362
2021-06-21 10:00:54,2897.4,124362
2021-06-21 10:00:55,2898.0,124440
2021-06-21 10:00:56,2898.0,124461
2021-06-21 10:00:57,2896.75,124513
2021-06-21 10:00:58,2896.75,124513
2021-06-21 10:00:59,2896.75,124513
2021-06-21 10:01:00,2898.15,124595
2021-06-21 10:01:01,2898.15,124595
2021-06-21 10:01:02,2897.0,124644
2021-06-21 10:01:03,2896.5,124655
2021-06-21 10:01:05,2897.3,124730
2021-06-21 10:01:07,2896.85,124764
2021-06-21 10:01:08,2896.85,124764
2021-06-21 10:01:08,2896.85,124764
2021-06-21 10:01:09,2896.85,124764
2021-06-21 10:01:10,2896.85,124764
2021-06-21 10:01:11,2896.85,124764
2021-06-21 10:01:12,2897.0,124861
2021-06-21 10:01:13,2897.75,124911
2021-06-21 10:01:14,2897.75,124911
2021-06-21 10:01:15,2897.75,124911
2021-06-21 10:01:16,2897.75,124911
2021-06-21 10:01:17,2896.85,124913
2021-06-21 10:01:18,2896.85,124913
2021-06-21 10:01:19,2896.85,124913
2021-06-21 10:01:20,2897.4,124933
2021-06-21 10:01:21,2897.4,124936
2021-06-21 10:01:22,2897.0,124957
2021-06-21 10:01:23,2897.4,124967
2021-06-21 10:01:24,2897.4,124977
2021-06-21 10:01:25,2897.4,125074
2021-06-21 10:01:26,2897.4,125087
2021-06-21 10:01:27,2897.4,125087
2021-06-21 10:01:29,2897.4,125097
2021-06-21 10:01:29,2897.4,125099
2021-06-21 10:01:31,2897.75,125123
2021-06-21 10:01:32,2897.75,125133
2021-06-21 10:01:33,2897.75,125133
2021-06-21 10:01:34,2897.4,125155
2021-06-21 10:01:35,2897.75,125157
2021-06-21 10:01:36,2897.75,125157
2021-06-21 10:01:37,2897.75,125157
2021-06-21 10:01:38,2897.55,125159
2021-06-21 10:01:39,2897.55,125159
2021-06-21 10:01:40,2897.75,125188
2021-06-21 10:01:41,2897.55,126192
2021-06-21 10:01:42,2897.55,126192
2021-06-21 10:01:43,2897.55,126192
2021-06-21 10:01:44,2897.55,126192
2021-06-21 10:01:46,2896.1,126193
2021-06-21 10:01:47,2896.1,126193
2021-06-21 10:01:48,2897.0,126194
2021-06-21 10:01:48,2897.0,126194
2021-06-21 10:01:49,2897.0,126194
2021-06-21 10:01:50,2897.0,126194
2021-06-21 10:01:51,2897.0,126219
2021-06-21 10:01:52,2897.0,126219
2021-06-21 10:01:53,2897.0,126219
2021-06-21 10:01:54,2897.0,126219
2021-06-21 10:01:56,2897.0,126228
2021-06-21 10:01:56,2897.0,126233
2021-06-21 10:01:57,2897.0,126233
2021-06-21 10:01:58,2897.0,126233
2021-06-21 10:01:59,2897.0,126233
2021-06-21 10:02:00,2895.0,126729
2021-06-21 10:02:01,2895.0,126764
2021-06-21 10:02:03,2895.0,126764
2021-06-21 10:02:04,2895.0,126764
2021-06-21 10:02:04,2895.0,126764
2021-06-21 10:02:05,2895.0,126767
2021-06-21 10:02:06,2895.0,126793
2021-06-21 10:02:07,2895.0,126943
2021-06-21 10:02:08,2893.35,127043
2021-06-21 10:02:09,2894.05,127044
2021-06-21 10:02:10,2894.05,127044
2021-06-21 10:02:12,2894.1,127092
2021-06-21 10:02:14,2894.1,127092
2021-06-21 10:02:17,2893.9,127145
2021-06-21 10:02:18,2893.9,127145
2021-06-21 10:02:19,2894.1,127195
2021-06-21 10:02:20,2894.1,127195
2021-06-21 10:02:21,2894.1,127393
2021-06-21 10:02:22,2895.0,127566
2021-06-21 10:02:23,2895.0,127570
2021-06-21 10:02:24,2895.0,127570
2021-06-21 10:02:24,2895.0,127570
2021-06-21 10:02:25,2895.0,127572
2021-06-21 10:02:26,2895.0,127577
2021-06-21 10:02:28,2895.0,127584
2021-06-21 10:02:28,2895.0,127584
2021-06-21 10:02:30,2895.0,127585
2021-06-21 10:02:31,2894.65,127588
2021-06-21 10:02:32,2894.7,127594
2021-06-21 10:02:33,2894.7,127594
2021-06-21 10:02:34,2894.7,127594
2021-06-21 10:02:35,2894.7,127594
2021-06-21 10:02:36,2894.7,127594
2021-06-21 10:02:37,2895.0,127598
2021-06-21 10:02:38,2895.0,127598
2021-06-21 10:02:39,2895.0,127598
2021-06-21 10:02:40,2895.0,127598
2021-06-21 10:02:42,2895.0,127602
2021-06-21 10:02:42,2895.0,127602
2021-06-21 10:02:44,2895.0,127602
2021-06-21 10:02:44,2895.0,127602
2021-06-21 10:02:45,2895.0,127602
2021-06-21 10:02:46,2895.0,127606
2021-06-21 10:02:48,2895.0,127606
2021-06-21 10:02:49,2895.0,127606
2021-06-21 10:02:50,2895.0,127608
2021-06-21 10:02:51,2895.0,127608
2021-06-21 10:02:51,2895.0,127612
2021-06-21 10:02:52,2895.2,128236
2021-06-21 10:02:53,2895.2,128236
2021-06-21 10:02:54,2895.2,128236
2021-06-21 10:02:55,2895.2,128236
2021-06-21 10:02:56,2897.2,128290
2021-06-21 10:02:57,2897.2,128290
2021-06-21 10:02:58,2897.2,128290
2021-06-21 10:02:59,2895.85,128324
2021-06-21 10:03:00,2895.85,128324
2021-06-21 10:03:01,2897.5,128339
2021-06-21 10:03:03,2897.5,128339
2021-06-21 10:03:04,2897.45,128389
2021-06-21 10:03:04,2897.45,128389
2021-06-21 10:03:05,2897.8,128589
2021-06-21 10:03:06,2897.8,128593
2021-06-21 10:03:07,2896.25,128594
2021-06-21 10:03:08,2897.8,128599
2021-06-21 10:03:09,2897.8,128634
2021-06-21 10:03:11,2897.4,128654
2021-06-21 10:03:12,2896.3,128663
2021-06-21 10:03:13,2897.35,128688
2021-06-21 10:03:14,2897.35,128688
2021-06-21 10:03:16,2897.6,128689
2021-06-21 10:03:17,2897.8,128694
2021-06-21 10:03:18,2897.8,128694
2021-06-21 10:03:20,2896.4,128744
2021-06-21 10:03:21,2897.75,128748
2021-06-21 10:03:21,2897.75,128748
2021-06-21 10:03:23,2897.75,128748
2021-06-21 10:03:23,2897.75,128748
2021-06-21 10:03:24,2897.75,128748
2021-06-21 10:03:26,2897.75,128754
2021-06-21 10:03:26,2895.0,129262
2021-06-21 10:03:27,2895.0,129263
2021-06-21 10:03:28,2895.0,129263
2021-06-21 10:03:30,2895.0,129268
2021-06-21 10:03:30,2895.0,129268
2021-06-21 10:03:32,2895.0,129304
2021-06-21 10:03:32,2895.0,129304
2021-06-21 10:03:33,2895.0,129304
2021-06-21 10:03:35,2895.0,129304
2021-06-21 10:03:35,2895.0,129304
2021-06-21 10:03:36,2895.0,129313
2021-06-21 10:03:38,2895.0,129338
2021-06-21 10:03:38,2895.0,129338
2021-06-21 10:03:40,2895.0,129413
2021-06-21 10:03:41,2894.95,129458
2021-06-21 10:03:41,2894.95,129458
2021-06-21 10:03:42,2894.95,129478
2021-06-21 10:03:44,2895.0,129785
2021-06-21 10:03:46,2895.0,129789
2021-06-21 10:03:47,2895.0,129789
2021-06-21 10:03:48,2895.0,129789
2021-06-21 10:03:49,2894.2,129790
2021-06-21 10:03:50,2894.2,129791
2021-06-21 10:03:51,2895.0,129796
2021-06-21 10:03:52,2895.0,129803
2021-06-21 10:03:53,2895.0,130205
2021-06-21 10:03:54,2895.0,130210
2021-06-21 10:03:55,2895.0,130210
2021-06-21 10:03:57,2895.0,130313
2021-06-21 10:03:58,2893.8,130413
2021-06-21 10:03:59,2895.0,130418
2021-06-21 10:04:00,2894.3,130423
2021-06-21 10:04:01,2894.3,130423
2021-06-21 10:04:02,2894.3,130423
2021-06-21 10:04:02,2894.3,130423
2021-06-21 10:04:03,2894.35,130430
2021-06-21 10:04:04,2894.35,130430
2021-06-21 10:04:05,2894.35,130430
2021-06-21 10:04:06,2894.35,130430
2021-06-21 10:04:07,2894.15,130460
2021-06-21 10:04:08,2894.15,130460
2021-06-21 10:04:09,2894.15,130460
2021-06-21 10:04:12,2894.35,130494
2021-06-21 10:04:13,2894.35,130499
2021-06-21 10:04:14,2894.35,130499
2021-06-21 10:04:15,2894.35,130499
2021-06-21 10:04:15,2894.35,130499
2021-06-21 10:04:17,2893.8,130644
2021-06-21 10:04:18,2894.1,130674
2021-06-21 10:04:19,2894.2,130676
2021-06-21 10:04:20,2894.25,130776
2021-06-21 10:04:22,2894.15,130812
2021-06-21 10:04:23,2894.15,130812
2021-06-21 10:04:24,2894.15,130812
2021-06-21 10:04:25,2894.15,130812
2021-06-21 10:04:26,2893.95,130821
2021-06-21 10:04:27,2893.95,130821
2021-06-21 10:04:28,2893.95,130821
2021-06-21 10:04:30,2893.95,130821
2021-06-21 10:04:31,2893.2,130827
2021-06-21 10:04:32,2893.2,130827
2021-06-21 10:04:33,2893.2,130827
2021-06-21 10:04:33,2893.2,130827
2021-06-21 10:04:35,2893.0,130829
2021-06-21 10:04:36,2893.0,130835
2021-06-21 10:04:37,2893.0,130835
2021-06-21 10:04:38,2893.0,130862
2021-06-21 10:04:40,2893.0,130862
2021-06-21 10:04:40,2893.0,130862
2021-06-21 10:04:41,2892.9,130864
2021-06-21 10:04:43,2892.9,130865
2021-06-21 10:04:44,2892.9,130865
2021-06-21 10:04:45,2892.9,130865
2021-06-21 10:04:45,2892.9,130865
2021-06-21 10:04:46,2892.9,130962
2021-06-21 10:04:48,2893.0,130966
2021-06-21 10:04:49,2893.0,130966
2021-06-21 10:04:50,2893.0,130966
2021-06-21 10:04:51,2893.95,130970
2021-06-21 10:04:51,2893.95,130970
2021-06-21 10:04:52,2893.95,130970
2021-06-21 10:04:53,2893.05,130972
2021-06-21 10:04:54,2893.05,130972
2021-06-21 10:04:55,2893.05,130972
2021-06-21 10:04:56,2893.95,130975
2021-06-21 10:04:58,2893.0,131180
2021-06-21 10:04:58,2893.0,131180
2021-06-21 10:04:59,2893.0,131180
2021-06-21 10:05:01,2892.9,131255
2021-06-21 10:05:02,2892.9,131255
2021-06-21 10:05:03,2892.9,131255
2021-06-21 10:05:04,2893.9,131260
2021-06-21 10:05:05,2893.9,131260
2021-06-21 10:05:06,2894.2,131314
2021-06-21 10:05:07,2894.2,131314
2021-06-21 10:05:08,2894.2,131314
2021-06-21 10:05:09,2894.2,131314
2021-06-21 10:05:10,2894.2,131314
2021-06-21 10:05:11,2894.45,131318
2021-06-21 10:05:12,2894.45,131318
2021-06-21 10:05:13,2894.45,131318
2021-06-21 10:05:14,2894.45,131318
2021-06-21 10:05:15,2894.45,131318
2021-06-21 10:05:16,2894.0,131327
2021-06-21 10:05:17,2894.0,131327
2021-06-21 10:05:18,2894.0,131327
2021-06-21 10:05:19,2894.95,131437
2021-06-21 10:05:21,2894.95,131437
2021-06-21 10:05:22,2894.75,131442
2021-06-21 10:05:22,2894.75,131442
2021-06-21 10:05:23,2895.0,131576
2021-06-21 10:05:24,2895.0,131576
2021-06-21 10:05:25,2895.0,131596
2021-06-21 10:05:26,2895.0,131605
2021-06-21 10:05:27,2895.0,131605
2021-06-21 10:05:29,2895.0,131605
2021-06-21 10:05:30,2894.4,131618
2021-06-21 10:05:31,2894.4,131663
2021-06-21 10:05:32,2895.0,131673
2021-06-21 10:05:33,2895.0,131688
2021-06-21 10:05:34,2894.5,131697
2021-06-21 10:05:35,2894.5,131697
2021-06-21 10:05:36,2895.0,131701
2021-06-21 10:05:37,2895.0,131703
2021-06-21 10:05:37,2895.0,131701
2021-06-21 10:05:39,2895.0,131703
2021-06-21 10:05:39,2895.0,131703
2021-06-21 10:05:40,2895.0,131703
2021-06-21 10:05:42,2895.0,131757
2021-06-21 10:05:44,2895.0,131757
2021-06-21 10:05:45,2895.0,131757
2021-06-21 10:05:46,2894.5,131767
2021-06-21 10:05:47,2895.0,131777
2021-06-21 10:05:48,2895.0,131777
2021-06-21 10:05:49,2894.5,131875
2021-06-21 10:05:50,2894.5,131875
2021-06-21 10:05:51,2894.5,131875
2021-06-21 10:05:51,2894.5,131875
2021-06-21 10:05:53,2894.5,131875
2021-06-21 10:05:54,2895.0,131975
2021-06-21 10:05:54,2895.0,131975
2021-06-21 10:05:55,2894.35,132242
2021-06-21 10:05:56,2894.35,132242
2021-06-21 10:05:57,2895.0,132267
2021-06-21 10:05:58,2895.0,132267
2021-06-21 10:05:59,2895.0,132372
2021-06-21 10:06:02,2895.0,132406
2021-06-21 10:06:01,2895.0,132406
2021-06-21 10:06:03,2895.0,132406
2021-06-21 10:06:03,2895.0,132406
2021-06-21 10:06:04,2895.0,132416
2021-06-21 10:06:05,2895.0,132485
2021-06-21 10:06:06,2895.0,132523
2021-06-21 10:06:08,2895.0,132525
2021-06-21 10:06:08,2895.0,132529
2021-06-21 10:06:10,2895.0,132529
2021-06-21 10:06:11,2895.0,132529
2021-06-21 10:06:12,2895.0,132583
2021-06-21 10:06:13,2894.95,132585
2021-06-21 10:06:15,2894.95,132590
2021-06-21 10:06:15,2894.95,132590
2021-06-21 10:06:16,2894.95,132594
2021-06-21 10:06:17,2894.0,132840
2021-06-21 10:06:20,2894.0,132840
2021-06-21 10:06:19,2894.0,132840
2021-06-21 10:06:21,2894.0,132864
2021-06-21 10:06:22,2894.0,132864
2021-06-21 10:06:23,2894.0,132909
2021-06-21 10:06:26,2894.0,132928
2021-06-21 10:06:28,2894.0,132970
2021-06-21 10:06:28,2894.0,132970
2021-06-21 10:06:29,2894.0,132970
2021-06-21 10:06:31,2893.8,132985
2021-06-21 10:06:32,2893.8,132985
2021-06-21 10:06:32,2893.8,132985
2021-06-21 10:06:33,2893.8,132985
2021-06-21 10:06:34,2893.8,132985
2021-06-21 10:06:35,2894.4,132987
2021-06-21 10:06:37,2894.4,132990
2021-06-21 10:06:38,2895.0,133683
2021-06-21 10:06:38,2895.0,133683
2021-06-21 10:06:40,2896.0,134046
2021-06-21 10:06:41,2896.0,134046
2021-06-21 10:06:42,2895.0,134096
2021-06-21 10:06:43,2895.0,134096
2021-06-21 10:06:44,2895.0,134096
2021-06-21 10:06:45,2895.25,134111
2021-06-21 10:06:45,2895.25,134111
2021-06-21 10:06:47,2896.0,134115
2021-06-21 10:06:48,2896.0,134115
2021-06-21 10:06:49,2896.0,134115
2021-06-21 10:06:50,2896.0,134115
2021-06-21 10:06:51,2895.0,134228
2021-06-21 10:06:52,2896.3,134268
2021-06-21 10:06:53,2896.4,134318
2021-06-21 10:06:54,2895.2,134329
2021-06-21 10:06:55,2895.2,134329
2021-06-21 10:06:55,2896.55,134467
2021-06-21 10:06:56,2896.5,134471
2021-06-21 10:06:57,2896.5,134471
2021-06-21 10:06:58,2896.5,134471
2021-06-21 10:07:00,2895.3,134472
2021-06-21 10:07:01,2895.3,134472
2021-06-21 10:07:02,2896.5,134480
2021-06-21 10:07:03,2897.0,134580
2021-06-21 10:07:04,2896.95,134582
2021-06-21 10:07:05,2896.95,134582
2021-06-21 10:07:06,2897.0,134587
2021-06-21 10:07:07,2897.0,134587
2021-06-21 10:07:08,2897.0,134587
2021-06-21 10:07:09,2897.0,134610
2021-06-21 10:07:10,2897.0,134610
2021-06-21 10:07:11,2898.2,134760
2021-06-21 10:07:12,2898.05,134764
2021-06-21 10:07:13,2898.05,134764
2021-06-21 10:07:14,2898.05,134764
2021-06-21 10:07:15,2898.05,134764
2021-06-21 10:07:15,2898.05,134764
2021-06-21 10:07:17,2898.1,134772
2021-06-21 10:07:18,2898.4,134774
2021-06-21 10:07:19,2898.4,134774
2021-06-21 10:07:20,2898.25,134779
2021-06-21 10:07:20,2898.25,134779
2021-06-21 10:07:22,2898.25,134794
2021-06-21 10:07:23,2898.15,134811
2021-06-21 10:07:24,2898.15,134811
2021-06-21 10:07:25,2898.2,134812
2021-06-21 10:07:26,2898.1,134819
2021-06-21 10:07:27,2897.15,134853
2021-06-21 10:07:28,2898.25,134878
2021-06-21 10:07:29,2898.25,134878
2021-06-21 10:07:32,2898.3,134936
2021-06-21 10:07:34,2897.35,134939
2021-06-21 10:07:36,2897.35,134941
2021-06-21 10:07:37,2897.75,134946
2021-06-21 10:07:37,2898.0,135040
2021-06-21 10:07:39,2898.0,135040
2021-06-21 10:07:39,2898.0,135040
2021-06-21 10:07:41,2898.0,135042
2021-06-21 10:07:42,2898.0,135047
2021-06-21 10:07:42,2897.45,135049
2021-06-21 10:07:44,2897.45,135055
2021-06-21 10:07:44,2897.45,135055
2021-06-21 10:07:45,2897.55,135056
2021-06-21 10:07:46,2897.55,135058
2021-06-21 10:07:47,2897.5,135069
2021-06-21 10:07:48,2897.55,135071
2021-06-21 10:07:49,2897.5,135072
2021-06-21 10:07:50,2897.5,135072
2021-06-21 10:07:51,2897.55,135091
2021-06-21 10:07:53,2897.0,135101
2021-06-21 10:07:53,2897.0,135101
2021-06-21 10:07:54,2897.0,135101
2021-06-21 10:07:55,2897.0,135101
2021-06-21 10:07:56,2897.0,135105
2021-06-21 10:07:57,2897.0,135105
2021-06-21 10:07:58,2897.55,135106
2021-06-21 10:07:59,2897.55,135106
2021-06-21 10:08:00,2897.55,135111
2021-06-21 10:08:01,2898.0,135269
2021-06-21 10:08:02,2898.2,135274
2021-06-21 10:08:03,2899.0,135388
2021-06-21 10:08:04,2899.0,135406
2021-06-21 10:08:05,2899.0,135409
2021-06-21 10:08:06,2898.65,135418
2021-06-21 10:08:07,2898.65,135418
2021-06-21 10:08:09,2898.2,135432
2021-06-21 10:08:10,2898.2,135432
2021-06-21 10:08:11,2898.2,135432
2021-06-21 10:08:12,2898.25,135648
2021-06-21 10:08:13,2898.25,135648
2021-06-21 10:08:14,2898.2,135698
2021-06-21 10:08:15,2900.0,135748
2021-06-21 10:08:16,2900.0,135748
2021-06-21 10:08:17,2900.0,135848
2021-06-21 10:08:18,2900.0,135849
2021-06-21 10:08:19,2900.0,135874
2021-06-21 10:08:20,2900.0,135949
2021-06-21 10:08:20,2900.0,135949
2021-06-21 10:08:22,2900.0,136239
2021-06-21 10:08:23,2900.0,136239
2021-06-21 10:08:24,2900.0,136239
2021-06-21 10:08:25,2901.75,136269
2021-06-21 10:08:28,2901.55,136390
2021-06-21 10:08:29,2901.55,136390
2021-06-21 10:08:30,2900.15,136401
2021-06-21 10:08:31,2901.55,136403
2021-06-21 10:08:32,2901.55,136403
2021-06-21 10:08:33,2901.55,136403
2021-06-21 10:08:34,2901.55,136403
2021-06-21 10:08:35,2901.55,136403
2021-06-21 10:08:36,2900.2,136404
2021-06-21 10:08:37,2901.55,136430
2021-06-21 10:08:38,2901.55,136439
2021-06-21 10:08:39,2901.55,136439
2021-06-21 10:08:40,2901.55,136439
2021-06-21 10:08:41,2901.95,136489
2021-06-21 10:08:42,2901.5,136504
2021-06-21 10:08:43,2902.25,136605
2021-06-21 10:08:44,2900.0,136725
2021-06-21 10:08:45,2900.0,136725
2021-06-21 10:08:46,2901.3,136832
2021-06-21 10:08:47,2901.15,136854
2021-06-21 10:08:48,2901.25,136859
2021-06-21 10:08:49,2901.25,136869
2021-06-21 10:08:50,2901.2,136899
2021-06-21 10:08:51,2901.2,136899
2021-06-21 10:08:52,2901.05,136905
2021-06-21 10:08:53,2900.25,136955
2021-06-21 10:08:54,2902.05,137007
2021-06-21 10:08:55,2901.85,137109
2021-06-21 10:08:56,2901.85,137109
2021-06-21 10:08:57,2902.15,137141
2021-06-21 10:08:58,2902.2,137241
2021-06-21 10:08:59,2901.05,137251
2021-06-21 10:09:00,2901.05,137251
2021-06-21 10:09:02,2902.35,137263
2021-06-21 10:09:03,2902.0,137283
2021-06-21 10:09:04,2902.4,137393
2021-06-21 10:09:05,2902.4,137393
2021-06-21 10:09:06,2902.4,137413
2021-06-21 10:09:07,2902.75,137414
2021-06-21 10:09:08,2902.75,137424
2021-06-21 10:09:09,2903.5,137534
2021-06-21 10:09:10,2902.0,137622
2021-06-21 10:09:11,2903.15,137758
2021-06-21 10:09:12,2903.2,138178
