timestamp,ltp,volume
2021-06-21 09:16:28,618.1,384749
2021-06-21 09:16:30,617.95,389155
2021-06-21 09:16:31,617.95,390287
2021-06-21 09:16:32,617.95,392873
2021-06-21 09:16:33,617.55,396608
2021-06-21 09:16:34,618.4,401794
2021-06-21 09:16:35,617.9,402699
2021-06-21 09:16:36,618.2,403260
2021-06-21 09:16:37,618.45,403707
2021-06-21 09:16:38,618.35,407022
2021-06-21 09:16:39,617.8,414327
2021-06-21 09:16:40,617.65,415059
2021-06-21 09:16:41,617.95,415860
2021-06-21 09:16:42,618.0,416574
2021-06-21 09:16:44,618.2,419576
2021-06-21 09:16:45,618.0,421060
2021-06-21 09:16:47,618.35,425681
2021-06-21 09:16:48,617.95,426574
2021-06-21 09:16:49,618.25,427136
2021-06-21 09:16:50,618.4,428323
2021-06-21 09:16:51,618.65,430527
2021-06-21 09:16:53,618.65,431485
2021-06-21 09:16:54,618.65,432039
2021-06-21 09:16:55,618.7,432636
2021-06-21 09:16:56,618.4,433312
2021-06-21 09:16:57,618.65,433653
2021-06-21 09:16:58,618.65,434647
2021-06-21 09:16:59,618.65,435433
2021-06-21 09:17:00,619.3,438785
2021-06-21 09:17:01,619.2,440005
2021-06-21 09:17:02,619.0,443855
2021-06-21 09:17:03,618.85,444143
2021-06-21 09:17:04,618.85,444605
2021-06-21 09:17:05,618.85,445736
2021-06-21 09:17:06,618.5,450444
2021-06-21 09:17:07,618.3,454900
2021-06-21 09:17:08,618.4,455466
2021-06-21 09:17:09,618.4,457303
2021-06-21 09:17:11,618.2,459582
2021-06-21 09:17:13,617.95,466178
2021-06-21 09:17:15,617.65,470168
2021-06-21 09:17:16,617.75,470713
2021-06-21 09:17:17,617.9,474106
2021-06-21 09:17:18,617.8,474795
2021-06-21 09:17:19,617.55,475071
2021-06-21 09:17:20,617.85,475473
2021-06-21 09:17:21,617.85,476123
2021-06-21 09:17:22,617.75,478901
2021-06-21 09:17:23,617.65,479990
2021-06-21 09:17:24,617.65,480142
2021-06-21 09:17:25,617.75,480224
2021-06-21 09:17:26,617.85,480367
2021-06-21 09:17:27,618.0,480678
2021-06-21 09:17:28,617.75,481122
2021-06-21 09:17:30,618.15,482634
2021-06-21 09:17:30,618.15,482634
2021-06-21 09:17:31,617.95,482832
2021-06-21 09:17:32,617.95,483183
2021-06-21 09:17:33,617.85,483606
2021-06-21 09:17:35,617.95,483827
2021-06-21 09:17:35,617.9,484267
2021-06-21 09:17:37,617.85,485311
2021-06-21 09:17:38,617.95,485557
2021-06-21 09:17:39,617.9,486302
2021-06-21 09:17:41,618.25,486723
2021-06-21 09:17:41,618.0,486837
2021-06-21 09:17:42,618.3,487450
2021-06-21 09:17:43,618.25,487610
2021-06-21 09:17:44,618.35,489169
2021-06-21 09:17:45,618.05,489462
2021-06-21 09:17:46,618.2,489829
2021-06-21 09:17:47,618.6,490466
2021-06-21 09:17:49,618.4,491095
2021-06-21 09:17:49,618.4,491095
2021-06-21 09:17:50,618.4,491116
2021-06-21 09:17:52,618.25,494271
2021-06-21 09:17:53,618.2,495038
2021-06-21 09:17:55,618.2,495330
2021-06-21 09:17:55,618.2,495614
2021-06-21 09:17:56,618.2,496495
2021-06-21 09:17:57,618.2,497057
2021-06-21 09:17:58,618.05,497282
2021-06-21 09:17:59,618.2,498175
2021-06-21 09:18:01,618.35,499488
2021-06-21 09:18:01,618.2,499497
2021-06-21 09:18:02,618.35,499851
2021-06-21 09:18:03,618.05,501754
2021-06-21 09:18:04,618.45,502392
2021-06-21 09:18:05,618.15,505060
2021-06-21 09:18:06,618.3,506917
2021-06-21 09:18:07,618.3,507709
2021-06-21 09:18:09,618.4,508211
2021-06-21 09:18:09,618.4,508341
2021-06-21 09:18:10,618.45,508909
2021-06-21 09:18:11,618.25,509306
2021-06-21 09:18:12,618.35,510180
2021-06-21 09:18:13,618.55,512972
2021-06-21 09:18:14,618.55,513656
2021-06-21 09:18:15,618.5,513898
2021-06-21 09:18:16,618.5,514196
2021-06-21 09:18:17,618.75,514893
2021-06-21 09:18:18,618.7,515242
2021-06-21 09:18:20,618.75,515922
2021-06-21 09:18:20,618.5,515800
2021-06-21 09:18:21,618.5,516048
2021-06-21 09:18:22,618.2,517898
2021-06-21 09:18:25,618.1,520199
2021-06-21 09:18:25,618.1,520183
2021-06-21 09:18:26,618.0,524156
2021-06-21 09:18:27,617.65,525734
2021-06-21 09:18:28,617.8,526580
2021-06-21 09:18:29,617.8,528160
2021-06-21 09:18:31,617.6,529693
2021-06-21 09:18:31,617.55,529807
2021-06-21 09:18:32,617.85,531117
2021-06-21 09:18:33,617.7,531348
2021-06-21 09:18:34,617.9,532498
2021-06-21 09:18:35,617.5,533300
2021-06-21 09:18:37,617.5,533805
2021-06-21 09:18:37,617.5,533830
2021-06-21 09:18:38,617.5,535568
2021-06-21 09:18:39,617.7,536224
2021-06-21 09:18:40,617.7,536761
2021-06-21 09:18:41,617.7,537394
2021-06-21 09:18:42,617.8,537587
2021-06-21 09:18:44,617.8,539177
2021-06-21 09:18:45,617.7,539896
2021-06-21 09:18:46,617.7,540435
2021-06-21 09:18:47,617.8,541059
2021-06-21 09:18:48,617.6,542735
2021-06-21 09:18:49,617.7,543158
2021-06-21 09:18:50,617.8,543724
2021-06-21 09:18:52,617.55,544214
2021-06-21 09:18:53,617.8,545875
2021-06-21 09:18:54,617.8,546570
2021-06-21 09:18:55,617.8,547932
2021-06-21 09:18:56,617.75,550927
2021-06-21 09:18:58,617.6,553390
2021-06-21 09:18:58,617.7,553426
2021-06-21 09:18:59,617.8,554466
2021-06-21 09:19:00,617.45,562749
2021-06-21 09:19:01,617.4,563990
2021-06-21 09:19:02,617.15,568956
2021-06-21 09:19:04,617.15,572673
2021-06-21 09:19:04,617.15,573449
2021-06-21 09:19:06,617.4,574313
2021-06-21 09:19:07,617.25,575609
2021-06-21 09:19:08,617.4,580826
2021-06-21 09:19:10,617.45,582707
2021-06-21 09:19:10,617.45,582605
2021-06-21 09:19:12,617.5,584127
2021-06-21 09:19:13,617.5,584978
2021-06-21 09:19:14,617.6,585299
2021-06-21 09:19:15,617.7,585406
2021-06-21 09:19:16,617.65,585741
2021-06-21 09:19:17,617.85,586065
2021-06-21 09:19:19,617.9,588576
2021-06-21 09:19:19,618.0,588517
2021-06-21 09:19:20,618.05,589254
2021-06-21 09:19:21,618.15,590073
2021-06-21 09:19:22,618.1,590583
2021-06-21 09:19:23,618.2,590851
2021-06-21 09:19:25,618.4,591514
2021-06-21 09:19:25,618.35,591291
2021-06-21 09:19:26,618.4,591950
2021-06-21 09:19:28,618.55,594516
2021-06-21 09:19:28,618.6,594476
2021-06-21 09:19:29,618.35,597197
2021-06-21 09:19:30,618.35,598760
2021-06-21 09:19:32,618.6,602284
2021-06-21 09:19:33,618.4,603396
2021-06-21 09:19:34,618.35,603743
2021-06-21 09:19:35,618.5,605620
2021-06-21 09:19:35,618.25,606045
2021-06-21 09:19:36,618.35,606285
2021-06-21 09:19:37,618.55,608142
2021-06-21 09:19:39,618.5,608786
2021-06-21 09:19:40,618.75,610895
2021-06-21 09:19:41,618.9,611587
2021-06-21 09:19:41,618.65,611657
2021-06-21 09:19:42,618.65,612059
2021-06-21 09:19:44,618.55,615278
2021-06-21 09:19:45,618.5,616084
2021-06-21 09:19:45,618.5,616124
2021-06-21 09:19:47,618.65,617708
2021-06-21 09:19:48,618.7,618554
2021-06-21 09:19:49,618.35,621988
2021-06-21 09:19:51,618.4,623298
2021-06-21 09:19:52,618.5,625710
2021-06-21 09:19:53,618.45,627798
2021-06-21 09:19:53,618.25,628002
2021-06-21 09:19:54,618.35,629782
2021-06-21 09:19:55,618.0,630980
2021-06-21 09:19:56,618.3,632377
2021-06-21 09:19:58,618.3,634895
2021-06-21 09:19:59,618.25,635567
2021-06-21 09:20:00,618.4,637249
2021-06-21 09:20:00,618.2,637546
2021-06-21 09:20:01,618.2,639796
2021-06-21 09:20:02,618.2,653144
2021-06-21 09:20:04,617.85,654632
2021-06-21 09:20:05,617.85,657033
2021-06-21 09:20:05,617.8,657637
2021-06-21 09:20:06,617.65,659910
2021-06-21 09:20:07,617.65,660416
2021-06-21 09:20:09,617.7,662147
2021-06-21 09:20:10,617.15,663722
2021-06-21 09:20:11,617.25,664428
2021-06-21 09:20:12,617.25,664801
2021-06-21 09:20:13,617.05,665963
2021-06-21 09:20:14,617.0,666834
2021-06-21 09:20:14,617.15,666894
2021-06-21 09:20:15,617.0,683545
2021-06-21 09:20:16,616.95,684213
2021-06-21 09:20:18,616.95,685816
2021-06-21 09:20:19,617.0,696788
2021-06-21 09:20:19,616.8,697158
2021-06-21 09:20:20,617.0,701172
2021-06-21 09:20:21,616.9,703008
2021-06-21 09:20:22,617.0,709729
2021-06-21 09:20:23,616.65,711381
2021-06-21 09:20:25,616.85,712354
2021-06-21 09:20:26,616.65,712693
2021-06-21 09:20:27,616.95,713359
2021-06-21 09:20:28,617.0,714162
2021-06-21 09:20:29,616.95,714707
2021-06-21 09:20:30,617.05,716156
2021-06-21 09:20:31,617.05,717654
2021-06-21 09:20:31,617.0,717357
2021-06-21 09:20:32,617.0,719166
2021-06-21 09:20:33,617.55,723634
2021-06-21 09:20:34,617.55,725185
2021-06-21 09:20:36,617.35,727646
2021-06-21 09:20:37,617.6,729641
2021-06-21 09:20:37,617.4,729147
2021-06-21 09:20:38,617.7,730802
2021-06-21 09:20:39,617.4,731443
2021-06-21 09:20:41,617.65,732077
2021-06-21 09:20:43,617.7,738562
2021-06-21 09:20:43,617.7,738567
2021-06-21 09:20:44,617.7,741356
2021-06-21 09:20:45,618.0,742712
2021-06-21 09:20:47,617.65,743649
2021-06-21 09:20:49,617.65,745858
2021-06-21 09:20:50,617.6,751565
2021-06-21 09:20:51,617.7,753395
2021-06-21 09:20:53,617.6,753595
2021-06-21 09:20:54,617.7,754150
2021-06-21 09:20:55,617.7,754543
2021-06-21 09:20:55,617.9,754889
2021-06-21 09:20:56,618.0,763619
2021-06-21 09:20:57,617.8,768089
2021-06-21 09:21:00,617.6,780221
2021-06-21 09:21:01,617.85,782698
2021-06-21 09:21:01,617.85,782713
2021-06-21 09:21:02,617.8,790731
2021-06-21 09:21:03,617.9,791067
2021-06-21 09:21:05,617.85,794713
2021-06-21 09:21:06,617.6,797745
2021-06-21 09:21:06,617.8,797561
2021-06-21 09:21:07,618.0,805654
2021-06-21 09:21:08,618.35,809365
2021-06-21 09:21:09,617.95,812602
2021-06-21 09:21:10,617.95,812644
2021-06-21 09:21:11,617.8,815485
2021-06-21 09:21:13,617.5,821051
2021-06-21 09:21:14,617.55,823818
2021-06-21 09:21:14,617.55,823000
2021-06-21 09:21:15,617.75,825261
2021-06-21 09:21:16,617.6,826096
2021-06-21 09:21:18,617.7,829074
2021-06-21 09:21:19,617.85,830296
2021-06-21 09:21:20,617.8,830738
2021-06-21 09:21:20,617.75,830888
2021-06-21 09:21:21,617.8,831558
2021-06-21 09:21:22,617.8,832342
2021-06-21 09:21:23,617.75,833130
2021-06-21 09:21:25,617.65,833841
2021-06-21 09:21:26,617.65,835814
2021-06-21 09:21:27,617.5,837474
2021-06-21 09:21:28,617.65,837820
2021-06-21 09:21:30,617.5,840998
2021-06-21 09:21:31,617.8,842058
2021-06-21 09:21:32,617.6,843356
2021-06-21 09:21:33,617.6,843789
2021-06-21 09:21:34,617.7,843891
2021-06-21 09:21:35,617.55,844748
2021-06-21 09:21:36,617.7,846992
2021-06-21 09:21:37,617.45,848595
2021-06-21 09:21:37,617.4,848633
2021-06-21 09:21:38,617.65,849160
2021-06-21 09:21:39,617.5,849794
2021-06-21 09:21:41,617.7,865998
2021-06-21 09:21:42,617.7,866951
2021-06-21 09:21:43,617.65,867976
2021-06-21 09:21:44,617.55,868640
2021-06-21 09:21:45,617.25,871761
2021-06-21 09:21:45,617.2,871750
2021-06-21 09:21:46,617.05,874405
2021-06-21 09:21:47,617.2,876723
2021-06-21 09:21:49,617.15,878866
2021-06-21 09:21:50,617.05,879815
2021-06-21 09:21:51,617.15,880737
2021-06-21 09:21:52,617.15,882214
2021-06-21 09:21:52,617.15,882214
2021-06-21 09:21:54,617.15,883376
2021-06-21 09:21:56,617.35,888326
2021-06-21 09:21:57,617.35,888745
2021-06-21 09:21:58,617.5,889458
2021-06-21 09:21:59,617.7,890067
2021-06-21 09:22:01,617.2,891190
2021-06-21 09:22:02,617.4,896548
2021-06-21 09:22:03,617.45,898246
2021-06-21 09:22:04,617.7,898597
2021-06-21 09:22:05,617.35,898975
2021-06-21 09:22:06,617.35,899620
2021-06-21 09:22:07,617.85,902207
2021-06-21 09:22:08,617.85,902300
2021-06-21 09:22:09,617.8,903306
2021-06-21 09:22:10,617.7,903420
2021-06-21 09:22:11,617.95,903784
2021-06-21 09:22:12,617.9,903820
2021-06-21 09:22:13,617.8,904090
2021-06-21 09:22:14,617.75,904424
2021-06-21 09:22:15,617.6,906193
2021-06-21 09:22:16,617.5,907002
2021-06-21 09:22:17,617.8,908380
2021-06-21 09:22:18,617.75,908672
2021-06-21 09:22:19,617.75,908784
2021-06-21 09:22:20,617.75,910204
2021-06-21 09:22:21,617.75,911420
2021-06-21 09:22:22,617.8,912120
2021-06-21 09:22:23,617.7,916566
2021-06-21 09:22:24,617.7,917628
2021-06-21 09:22:25,618.0,918056
2021-06-21 09:22:26,617.8,918296
2021-06-21 09:22:28,617.75,921971
2021-06-21 09:22:30,618.0,922660
2021-06-21 09:22:31,618.0,923743
2021-06-21 09:22:32,617.8,924392
2021-06-21 09:22:33,618.0,924824
2021-06-21 09:22:34,618.0,925806
2021-06-21 09:22:35,618.0,926412
2021-06-21 09:22:36,617.8,926723
2021-06-21 09:22:37,618.0,926884
2021-06-21 09:22:38,618.05,936247
2021-06-21 09:22:39,618.1,937508
2021-06-21 09:22:40,618.0,937822
2021-06-21 09:22:41,618.3,939882
2021-06-21 09:22:42,618.15,939928
2021-06-21 09:22:43,618.2,941192
2021-06-21 09:22:44,618.35,946806
2021-06-21 09:22:45,618.0,947846
2021-06-21 09:22:46,618.05,950217
2021-06-21 09:22:47,617.8,950886
2021-06-21 09:22:48,618.05,951322
2021-06-21 09:22:49,618.05,955847
2021-06-21 09:22:50,618.05,956888
2021-06-21 09:22:51,617.7,960617
2021-06-21 09:22:52,617.7,961270
2021-06-21 09:22:54,618.2,972965
2021-06-21 09:22:55,618.15,977728
2021-06-21 09:22:56,618.15,980274
2021-06-21 09:22:57,618.1,980788
2021-06-21 09:22:58,618.0,982270
2021-06-21 09:22:59,617.9,982563
2021-06-21 09:23:00,617.7,983550
2021-06-21 09:23:01,617.9,983859
2021-06-21 09:23:02,617.75,985205
2021-06-21 09:23:03,617.5,993909
2021-06-21 09:23:04,617.15,999640
2021-06-21 09:23:05,617.25,1004546
2021-06-21 09:23:06,617.05,1005616
2021-06-21 09:23:06,617.25,1006427
2021-06-21 09:23:07,617.0,1007097
2021-06-21 09:23:08,617.1,1008941
2021-06-21 09:23:09,617.05,1010226
2021-06-21 09:23:10,617.05,1010673
2021-06-21 09:23:11,617.05,1011107
2021-06-21 09:23:12,617.05,1012465
2021-06-21 09:23:13,617.1,1013700
2021-06-21 09:23:14,617.05,1014129
2021-06-21 09:23:15,617.1,1014687
2021-06-21 09:23:16,617.1,1015699
2021-06-21 09:23:17,617.1,1016614
2021-06-21 09:23:18,617.05,1016862
2021-06-21 09:23:19,617.1,1018580
2021-06-21 09:23:20,617.05,1019306
2021-06-21 09:23:21,616.95,1042154
2021-06-21 09:23:22,616.9,1048897
2021-06-21 09:23:23,616.65,1050720
2021-06-21 09:23:24,616.9,1059414
2021-06-21 09:23:25,616.9,1063691
2021-06-21 09:23:26,616.8,1065022
2021-06-21 09:23:28,616.8,1067565
2021-06-21 09:23:29,616.75,1070461
2021-06-21 09:23:30,616.5,1072595
2021-06-21 09:23:31,616.7,1074205
2021-06-21 09:23:32,616.65,1076605
2021-06-21 09:23:33,616.7,1078199
2021-06-21 09:23:34,616.7,1081471
2021-06-21 09:23:35,616.7,1083855
2021-06-21 09:23:36,616.7,1086004
2021-06-21 09:23:37,616.75,1088999
2021-06-21 09:23:38,616.95,1093299
2021-06-21 09:23:39,617.0,1094147
2021-06-21 09:23:40,617.1,1096471
2021-06-21 09:23:41,617.1,1097047
2021-06-21 09:23:42,617.05,1097711
2021-06-21 09:23:43,617.1,1101589
2021-06-21 09:23:44,617.35,1102659
2021-06-21 09:23:45,617.65,1105985
2021-06-21 09:23:46,617.65,1107736
2021-06-21 09:23:47,617.5,1107958
2021-06-21 09:23:48,617.6,1109217
2021-06-21 09:23:49,617.6,1110018
2021-06-21 09:23:50,617.6,1110752
2021-06-21 09:23:51,617.6,1112253
2021-06-21 09:23:51,617.6,1112253
2021-06-21 09:23:52,617.7,1112466
2021-06-21 09:23:53,617.7,1112782
2021-06-21 09:23:54,617.65,1112957
2021-06-21 09:23:56,617.7,1114537
2021-06-21 09:23:57,617.6,1116902
2021-06-21 09:23:58,617.7,1117806
2021-06-21 09:23:59,617.65,1119093
2021-06-21 09:24:00,617.6,1119828
2021-06-21 09:24:01,617.5,1120018
2021-06-21 09:24:02,617.8,1120393
2021-06-21 09:24:03,617.7,1120861
2021-06-21 09:24:04,617.9,1121066
2021-06-21 09:24:05,617.9,1121126
2021-06-21 09:24:06,617.9,1121619
2021-06-21 09:24:07,617.95,1121774
2021-06-21 09:24:08,617.9,1122078
2021-06-21 09:24:09,617.8,1122723
2021-06-21 09:24:10,617.9,1126221
2021-06-21 09:24:11,617.9,1127720
2021-06-21 09:24:12,617.9,1128210
2021-06-21 09:24:13,617.9,1128416
2021-06-21 09:24:14,617.8,1144888
2021-06-21 09:24:15,617.75,1147712
2021-06-21 09:24:16,617.65,1154023
2021-06-21 09:24:17,617.75,1167849
2021-06-21 09:24:18,617.55,1171372
2021-06-21 09:24:19,617.3,1172220
2021-06-21 09:24:20,617.3,1173258
2021-06-21 09:24:21,617.3,1174525
2021-06-21 09:24:22,617.35,1179244
2021-06-21 09:24:23,617.6,1180164
2021-06-21 09:24:24,617.5,1181077
2021-06-21 09:24:25,617.45,1181322
2021-06-21 09:24:26,617.5,1181348
2021-06-21 09:24:27,617.7,1181481
2021-06-21 09:24:28,617.85,1182204
2021-06-21 09:24:29,617.9,1182436
2021-06-21 09:24:30,617.85,1183524
2021-06-21 09:24:31,617.85,1183795
2021-06-21 09:24:32,617.75,1184764
2021-06-21 09:24:33,617.75,1186264
2021-06-21 09:24:34,618.25,1190107
2021-06-21 09:24:35,618.25,1190151
2021-06-21 09:24:36,618.05,1190325
2021-06-21 09:24:37,618.4,1192832
2021-06-21 09:24:38,618.35,1193473
2021-06-21 09:24:39,618.6,1193964
2021-06-21 09:24:40,618.45,1194178
2021-06-21 09:24:41,618.75,1194804
2021-06-21 09:24:42,618.65,1195092
2021-06-21 09:24:43,618.7,1195184
2021-06-21 09:24:44,618.6,1195488
2021-06-21 09:24:45,618.7,1195573
2021-06-21 09:24:46,618.85,1196495
2021-06-21 09:24:47,618.7,1196838
2021-06-21 09:24:48,619.0,1201915
2021-06-21 09:24:49,619.0,1205164
2021-06-21 09:24:50,619.0,1206572
2021-06-21 09:24:51,619.0,1207334
2021-06-21 09:24:52,619.05,1208077
2021-06-21 09:24:53,619.0,1209882
2021-06-21 09:24:53,619.15,1210062
2021-06-21 09:24:54,619.15,1210678
2021-06-21 09:24:55,619.15,1211032
2021-06-21 09:24:56,619.0,1212976
2021-06-21 09:24:57,619.3,1219123
2021-06-21 09:24:58,619.0,1221895
2021-06-21 09:24:59,619.0,1222905
2021-06-21 09:25:00,619.0,1223491
2021-06-21 09:25:01,619.25,1224604
2021-06-21 09:25:02,619.25,1225822
2021-06-21 09:25:03,619.05,1226348
2021-06-21 09:25:04,619.35,1227669
2021-06-21 09:25:05,619.3,1228127
2021-06-21 09:25:06,619.4,1230229
2021-06-21 09:25:07,619.1,1230943
2021-06-21 09:25:08,619.25,1234114
2021-06-21 09:25:09,619.25,1234714
2021-06-21 09:25:10,619.4,1236373
2021-06-21 09:25:11,619.4,1236731
2021-06-21 09:25:12,619.3,1237113
2021-06-21 09:25:13,619.25,1238340
2021-06-21 09:25:14,619.15,1239524
2021-06-21 09:25:15,619.2,1242930
2021-06-21 09:25:16,619.2,1243102
2021-06-21 09:25:17,619.05,1245769
2021-06-21 09:25:18,618.95,1246226
2021-06-21 09:25:19,618.7,1247151
2021-06-21 09:25:20,618.85,1247407
2021-06-21 09:25:21,618.85,1247778
2021-06-21 09:25:22,618.85,1248617
2021-06-21 09:25:23,618.85,1249247
2021-06-21 09:25:24,618.85,1252748
2021-06-21 09:25:25,618.6,1253741
2021-06-21 09:25:26,618.6,1255126
2021-06-21 09:25:27,618.6,1255658
2021-06-21 09:25:29,618.6,1256964
2021-06-21 09:25:30,618.7,1258341
2021-06-21 09:25:31,618.75,1259268
2021-06-21 09:25:32,618.85,1260650
2021-06-21 09:25:33,618.95,1261742
2021-06-21 09:25:34,619.0,1262171
2021-06-21 09:25:35,618.7,1262655
2021-06-21 09:25:36,619.0,1262966
2021-06-21 09:25:37,619.0,1263348
2021-06-21 09:25:38,618.95,1263613
2021-06-21 09:25:39,619.0,1264261
2021-06-21 09:25:40,618.8,1264432
2021-06-21 09:25:41,619.15,1270175
2021-06-21 09:25:42,618.9,1271455
2021-06-21 09:25:43,618.65,1271905
2021-06-21 09:25:44,618.9,1272511
2021-06-21 09:25:45,618.9,1272915
2021-06-21 09:25:46,618.9,1273172
2021-06-21 09:25:47,619.05,1274382
2021-06-21 09:25:48,619.0,1275124
2021-06-21 09:25:49,619.0,1275165
2021-06-21 09:25:50,619.0,1276880
2021-06-21 09:25:51,618.9,1277322
2021-06-21 09:25:53,619.2,1277587
2021-06-21 09:25:54,619.05,1278561
2021-06-21 09:25:55,619.1,1278984
2021-06-21 09:25:56,618.9,1285523
2021-06-21 09:25:57,618.9,1286143
2021-06-21 09:25:58,618.9,1286969
2021-06-21 09:25:59,618.9,1287546
2021-06-21 09:26:00,618.7,1288121
2021-06-21 09:26:01,618.95,1288382
2021-06-21 09:26:02,618.8,1288578
2021-06-21 09:26:03,618.9,1288977
2021-06-21 09:26:04,618.95,1289363
2021-06-21 09:26:05,618.95,1290373
2021-06-21 09:26:06,618.95,1291776
2021-06-21 09:26:07,618.95,1292090
2021-06-21 09:26:08,618.95,1292947
2021-06-21 09:26:09,618.95,1293679
2021-06-21 09:26:10,618.9,1294280
2021-06-21 09:26:11,619.0,1294567
2021-06-21 09:26:12,618.95,1295842
2021-06-21 09:26:13,619.0,1297163
2021-06-21 09:26:14,618.9,1298278
2021-06-21 09:26:15,618.8,1299577
2021-06-21 09:26:16,618.85,1301165
2021-06-21 09:26:17,618.85,1301645
2021-06-21 09:26:18,618.75,1302160
2021-06-21 09:26:19,618.8,1302734
2021-06-21 09:26:20,618.7,1302764
2021-06-21 09:26:21,618.7,1303434
2021-06-21 09:26:22,618.65,1304008
2021-06-21 09:26:23,618.85,1308224
2021-06-21 09:26:24,618.8,1309613
2021-06-21 09:26:25,618.75,1309680
2021-06-21 09:26:26,618.8,1310182
2021-06-21 09:26:27,618.75,1310709
2021-06-21 09:26:28,618.75,1312305
2021-06-21 09:26:29,618.9,1313873
2021-06-21 09:26:30,618.7,1314265
2021-06-21 09:26:31,618.95,1314723
2021-06-21 09:26:32,618.95,1315015
2021-06-21 09:26:33,619.0,1315310
2021-06-21 09:26:34,619.0,1315564
2021-06-21 09:26:35,618.9,1315739
2021-06-21 09:26:36,618.8,1315872
2021-06-21 09:26:37,618.9,1317437
2021-06-21 09:26:38,618.8,1317976
2021-06-21 09:26:39,618.6,1319524
2021-06-21 09:26:40,618.75,1319755
2021-06-21 09:26:41,618.9,1320224
2021-06-21 09:26:42,618.7,1320688
2021-06-21 09:26:43,618.7,1320829
2021-06-21 09:26:44,618.7,1320960
2021-06-21 09:26:45,618.7,1321312
2021-06-21 09:26:46,618.65,1322589
2021-06-21 09:26:47,618.65,1323028
2021-06-21 09:26:48,618.25,1334593
2021-06-21 09:26:49,618.15,1336594
2021-06-21 09:26:50,618.15,1337715
2021-06-21 09:26:51,618.0,1339150
2021-06-21 09:26:52,618.05,1339299
2021-06-21 09:26:53,618.0,1343485
2021-06-21 09:26:54,618.05,1343560
2021-06-21 09:26:55,618.05,1343649
2021-06-21 09:26:56,618.05,1343703
2021-06-21 09:26:57,618.15,1343991
2021-06-21 09:26:58,618.0,1348329
2021-06-21 09:26:59,618.0,1349646
2021-06-21 09:27:00,617.95,1350404
2021-06-21 09:27:01,617.9,1351485
2021-06-21 09:27:02,617.85,1352549
2021-06-21 09:27:04,617.9,1353204
2021-06-21 09:27:05,618.05,1357466
2021-06-21 09:27:06,618.4,1359958
2021-06-21 09:27:07,618.2,1360740
2021-06-21 09:27:08,618.35,1361190
2021-06-21 09:27:09,618.4,1361460
2021-06-21 09:27:10,618.4,1361790
2021-06-21 09:27:11,618.45,1362292
2021-06-21 09:27:12,618.15,1362420
2021-06-21 09:27:13,618.1,1362537
2021-06-21 09:27:14,618.4,1364064
2021-06-21 09:27:15,618.1,1364572
2021-06-21 09:27:16,618.4,1365099
2021-06-21 09:27:17,618.35,1365541
2021-06-21 09:27:18,618.4,1365717
2021-06-21 09:27:19,618.4,1365799
2021-06-21 09:27:20,618.3,1365897
2021-06-21 09:27:21,618.3,1367005
2021-06-21 09:27:22,618.35,1368050
2021-06-21 09:27:23,618.4,1368586
2021-06-21 09:27:24,618.4,1368968
2021-06-21 09:27:25,618.45,1369073
2021-06-21 09:27:26,618.45,1369397
2021-06-21 09:27:27,618.55,1369938
2021-06-21 09:27:29,618.4,1370784
2021-06-21 09:27:30,618.45,1371070
2021-06-21 09:27:31,618.3,1372721
2021-06-21 09:27:32,618.25,1373233
2021-06-21 09:27:33,618.6,1373899
2021-06-21 09:27:34,618.45,1374626
2021-06-21 09:27:35,618.55,1374948
2021-06-21 09:27:36,618.55,1375172
2021-06-21 09:27:37,618.4,1376208
2021-06-21 09:27:38,618.4,1376534
2021-06-21 09:27:39,618.55,1379191
2021-06-21 09:27:40,618.6,1380016
2021-06-21 09:27:41,618.6,1380275
2021-06-21 09:27:42,618.5,1381141
2021-06-21 09:27:43,618.5,1382222
2021-06-21 09:27:44,618.4,1382715
2021-06-21 09:27:45,618.55,1382944
2021-06-21 09:27:46,618.55,1383795
2021-06-21 09:27:47,618.55,1384182
2021-06-21 09:27:48,618.15,1384878
2021-06-21 09:27:49,618.35,1385152
2021-06-21 09:27:50,618.4,1385237
2021-06-21 09:27:51,618.5,1385482
2021-06-21 09:27:52,618.55,1385610
2021-06-21 09:27:53,618.35,1385880
2021-06-21 09:27:54,618.4,1386085
2021-06-21 09:27:55,618.25,1386588
2021-06-21 09:27:56,618.4,1387003
2021-06-21 09:27:57,618.25,1387367
2021-06-21 09:27:58,618.4,1388728
2021-06-21 09:27:59,618.55,1391877
2021-06-21 09:28:00,618.5,1395655
2021-06-21 09:28:01,618.5,1396203
2021-06-21 09:28:02,618.55,1396608
2021-06-21 09:28:03,618.5,1396645
2021-06-21 09:28:04,618.6,1396725
2021-06-21 09:28:05,618.55,1397569
2021-06-21 09:28:07,618.55,1397824
2021-06-21 09:28:08,618.7,1399177
2021-06-21 09:28:08,618.7,1399227
2021-06-21 09:28:09,618.7,1401227
2021-06-21 09:28:10,618.85,1401877
2021-06-21 09:28:11,618.5,1403257
2021-06-21 09:28:12,618.35,1404542
2021-06-21 09:28:13,618.5,1404872
2021-06-21 09:28:14,618.5,1405121
2021-06-21 09:28:15,618.5,1405264
2021-06-21 09:28:16,618.6,1405756
2021-06-21 09:28:17,618.6,1405968
2021-06-21 09:28:18,618.5,1406255
2021-06-21 09:28:19,618.65,1406399
2021-06-21 09:28:20,618.8,1407483
2021-06-21 09:28:21,618.8,1407992
2021-06-21 09:28:22,618.6,1408146
2021-06-21 09:28:23,618.65,1408277
2021-06-21 09:28:24,618.85,1410414
2021-06-21 09:28:25,618.55,1411045
2021-06-21 09:28:27,618.7,1411538
2021-06-21 09:28:28,618.6,1411815
2021-06-21 09:28:29,618.6,1411905
2021-06-21 09:28:29,618.6,1411906
2021-06-21 09:28:30,618.6,1412015
2021-06-21 09:28:31,618.65,1412037
2021-06-21 09:28:32,618.75,1412061
2021-06-21 09:28:33,618.6,1412320
2021-06-21 09:28:34,618.6,1412617
2021-06-21 09:28:35,618.6,1413181
2021-06-21 09:28:37,618.75,1414509
2021-06-21 09:28:38,618.55,1415684
2021-06-21 09:28:39,618.3,1418433
2021-06-21 09:28:40,618.35,1418627
2021-06-21 09:28:41,618.5,1419015
2021-06-21 09:28:42,618.4,1419637
2021-06-21 09:28:43,618.4,1420245
2021-06-21 09:28:44,618.25,1420450
2021-06-21 09:28:45,618.3,1420984
2021-06-21 09:28:46,618.25,1422069
2021-06-21 09:28:47,618.25,1422246
2021-06-21 09:28:48,618.35,1422417
2021-06-21 09:28:49,618.35,1423589
2021-06-21 09:28:50,618.25,1423885
2021-06-21 09:28:51,618.25,1424234
2021-06-21 09:28:52,618.25,1424719
2021-06-21 09:28:53,618.35,1425653
2021-06-21 09:28:54,618.35,1427095
2021-06-21 09:28:55,618.2,1428567
2021-06-21 09:28:56,618.25,1429171
2021-06-21 09:28:57,618.2,1429726
2021-06-21 09:28:58,618.35,1429869
2021-06-21 09:28:59,618.35,1431464
2021-06-21 09:29:00,618.35,1432505
2021-06-21 09:29:01,618.35,1433011
2021-06-21 09:29:02,618.35,1433139
2021-06-21 09:29:03,618.35,1434871
2021-06-21 09:29:04,618.35,1435531
2021-06-21 09:29:05,618.3,1435786
2021-06-21 09:29:06,618.3,1436719
2021-06-21 09:29:08,618.3,1437326
2021-06-21 09:29:09,618.35,1437618
2021-06-21 09:29:10,618.25,1440023
2021-06-21 09:29:11,618.2,1441451
2021-06-21 09:29:12,618.35,1441655
2021-06-21 09:29:13,618.35,1442505
2021-06-21 09:29:14,618.3,1442753
2021-06-21 09:29:15,618.3,1443184
2021-06-21 09:29:16,618.35,1443346
2021-06-21 09:29:18,618.35,1445305
2021-06-21 09:29:19,618.35,1445620
2021-06-21 09:29:20,618.3,1446430
2021-06-21 09:29:21,618.3,1447055
2021-06-21 09:29:21,618.3,1448767
2021-06-21 09:29:22,618.35,1450683
2021-06-21 09:29:23,618.35,1451790
2021-06-21 09:29:24,618.35,1453253
2021-06-21 09:29:25,618.35,1454991
2021-06-21 09:29:26,618.35,1457455
2021-06-21 09:29:27,618.25,1458136
2021-06-21 09:29:28,618.2,1458196
2021-06-21 09:29:29,618.2,1458211
2021-06-21 09:29:30,618.25,1458846
2021-06-21 09:29:31,618.25,1459110
2021-06-21 09:29:32,618.3,1459911
2021-06-21 09:29:33,618.3,1460793
2021-06-21 09:29:34,618.25,1461109
2021-06-21 09:29:35,618.15,1462158
2021-06-21 09:29:36,618.25,1464111
2021-06-21 09:29:37,618.25,1470897
2021-06-21 09:29:38,618.2,1472561
2021-06-21 09:29:39,618.4,1473129
2021-06-21 09:29:41,618.4,1473359
2021-06-21 09:29:42,618.3,1473909
2021-06-21 09:29:43,618.2,1474242
2021-06-21 09:29:43,618.45,1474301
2021-06-21 09:29:44,618.3,1474690
2021-06-21 09:29:45,618.2,1474872
2021-06-21 09:29:46,618.45,1474942
2021-06-21 09:29:47,618.4,1474988
2021-06-21 09:29:48,618.05,1475769
2021-06-21 09:29:49,618.1,1476377
2021-06-21 09:29:50,618.1,1477107
2021-06-21 09:29:51,618.3,1477481
2021-06-21 09:29:52,618.1,1478160
2021-06-21 09:29:53,618.15,1478463
2021-06-21 09:29:54,618.2,1478590
2021-06-21 09:29:55,618.2,1479059
2021-06-21 09:29:56,618.2,1479839
2021-06-21 09:29:57,618.2,1479855
2021-06-21 09:29:58,618.2,1480332
2021-06-21 09:29:59,618.15,1480682
2021-06-21 09:30:00,618.1,1482793
2021-06-21 09:30:01,618.15,1482973
2021-06-21 09:30:02,618.15,1483279
2021-06-21 09:30:03,618.1,1483732
2021-06-21 09:30:04,618.15,1484117
2021-06-21 09:30:05,618.15,1484348
2021-06-21 09:30:07,617.95,1501052
2021-06-21 09:30:08,617.95,1501724
2021-06-21 09:30:09,618.0,1505112
2021-06-21 09:30:11,618.0,1505602
2021-06-21 09:30:12,617.8,1506309
2021-06-21 09:30:13,617.95,1507048
2021-06-21 09:30:14,617.85,1507436
2021-06-21 09:30:16,617.95,1508640
2021-06-21 09:30:17,617.95,1509211
2021-06-21 09:30:18,617.95,1509486
2021-06-21 09:30:19,617.8,1510709
2021-06-21 09:30:19,617.85,1510840
2021-06-21 09:30:20,617.8,1511861
2021-06-21 09:30:21,617.8,1512729
2021-06-21 09:30:22,617.8,1513150
2021-06-21 09:30:23,617.85,1514207
2021-06-21 09:30:24,617.8,1514558
2021-06-21 09:30:25,617.8,1515786
2021-06-21 09:30:26,617.8,1516347
2021-06-21 09:30:28,617.7,1517035
2021-06-21 09:30:29,617.75,1518338
2021-06-21 09:30:30,617.75,1518766
2021-06-21 09:30:31,617.65,1519309
2021-06-21 09:30:32,617.75,1520049
2021-06-21 09:30:33,617.75,1522054
2021-06-21 09:30:34,617.85,1522564
2021-06-21 09:30:35,618.25,1524003
2021-06-21 09:30:36,618.05,1524500
2021-06-21 09:30:37,618.25,1524646
2021-06-21 09:30:38,618.15,1525577
2021-06-21 09:30:39,618.3,1526561
2021-06-21 09:30:40,618.5,1526872
2021-06-21 09:30:41,618.45,1527473
2021-06-21 09:30:42,618.5,1527843
2021-06-21 09:30:43,618.5,1531142
2021-06-21 09:30:44,618.6,1534175
2021-06-21 09:30:44,618.8,1533980
2021-06-21 09:30:45,618.5,1535252
2021-06-21 09:30:46,618.7,1535435
2021-06-21 09:30:47,618.7,1535861
2021-06-21 09:30:48,618.75,1537807
2021-06-21 09:30:49,618.85,1541305
2021-06-21 09:30:50,618.85,1544465
2021-06-21 09:30:51,619.05,1545267
2021-06-21 09:30:52,619.0,1546451
2021-06-21 09:30:53,619.15,1548324
2021-06-21 09:30:54,619.15,1549200
2021-06-21 09:30:55,619.2,1549706
2021-06-21 09:30:56,619.0,1549943
2021-06-21 09:30:57,619.2,1550632
2021-06-21 09:30:58,619.05,1550948
2021-06-21 09:30:59,619.05,1551193
2021-06-21 09:31:00,619.2,1552016
2021-06-21 09:31:01,619.05,1552951
2021-06-21 09:31:02,619.05,1553571
2021-06-21 09:31:03,619.2,1553922
2021-06-21 09:31:04,619.0,1558007
2021-06-21 09:31:05,619.05,1559402
2021-06-21 09:31:06,619.05,1560195
2021-06-21 09:31:07,619.05,1560479
2021-06-21 09:31:09,619.0,1561169
2021-06-21 09:31:10,619.05,1561383
2021-06-21 09:31:11,619.05,1565546
2021-06-21 09:31:12,618.95,1566058
2021-06-21 09:31:13,618.95,1567922
2021-06-21 09:31:13,619.0,1568078
2021-06-21 09:31:14,618.95,1568504
2021-06-21 09:31:15,618.85,1569024
2021-06-21 09:31:16,618.85,1570387
2021-06-21 09:31:17,618.7,1570738
2021-06-21 09:31:18,618.7,1571063
2021-06-21 09:31:19,618.95,1571245
2021-06-21 09:31:20,618.9,1572141
2021-06-21 09:31:21,618.75,1572316
2021-06-21 09:31:22,618.7,1575943
2021-06-21 09:31:23,618.95,1576956
2021-06-21 09:31:24,618.9,1577210
2021-06-21 09:31:25,618.95,1577536
2021-06-21 09:31:26,619.05,1580375
2021-06-21 09:31:27,618.95,1582085
2021-06-21 09:31:29,619.05,1583848
2021-06-21 09:31:30,619.15,1588579
2021-06-21 09:31:31,619.15,1590061
2021-06-21 09:31:32,619.2,1592129
2021-06-21 09:31:33,619.2,1595513
2021-06-21 09:31:34,619.25,1596534
2021-06-21 09:31:35,619.25,1597925
2021-06-21 09:31:36,619.3,1598365
2021-06-21 09:31:37,619.3,1598813
2021-06-21 09:31:38,619.35,1598981
2021-06-21 09:31:39,619.4,1604040
2021-06-21 09:31:40,619.5,1608370
2021-06-21 09:31:41,619.7,1615540
2021-06-21 09:31:42,619.6,1618924
2021-06-21 09:31:43,619.65,1621824
2021-06-21 09:31:45,619.95,1627504
2021-06-21 09:31:46,619.85,1628847
2021-06-21 09:31:47,619.9,1637315
2021-06-21 09:31:48,620.0,1640829
2021-06-21 09:31:49,619.95,1645610
2021-06-21 09:31:50,620.25,1653429
2021-06-21 09:31:51,620.15,1654225
2021-06-21 09:31:52,620.1,1655262
2021-06-21 09:31:53,620.1,1655672
2021-06-21 09:31:54,620.65,1662230
2021-06-21 09:31:54,620.65,1662503
2021-06-21 09:31:55,620.4,1663875
2021-06-21 09:31:56,620.65,1664642
2021-06-21 09:31:57,620.5,1664880
2021-06-21 09:31:58,620.55,1665460
2021-06-21 09:31:59,620.35,1667426
2021-06-21 09:32:00,620.35,1668912
2021-06-21 09:32:01,620.35,1669120
2021-06-21 09:32:02,620.45,1671161
2021-06-21 09:32:03,620.25,1671806
2021-06-21 09:32:04,620.4,1671962
2021-06-21 09:32:05,620.4,1672477
2021-06-21 09:32:06,620.35,1672739
2021-06-21 09:32:07,620.35,1673249
2021-06-21 09:32:09,620.45,1675190
2021-06-21 09:32:10,620.4,1676128
2021-06-21 09:32:11,620.15,1677245
2021-06-21 09:32:12,620.35,1677526
2021-06-21 09:32:13,620.35,1677850
2021-06-21 09:32:14,620.25,1679787
2021-06-21 09:32:14,620.45,1680316
2021-06-21 09:32:15,620.4,1680692
2021-06-21 09:32:17,620.3,1682538
2021-06-21 09:32:18,620.35,1685500
2021-06-21 09:32:19,620.35,1685795
2021-06-21 09:32:20,620.4,1688298
2021-06-21 09:32:20,620.4,1688300
2021-06-21 09:32:21,620.4,1689304
2021-06-21 09:32:23,620.5,1693453
2021-06-21 09:32:24,620.4,1693933
2021-06-21 09:32:25,620.4,1694285
2021-06-21 09:32:26,620.45,1695850
2021-06-21 09:32:26,620.45,1695850
2021-06-21 09:32:27,620.5,1696151
2021-06-21 09:32:30,620.6,1705369
2021-06-21 09:32:31,620.55,1705644
2021-06-21 09:32:32,620.55,1709850
2021-06-21 09:32:33,620.6,1710615
2021-06-21 09:32:34,620.75,1714995
2021-06-21 09:32:35,620.75,1715783
2021-06-21 09:32:36,620.8,1716138
2021-06-21 09:32:37,620.95,1718539
2021-06-21 09:32:37,620.7,1721234
2021-06-21 09:32:38,620.85,1723627
2021-06-21 09:32:40,620.7,1723873
2021-06-21 09:32:41,620.6,1724207
2021-06-21 09:32:42,620.6,1727852
2021-06-21 09:32:42,620.75,1727884
2021-06-21 09:32:43,620.75,1728051
2021-06-21 09:32:44,620.4,1733189
2021-06-21 09:32:45,620.4,1734437
2021-06-21 09:32:47,620.45,1734841
2021-06-21 09:32:48,620.55,1736973
2021-06-21 09:32:50,620.6,1741929
2021-06-21 09:32:51,620.55,1742814
2021-06-21 09:32:52,620.75,1744300
2021-06-21 09:32:52,620.75,1744300
2021-06-21 09:32:53,620.8,1744439
2021-06-21 09:32:55,620.85,1747483
2021-06-21 09:32:57,620.85,1755711
2021-06-21 09:32:58,620.8,1756817
2021-06-21 09:32:59,620.75,1757071
2021-06-21 09:33:00,620.85,1758433
2021-06-21 09:33:01,620.75,1759603
2021-06-21 09:33:01,620.75,1759603
2021-06-21 09:33:02,620.75,1759754
2021-06-21 09:33:03,620.75,1760781
2021-06-21 09:33:05,620.75,1761176
2021-06-21 09:33:06,620.75,1763904
2021-06-21 09:33:07,620.75,1764036
2021-06-21 09:33:08,620.75,1764148
2021-06-21 09:33:11,620.7,1767791
2021-06-21 09:33:12,620.75,1767809
2021-06-21 09:33:12,620.75,1767809
2021-06-21 09:33:13,620.8,1770595
2021-06-21 09:33:15,620.85,1774861
2021-06-21 09:33:16,620.8,1774878
2021-06-21 09:33:17,620.75,1776527
2021-06-21 09:33:19,620.8,1785376
2021-06-21 09:33:20,620.95,1788757
2021-06-21 09:33:21,620.9,1789036
2021-06-21 09:33:23,620.95,1789402
2021-06-21 09:33:24,620.85,1796092
2021-06-21 09:33:25,620.9,1799616
2021-06-21 09:33:25,621.0,1799643
2021-06-21 09:33:26,620.9,1800849
2021-06-21 09:33:28,620.95,1801207
2021-06-21 09:33:29,620.95,1801272
2021-06-21 09:33:30,621.0,1801782
2021-06-21 09:33:31,621.0,1802057
2021-06-21 09:33:33,621.0,1805228
2021-06-21 09:33:34,621.0,1809619
2021-06-21 09:33:35,621.0,1810111
2021-06-21 09:33:37,620.95,1810602
2021-06-21 09:33:38,620.95,1811919
2021-06-21 09:33:39,620.95,1812277
2021-06-21 09:33:40,620.9,1815411
2021-06-21 09:33:41,620.95,1815780
2021-06-21 09:33:41,620.9,1815835
2021-06-21 09:33:44,621.0,1817648
2021-06-21 09:33:45,620.9,1819201
2021-06-21 09:33:46,620.95,1820757
2021-06-21 09:33:47,621.0,1821410
2021-06-21 09:33:49,621.0,1826142
2021-06-21 09:33:49,620.95,1826149
2021-06-21 09:33:50,620.95,1827277
2021-06-21 09:33:51,621.0,1830266
2021-06-21 09:33:53,620.95,1833579
2021-06-21 09:33:54,621.0,1834465
2021-06-21 09:33:55,621.0,1834766
2021-06-21 09:33:56,621.2,1834932
2021-06-21 09:33:57,621.2,1836447
2021-06-21 09:33:57,621.15,1835947
2021-06-21 09:33:58,621.15,1837113
2021-06-21 09:34:00,621.2,1837234
2021-06-21 09:34:01,621.2,1837421
2021-06-21 09:34:02,621.0,1838300
2021-06-21 09:34:03,621.2,1839502
2021-06-21 09:34:04,621.1,1839820
2021-06-21 09:34:05,621.15,1841199
2021-06-21 09:34:06,621.15,1841524
2021-06-21 09:34:06,621.15,1841545
2021-06-21 09:34:07,621.15,1841678
2021-06-21 09:34:08,621.2,1841911
2021-06-21 09:34:09,621.2,1842073
2021-06-21 09:34:10,621.15,1842095
2021-06-21 09:34:12,621.15,1842196
2021-06-21 09:34:13,621.15,1842776
2021-06-21 09:34:14,621.15,1843097
2021-06-21 09:34:15,621.0,1848767
2021-06-21 09:34:16,621.15,1849028
2021-06-21 09:34:17,621.1,1849114
2021-06-21 09:34:17,621.15,1849146
2021-06-21 09:34:18,621.1,1850320
2021-06-21 09:34:19,621.15,1850591
2021-06-21 09:34:21,621.15,1851818
2021-06-21 09:34:22,621.1,1851980
2021-06-21 09:34:23,621.1,1852158
2021-06-21 09:34:25,621.1,1852337
2021-06-21 09:34:26,621.1,1853119
2021-06-21 09:34:26,621.1,1853120
2021-06-21 09:34:28,621.0,1853769
2021-06-21 09:34:30,621.05,1854146
2021-06-21 09:34:31,621.05,1854313
2021-06-21 09:34:32,621.0,1855559
2021-06-21 09:34:33,621.05,1855985
2021-06-21 09:34:34,621.05,1856113
2021-06-21 09:34:35,621.0,1857179
2021-06-21 09:34:36,621.05,1857747
2021-06-21 09:34:36,621.05,1857747
2021-06-21 09:34:37,621.0,1857788
2021-06-21 09:34:38,621.05,1858291
2021-06-21 09:34:40,621.0,1858418
2021-06-21 09:34:41,621.0,1859694
2021-06-21 09:34:42,621.05,1860363
2021-06-21 09:34:43,621.0,1860551
2021-06-21 09:34:44,621.0,1862156
2021-06-21 09:34:45,621.0,1862732
2021-06-21 09:34:46,621.0,1863245
2021-06-21 09:34:47,620.95,1864247
2021-06-21 09:34:48,620.6,1870325
2021-06-21 09:34:48,620.6,1870325
2021-06-21 09:34:50,620.75,1871211
2021-06-21 09:34:52,620.75,1875574
2021-06-21 09:34:53,620.75,1875866
2021-06-21 09:34:54,620.75,1876934
2021-06-21 09:34:55,620.75,1877356
2021-06-21 09:34:56,620.75,1877693
2021-06-21 09:34:56,620.7,1877795
2021-06-21 09:34:58,620.75,1880407
2021-06-21 09:34:59,620.7,1880938
2021-06-21 09:35:00,620.75,1881867
2021-06-21 09:35:01,620.75,1882137
2021-06-21 09:35:02,620.75,1882668
2021-06-21 09:35:03,620.45,1886342
2021-06-21 09:35:03,620.5,1886382
2021-06-21 09:35:05,620.5,1886584
2021-06-21 09:35:06,620.5,1887506
2021-06-21 09:35:07,620.5,1887809
2021-06-21 09:35:08,620.5,1889593
2021-06-21 09:35:09,620.55,1892371
2021-06-21 09:35:10,620.5,1892484
2021-06-21 09:35:11,620.5,1893000
2021-06-21 09:35:11,620.55,1893001
2021-06-21 09:35:12,620.5,1893219
2021-06-21 09:35:14,620.55,1893686
2021-06-21 09:35:15,620.55,1895767
2021-06-21 09:35:16,620.65,1898937
2021-06-21 09:35:17,620.55,1898997
2021-06-21 09:35:18,620.7,1899614
2021-06-21 09:35:19,620.7,1899790
2021-06-21 09:35:19,620.7,1900054
2021-06-21 09:35:20,620.65,1900627
2021-06-21 09:35:22,620.9,1900658
2021-06-21 09:35:23,620.8,1900732
2021-06-21 09:35:24,620.85,1900992
2021-06-21 09:35:25,620.75,1901658
2021-06-21 09:35:26,620.9,1901995
2021-06-21 09:35:27,620.95,1902670
2021-06-21 09:35:27,620.95,1902670
2021-06-21 09:35:28,620.95,1902756
2021-06-21 09:35:30,620.95,1903520
2021-06-21 09:35:32,620.95,1904113
2021-06-21 09:35:33,621.0,1904359
2021-06-21 09:35:34,621.0,1906118
2021-06-21 09:35:35,621.0,1906400
2021-06-21 09:35:36,621.0,1907415
2021-06-21 09:35:37,621.0,1907610
2021-06-21 09:35:39,621.0,1907661
2021-06-21 09:35:40,621.0,1908863
2021-06-21 09:35:41,621.0,1909262
2021-06-21 09:35:42,621.0,1910283
2021-06-21 09:35:43,621.0,1910661
2021-06-21 09:35:44,620.95,1911334
2021-06-21 09:35:45,620.95,1912931
2021-06-21 09:35:47,620.85,1915471
2021-06-21 09:35:48,620.7,1915931
2021-06-21 09:35:50,620.85,1916377
2021-06-21 09:35:51,620.85,1916810
2021-06-21 09:35:52,620.75,1917327
2021-06-21 09:35:53,620.85,1917390
2021-06-21 09:35:54,620.85,1917713
2021-06-21 09:35:54,620.8,1917723
2021-06-21 09:35:56,620.7,1920577
2021-06-21 09:35:57,620.7,1920643
2021-06-21 09:35:59,620.85,1921716
2021-06-21 09:36:00,620.9,1929203
2021-06-21 09:36:00,620.9,1929203
2021-06-21 09:36:02,621.0,1929860
2021-06-21 09:36:03,621.0,1930415
2021-06-21 09:36:04,621.0,1936715
2021-06-21 09:36:05,620.95,1939367
2021-06-21 09:36:06,621.05,1940369
2021-06-21 09:36:07,621.1,1940845
2021-06-21 09:36:08,621.15,1941922
2021-06-21 09:36:09,621.0,1942540
2021-06-21 09:36:09,621.0,1942540
2021-06-21 09:36:11,621.2,1946391
2021-06-21 09:36:12,621.0,1946838
2021-06-21 09:36:13,621.15,1946884
2021-06-21 09:36:14,621.1,1947023
2021-06-21 09:36:15,621.25,1947391
2021-06-21 09:36:16,621.1,1947684
2021-06-21 09:36:16,621.1,1947684
2021-06-21 09:36:18,621.3,1948003
2021-06-21 09:36:20,621.6,1961314
2021-06-21 09:36:21,621.45,1961395
2021-06-21 09:36:22,621.6,1961780
2021-06-21 09:36:22,621.4,1961830
2021-06-21 09:36:24,621.45,1963408
2021-06-21 09:36:25,621.55,1966323
2021-06-21 09:36:26,621.45,1966988
2021-06-21 09:36:27,621.55,1967553
2021-06-21 09:36:28,621.7,1968981
2021-06-21 09:36:28,621.7,1968981
2021-06-21 09:36:30,621.7,1969320
2021-06-21 09:36:31,621.5,1969941
2021-06-21 09:36:32,621.5,1970535
2021-06-21 09:36:33,621.5,1970946
2021-06-21 09:36:34,621.55,1971018
2021-06-21 09:36:35,621.65,1971415
2021-06-21 09:36:36,621.65,1971415
2021-06-21 09:36:37,621.65,1971486
2021-06-21 09:36:38,621.7,1971637
2021-06-21 09:36:39,621.7,1971936
2021-06-21 09:36:40,621.7,1974444
2021-06-21 09:36:42,621.5,1976746
2021-06-21 09:36:43,621.6,1977227
2021-06-21 09:36:44,621.6,1982968
2021-06-21 09:36:45,621.55,1984807
2021-06-21 09:36:46,621.6,1993696
2021-06-21 09:36:47,621.6,1996425
2021-06-21 09:36:48,621.6,1999465
2021-06-21 09:36:49,621.6,2000396
2021-06-21 09:36:50,621.6,2001581
2021-06-21 09:36:52,621.6,2003296
2021-06-21 09:36:53,621.55,2004667
2021-06-21 09:36:54,621.6,2005195
2021-06-21 09:36:55,621.7,2010121
2021-06-21 09:36:56,621.7,2012071
2021-06-21 09:36:57,621.9,2021910
2021-06-21 09:36:58,621.9,2022025
2021-06-21 09:36:59,622.0,2022789
2021-06-21 09:37:00,622.0,2031536
2021-06-21 09:37:01,622.2,2035211
2021-06-21 09:37:02,622.2,2035458
2021-06-21 09:37:03,622.1,2035520
2021-06-21 09:37:04,622.2,2038259
2021-06-21 09:37:05,622.5,2039141
2021-06-21 09:37:06,622.5,2039305
2021-06-21 09:37:07,622.15,2054105
2021-06-21 09:37:08,622.15,2054706
2021-06-21 09:37:09,622.15,2054748
2021-06-21 09:37:10,622.1,2054765
2021-06-21 09:37:12,622.1,2059580
2021-06-21 09:37:13,622.1,2059685
2021-06-21 09:37:14,622.05,2060706
2021-06-21 09:37:16,622.15,2064469
2021-06-21 09:37:17,622.05,2064581
2021-06-21 09:37:18,622.0,2065747
2021-06-21 09:37:19,622.15,2066187
2021-06-21 09:37:20,622.15,2068493
2021-06-21 09:37:21,622.1,2069404
2021-06-21 09:37:22,622.2,2072230
2021-06-21 09:37:23,622.1,2072450
2021-06-21 09:37:24,622.15,2072522
2021-06-21 09:37:25,622.1,2074025
2021-06-21 09:37:26,622.15,2074820
2021-06-21 09:37:27,622.1,2075355
2021-06-21 09:37:28,622.2,2075573
2021-06-21 09:37:29,622.15,2076157
2021-06-21 09:37:30,622.15,2078350
2021-06-21 09:37:31,622.1,2079346
2021-06-21 09:37:32,622.1,2080513
2021-06-21 09:37:34,622.05,2085660
2021-06-21 09:37:35,622.15,2090387
2021-06-21 09:37:36,622.1,2092002
2021-06-21 09:37:38,622.1,2094284
2021-06-21 09:37:37,622.0,2093525
2021-06-21 09:37:39,621.95,2096044
2021-06-21 09:37:40,622.0,2097637
2021-06-21 09:37:41,621.95,2099672
2021-06-21 09:37:42,622.0,2101679
2021-06-21 09:37:43,621.7,2103393
2021-06-21 09:37:44,621.8,2104750
2021-06-21 09:37:45,621.9,2105448
2021-06-21 09:37:46,621.8,2106718
2021-06-21 09:37:47,621.55,2107556
2021-06-21 09:37:48,621.8,2107576
2021-06-21 09:37:49,621.7,2108271
2021-06-21 09:37:50,621.65,2109113
2021-06-21 09:37:51,621.65,2109508
2021-06-21 09:37:52,621.65,2110022
2021-06-21 09:37:53,621.65,2110280
2021-06-21 09:37:54,621.7,2111244
2021-06-21 09:37:56,621.65,2112960
2021-06-21 09:37:57,621.55,2120098
2021-06-21 09:37:58,621.7,2120418
2021-06-21 09:37:59,621.85,2122318
2021-06-21 09:38:00,621.7,2124006
2021-06-21 09:38:01,621.9,2124202
2021-06-21 09:38:02,621.9,2126196
2021-06-21 09:38:03,622.05,2127134
2021-06-21 09:38:04,622.1,2127484
2021-06-21 09:38:05,622.1,2127941
2021-06-21 09:38:06,622.05,2129169
2021-06-21 09:38:07,622.1,2129913
2021-06-21 09:38:08,622.25,2131354
2021-06-21 09:38:09,622.1,2132117
2021-06-21 09:38:10,622.25,2132254
2021-06-21 09:38:11,622.25,2132588
2021-06-21 09:38:12,622.25,2135419
2021-06-21 09:38:13,622.25,2136759
2021-06-21 09:38:14,622.35,2139253
2021-06-21 09:38:15,622.35,2140216
2021-06-21 09:38:16,622.15,2141979
2021-06-21 09:38:17,622.3,2142462
2021-06-21 09:38:18,622.25,2145233
2021-06-21 09:38:19,622.15,2146201
2021-06-21 09:38:20,622.3,2147992
2021-06-21 09:38:21,622.2,2148242
2021-06-21 09:38:22,622.2,2148459
2021-06-21 09:38:23,621.85,2150461
2021-06-21 09:38:24,622.0,2150540
2021-06-21 09:38:25,622.0,2151571
2021-06-21 09:38:26,622.2,2151771
2021-06-21 09:38:27,622.15,2152107
2021-06-21 09:38:28,622.05,2152321
2021-06-21 09:38:29,622.15,2152559
2021-06-21 09:38:30,622.0,2154038
2021-06-21 09:38:31,622.15,2154324
2021-06-21 09:38:32,622.15,2154588
2021-06-21 09:38:33,622.15,2155484
2021-06-21 09:38:34,622.15,2155965
2021-06-21 09:38:35,622.1,2156287
2021-06-21 09:38:36,622.2,2160470
2021-06-21 09:38:37,622.25,2161952
2021-06-21 09:38:40,622.25,2163404
2021-06-21 09:38:42,622.3,2164779
2021-06-21 09:38:44,622.05,2165389
2021-06-21 09:38:45,622.2,2165556
2021-06-21 09:38:46,622.2,2165698
2021-06-21 09:38:47,622.0,2166109
2021-06-21 09:38:48,622.2,2167902
2021-06-21 09:38:49,622.1,2168504
2021-06-21 09:38:50,622.2,2169983
2021-06-21 09:38:52,622.3,2173897
2021-06-21 09:38:53,622.4,2177997
2021-06-21 09:38:54,622.3,2179795
2021-06-21 09:38:55,622.45,2181278
2021-06-21 09:38:56,622.45,2181937
2021-06-21 09:38:57,622.45,2184110
2021-06-21 09:38:58,622.45,2190070
2021-06-21 09:38:59,622.55,2191480
2021-06-21 09:39:00,622.7,2193736
2021-06-21 09:39:01,622.75,2195666
2021-06-21 09:39:02,622.8,2195949
2021-06-21 09:39:03,622.8,2197127
2021-06-21 09:39:04,622.8,2198652
2021-06-21 09:39:06,622.8,2199948
2021-06-21 09:39:06,622.85,2202599
2021-06-21 09:39:07,622.85,2203352
2021-06-21 09:39:08,622.75,2204478
2021-06-21 09:39:09,622.85,2210764
2021-06-21 09:39:10,622.85,2212088
2021-06-21 09:39:11,622.45,2219909
2021-06-21 09:39:12,622.95,2220512
2021-06-21 09:39:13,623.0,2222576
2021-06-21 09:39:15,622.85,2226659
2021-06-21 09:39:16,623.0,2227513
2021-06-21 09:39:18,622.95,2228102
2021-06-21 09:39:20,623.0,2231914
2021-06-21 09:39:21,622.8,2236298
2021-06-21 09:39:22,622.8,2237934
2021-06-21 09:39:23,622.8,2238884
2021-06-21 09:39:24,622.85,2239019
2021-06-21 09:39:25,622.9,2239354
2021-06-21 09:39:26,622.9,2239571
2021-06-21 09:39:27,622.9,2241681
2021-06-21 09:39:28,622.95,2242750
2021-06-21 09:39:29,622.85,2243880
2021-06-21 09:39:30,622.9,2244654
2021-06-21 09:39:31,622.9,2245535
2021-06-21 09:39:33,622.8,2247574
2021-06-21 09:39:34,622.45,2252203
2021-06-21 09:39:34,622.8,2249232
2021-06-21 09:39:35,622.5,2254163
2021-06-21 09:39:36,622.65,2254814
2021-06-21 09:39:37,622.65,2255683
2021-06-21 09:39:38,622.65,2256441
2021-06-21 09:39:39,622.65,2257519
2021-06-21 09:39:40,622.7,2258077
2021-06-21 09:39:42,622.65,2259327
2021-06-21 09:39:43,622.6,2259337
2021-06-21 09:39:44,622.6,2261412
2021-06-21 09:39:45,622.6,2262579
2021-06-21 09:39:46,622.65,2263030
2021-06-21 09:39:47,622.6,2263525
2021-06-21 09:39:48,622.65,2263903
2021-06-21 09:39:49,622.65,2264157
2021-06-21 09:39:50,622.5,2264890
2021-06-21 09:39:51,622.65,2265309
2021-06-21 09:39:52,622.6,2265862
2021-06-21 09:39:53,622.3,2266440
2021-06-21 09:39:54,622.4,2267126
2021-06-21 09:39:55,622.4,2267449
2021-06-21 09:39:57,622.3,2268033
2021-06-21 09:39:58,622.4,2268430
2021-06-21 09:39:59,622.4,2268752
2021-06-21 09:40:00,622.3,2269687
2021-06-21 09:40:01,622.4,2270241
2021-06-21 09:40:02,622.35,2275254
2021-06-21 09:40:03,622.35,2277512
2021-06-21 09:40:04,622.35,2279094
2021-06-21 09:40:05,622.35,2279867
2021-06-21 09:40:06,622.4,2280574
2021-06-21 09:40:07,622.25,2282421
2021-06-21 09:40:07,622.35,2283032
2021-06-21 09:40:08,622.35,2283384
2021-06-21 09:40:09,622.35,2284619
2021-06-21 09:40:11,622.4,2285602
2021-06-21 09:40:12,622.45,2286676
2021-06-21 09:40:14,622.15,2288014
2021-06-21 09:40:15,622.1,2288872
2021-06-21 09:40:16,622.0,2290436
2021-06-21 09:40:16,622.1,2290023
2021-06-21 09:40:18,621.9,2291854
2021-06-21 09:40:19,621.85,2292517
2021-06-21 09:40:20,621.9,2293306
2021-06-21 09:40:22,621.9,2296039
2021-06-21 09:40:22,622.05,2296336
2021-06-21 09:40:24,621.8,2297853
2021-06-21 09:40:25,621.9,2298842
2021-06-21 09:40:26,621.85,2299171
2021-06-21 09:40:27,621.6,2300827
2021-06-21 09:40:28,621.6,2301389
2021-06-21 09:40:29,621.8,2302698
2021-06-21 09:40:31,621.85,2303704
2021-06-21 09:40:33,621.7,2304886
2021-06-21 09:40:34,621.6,2307025
2021-06-21 09:40:35,621.75,2308153
2021-06-21 09:40:35,621.75,2308525
2021-06-21 09:40:36,621.85,2308980
2021-06-21 09:40:37,621.85,2308982
2021-06-21 09:40:38,621.7,2309551
2021-06-21 09:40:39,621.7,2310328
2021-06-21 09:40:40,621.8,2310750
2021-06-21 09:40:41,621.8,2310957
2021-06-21 09:40:43,621.8,2311751
2021-06-21 09:40:44,621.8,2312024
2021-06-21 09:40:45,621.8,2312158
2021-06-21 09:40:45,621.8,2312202
2021-06-21 09:40:46,621.8,2312283
2021-06-21 09:40:47,621.7,2312735
2021-06-21 09:40:48,621.7,2313145
2021-06-21 09:40:49,621.8,2313303
2021-06-21 09:40:51,621.8,2314084
2021-06-21 09:40:55,621.2,2321160
2021-06-21 09:40:57,621.55,2323347
2021-06-21 09:41:01,621.9,2360440
2021-06-21 09:41:02,622.1,2361690
2021-06-21 09:41:03,622.1,2363368
2021-06-21 09:41:04,622.05,2364645
2021-06-21 09:41:05,622.15,2365773
2021-06-21 09:41:06,622.05,2367855
2021-06-21 09:41:08,622.3,2369452
2021-06-21 09:41:09,622.4,2369771
2021-06-21 09:41:10,622.25,2372787
2021-06-21 09:41:11,622.25,2372792
2021-06-21 09:41:11,622.25,2372792
2021-06-21 09:41:12,622.05,2373354
2021-06-21 09:41:13,622.05,2373357
2021-06-21 09:41:14,622.15,2373393
2021-06-21 09:41:17,622.15,2374184
2021-06-21 09:41:19,622.05,2375280
2021-06-21 09:41:20,622.25,2375284
2021-06-21 09:41:21,622.3,2375366
2021-06-21 09:41:22,622.15,2375414
2021-06-21 09:41:23,622.25,2375429
2021-06-21 09:41:24,622.3,2376229
2021-06-21 09:41:26,622.3,2376514
2021-06-21 09:41:27,622.2,2376552
2021-06-21 09:41:28,622.3,2377002
2021-06-21 09:41:31,622.3,2379734
2021-06-21 09:41:32,622.3,2380243
2021-06-21 09:41:33,622.25,2380904
2021-06-21 09:41:35,622.3,2381364
2021-06-21 09:41:35,622.3,2381516
2021-06-21 09:41:36,622.25,2381731
2021-06-21 09:41:37,622.4,2382969
2021-06-21 09:41:39,622.25,2384040
2021-06-21 09:41:40,622.45,2384043
2021-06-21 09:41:41,622.5,2386344
2021-06-21 09:41:42,622.5,2387653
2021-06-21 09:41:42,622.5,2387853
2021-06-21 09:41:43,622.6,2387945
2021-06-21 09:41:44,622.65,2388000
2021-06-21 09:41:45,622.65,2388681
2021-06-21 09:41:46,622.6,2388908
2021-06-21 09:41:47,622.65,2389011
2021-06-21 09:41:48,622.75,2389345
2021-06-21 09:41:49,622.7,2389615
2021-06-21 09:41:50,622.65,2390119
2021-06-21 09:41:51,622.7,2390661
2021-06-21 09:41:52,622.75,2391067
2021-06-21 09:41:53,622.7,2391592
2021-06-21 09:41:54,622.7,2392540
2021-06-21 09:41:55,622.6,2396111
2021-06-21 09:41:56,622.5,2397394
2021-06-21 09:41:57,622.6,2397991
2021-06-21 09:41:58,622.65,2398582
2021-06-21 09:41:59,622.6,2398979
2021-06-21 09:42:00,622.6,2400392
2021-06-21 09:42:01,622.7,2401994
2021-06-21 09:42:02,622.85,2403082
2021-06-21 09:42:03,622.85,2403390
2021-06-21 09:42:04,622.9,2404883
2021-06-21 09:42:05,622.9,2405426
2021-06-21 09:42:08,622.8,2406207
2021-06-21 09:42:09,622.8,2406299
2021-06-21 09:42:12,622.9,2406500
2021-06-21 09:42:13,622.8,2406504
2021-06-21 09:42:14,622.9,2406842
2021-06-21 09:42:15,622.9,2406884
2021-06-21 09:42:16,622.9,2406884
2021-06-21 09:42:16,622.9,2406934
2021-06-21 09:42:17,622.9,2407042
2021-06-21 09:42:18,622.9,2407876
2021-06-21 09:42:19,622.9,2407918
2021-06-21 09:42:20,622.9,2408183
2021-06-21 09:42:21,622.9,2408437
2021-06-21 09:42:22,622.85,2409127
2021-06-21 09:42:23,622.85,2410650
2021-06-21 09:42:24,622.9,2410961
2021-06-21 09:42:25,622.8,2410979
2021-06-21 09:42:26,622.8,2411307
2021-06-21 09:42:27,622.85,2415506
2021-06-21 09:42:28,622.9,2415855
2021-06-21 09:42:29,622.9,2416886
2021-06-21 09:42:30,622.85,2417194
2021-06-21 09:42:31,622.9,2417394
2021-06-21 09:42:32,622.9,2417397
2021-06-21 09:42:33,622.7,2419936
2021-06-21 09:42:34,622.6,2420812
2021-06-21 09:42:35,622.7,2422077
2021-06-21 09:42:36,622.55,2422710
2021-06-21 09:42:37,622.55,2423343
2021-06-21 09:42:40,622.5,2425032
2021-06-21 09:42:41,622.55,2425531
2021-06-21 09:42:42,622.6,2426840
2021-06-21 09:42:43,622.6,2427277
2021-06-21 09:42:44,622.6,2427477
2021-06-21 09:42:45,622.55,2427930
2021-06-21 09:42:46,622.6,2428190
2021-06-21 09:42:47,622.6,2428376
2021-06-21 09:42:48,622.6,2428703
2021-06-21 09:42:49,622.65,2428827
2021-06-21 09:42:52,622.7,2429998
2021-06-21 09:42:52,622.55,2429797
2021-06-21 09:42:53,622.7,2430140
2021-06-21 09:42:54,622.7,2430190
2021-06-21 09:42:56,622.7,2431343
2021-06-21 09:42:57,622.65,2432150
2021-06-21 09:42:58,622.8,2432472
2021-06-21 09:42:59,622.8,2434439
2021-06-21 09:42:59,622.8,2432741
2021-06-21 09:43:00,622.75,2436851
2021-06-21 09:43:01,622.85,2437158
2021-06-21 09:43:02,622.8,2437538
2021-06-21 09:43:03,622.9,2437787
2021-06-21 09:43:04,622.9,2437814
2021-06-21 09:43:06,622.85,2438173
2021-06-21 09:43:07,622.8,2438916
2021-06-21 09:43:08,622.9,2440672
2021-06-21 09:43:09,622.85,2441368
2021-06-21 09:43:10,622.9,2441706
2021-06-21 09:43:10,622.9,2441981
2021-06-21 09:43:11,622.85,2442310
2021-06-21 09:43:12,622.85,2442540
2021-06-21 09:43:13,622.9,2442667
2021-06-21 09:43:14,622.9,2442818
2021-06-21 09:43:16,622.9,2444447
2021-06-21 09:43:19,622.85,2445494
2021-06-21 09:43:20,622.9,2446147
2021-06-21 09:43:21,622.85,2446475
2021-06-21 09:43:22,622.8,2448631
2021-06-21 09:43:23,622.75,2449395
2021-06-21 09:43:24,622.8,2449780
2021-06-21 09:43:25,622.75,2450383
2021-06-21 09:43:26,622.75,2450721
2021-06-21 09:43:27,622.8,2450878
2021-06-21 09:43:27,622.8,2451716
2021-06-21 09:43:28,622.55,2453104
2021-06-21 09:43:29,622.65,2454172
2021-06-21 09:43:30,622.6,2455089
2021-06-21 09:43:31,622.55,2455472
2021-06-21 09:43:32,622.75,2455700
2021-06-21 09:43:33,622.6,2455813
2021-06-21 09:43:34,622.8,2458408
2021-06-21 09:43:35,622.65,2461192
2021-06-21 09:43:36,622.8,2461214
2021-06-21 09:43:38,622.8,2461229
2021-06-21 09:43:39,622.8,2461434
2021-06-21 09:43:40,622.75,2462008
2021-06-21 09:43:41,622.8,2463655
2021-06-21 09:43:42,622.85,2464755
2021-06-21 09:43:43,622.75,2466230
2021-06-21 09:43:44,622.8,2468209
2021-06-21 09:43:45,622.75,2468319
2021-06-21 09:43:46,622.75,2468578
2021-06-21 09:43:47,622.7,2469150
2021-06-21 09:43:48,622.8,2469401
2021-06-21 09:43:49,622.65,2470137
2021-06-21 09:43:51,622.5,2470664
2021-06-21 09:43:52,622.6,2470747
2021-06-21 09:43:52,622.5,2470797
2021-06-21 09:43:53,622.5,2471099
2021-06-21 09:43:54,622.55,2472320
2021-06-21 09:43:55,622.55,2472841
2021-06-21 09:43:57,622.65,2473545
2021-06-21 09:43:59,622.7,2473849
2021-06-21 09:44:00,622.6,2474089
2021-06-21 09:44:01,622.7,2474123
2021-06-21 09:44:02,622.7,2474269
2021-06-21 09:44:03,622.75,2474649
2021-06-21 09:44:04,622.65,2476887
2021-06-21 09:44:05,622.75,2477002
2021-06-21 09:44:06,622.75,2477002
2021-06-21 09:44:07,622.9,2477005
2021-06-21 09:44:07,622.75,2477291
2021-06-21 09:44:08,622.9,2477457
2021-06-21 09:44:09,622.8,2477920
2021-06-21 09:44:10,622.6,2478542
2021-06-21 09:44:11,622.65,2478891
2021-06-21 09:44:12,622.75,2478977
2021-06-21 09:44:13,622.5,2485427
2021-06-21 09:44:14,622.6,2490143
2021-06-21 09:44:15,622.6,2492814
2021-06-21 09:44:16,622.5,2495162
2021-06-21 09:44:17,622.3,2495467
2021-06-21 09:44:18,622.35,2495557
2021-06-21 09:44:19,622.35,2495572
2021-06-21 09:44:20,622.35,2495572
2021-06-21 09:44:21,622.1,2495823
2021-06-21 09:44:22,622.1,2495825
2021-06-21 09:44:23,622.05,2496363
2021-06-21 09:44:24,622.0,2497052
2021-06-21 09:44:25,622.2,2497842
2021-06-21 09:44:26,622.25,2497988
2021-06-21 09:44:28,622.25,2498183
2021-06-21 09:44:29,622.25,2498266
2021-06-21 09:44:31,622.15,2500591
2021-06-21 09:44:32,622.25,2502026
2021-06-21 09:44:33,621.75,2511089
2021-06-21 09:44:35,621.6,2514667
2021-06-21 09:44:36,621.6,2514940
2021-06-21 09:44:37,621.6,2515101
2021-06-21 09:44:37,621.6,2515203
2021-06-21 09:44:38,621.4,2515206
2021-06-21 09:44:39,621.6,2515308
2021-06-21 09:44:40,621.5,2515464
2021-06-21 09:44:41,621.6,2516015
2021-06-21 09:44:42,621.5,2516025
2021-06-21 09:44:43,621.5,2516180
2021-06-21 09:44:44,621.6,2517079
2021-06-21 09:44:45,621.6,2517611
2021-06-21 09:44:46,621.55,2517774
2021-06-21 09:44:47,621.6,2517942
2021-06-21 09:44:48,621.7,2518158
2021-06-21 09:44:51,621.7,2518407
2021-06-21 09:44:52,621.55,2518863
2021-06-21 09:44:53,621.7,2519233
2021-06-21 09:44:54,621.55,2519253
2021-06-21 09:44:54,621.7,2519364
2021-06-21 09:44:55,621.55,2519747
2021-06-21 09:44:56,621.55,2519747
2021-06-21 09:44:58,621.65,2519874
2021-06-21 09:44:59,621.65,2520217
2021-06-21 09:45:00,621.65,2520423
2021-06-21 09:45:01,621.6,2520812
2021-06-21 09:45:02,621.6,2521384
2021-06-21 09:45:03,621.5,2522669
2021-06-21 09:45:05,621.55,2523687
2021-06-21 09:45:06,621.5,2524081
2021-06-21 09:45:07,621.6,2524585
2021-06-21 09:45:08,621.55,2524754
2021-06-21 09:45:09,621.55,2524932
2021-06-21 09:45:09,621.6,2524935
2021-06-21 09:45:10,621.5,2525736
2021-06-21 09:45:12,621.6,2526477
2021-06-21 09:45:13,621.6,2526654
2021-06-21 09:45:14,621.5,2527455
2021-06-21 09:45:15,621.5,2528002
2021-06-21 09:45:16,621.5,2530653
2021-06-21 09:45:17,621.2,2536307
2021-06-21 09:45:18,621.2,2536954
2021-06-21 09:45:19,621.35,2537870
2021-06-21 09:45:21,621.35,2539403
2021-06-21 09:45:22,621.3,2539586
2021-06-21 09:45:23,621.2,2539880
2021-06-21 09:45:24,621.1,2540224
2021-06-21 09:45:25,621.35,2543547
2021-06-21 09:45:26,621.25,2545983
2021-06-21 09:45:27,621.25,2546083
2021-06-21 09:45:28,621.15,2546985
2021-06-21 09:45:28,621.35,2547005
2021-06-21 09:45:29,621.3,2547326
2021-06-21 09:45:30,621.2,2547341
2021-06-21 09:45:32,621.3,2548538
2021-06-21 09:45:33,621.3,2548638
2021-06-21 09:45:34,621.3,2549033
2021-06-21 09:45:35,621.3,2549322
2021-06-21 09:45:36,621.2,2560708
2021-06-21 09:45:37,621.35,2561737
2021-06-21 09:45:38,621.4,2564623
2021-06-21 09:45:39,621.1,2566209
2021-06-21 09:45:39,621.1,2566209
2021-06-21 09:45:41,621.2,2566824
2021-06-21 09:45:42,621.2,2566830
2021-06-21 09:45:43,621.1,2567016
2021-06-21 09:45:44,621.2,2567018
2021-06-21 09:45:45,621.2,2567174
2021-06-21 09:45:46,621.2,2567223
2021-06-21 09:45:47,621.1,2567320
2021-06-21 09:45:48,621.2,2567429
2021-06-21 09:45:49,621.2,2567787
2021-06-21 09:45:50,621.2,2567819
2021-06-21 09:45:52,621.2,2569568
2021-06-21 09:45:53,621.2,2569737
2021-06-21 09:45:54,621.2,2570309
2021-06-21 09:45:57,621.3,2572200
2021-06-21 09:45:59,621.3,2573176
2021-06-21 09:46:00,621.3,2573197
2021-06-21 09:46:01,621.3,2573341
2021-06-21 09:46:03,621.3,2573440
2021-06-21 09:46:04,621.3,2573902
2021-06-21 09:46:05,621.15,2574112
2021-06-21 09:46:06,621.3,2574223
2021-06-21 09:46:07,621.4,2574365
2021-06-21 09:46:08,621.4,2574686
2021-06-21 09:46:09,621.3,2574821
2021-06-21 09:46:10,621.4,2574935
2021-06-21 09:46:11,621.3,2575023
2021-06-21 09:46:11,621.35,2575062
2021-06-21 09:46:13,621.3,2575453
2021-06-21 09:46:14,621.3,2575453
2021-06-21 09:46:15,621.3,2575821
2021-06-21 09:46:16,621.3,2575822
2021-06-21 09:46:17,621.3,2576093
2021-06-21 09:46:18,621.2,2576307
2021-06-21 09:46:19,621.3,2576745
2021-06-21 09:46:20,621.2,2577573
2021-06-21 09:46:21,621.1,2577648
2021-06-21 09:46:23,620.75,2595326
2021-06-21 09:46:24,620.85,2598944
2021-06-21 09:46:25,620.85,2601844
2021-06-21 09:46:26,620.95,2602631
2021-06-21 09:46:27,620.95,2602812
2021-06-21 09:46:28,620.85,2603070
2021-06-21 09:46:30,620.95,2603192
2021-06-21 09:46:31,620.95,2603293
2021-06-21 09:46:32,620.8,2603511
2021-06-21 09:46:33,620.95,2603544
2021-06-21 09:46:34,620.8,2603915
2021-06-21 09:46:35,620.8,2604158
2021-06-21 09:46:36,620.8,2604305
2021-06-21 09:46:37,620.8,2604379
2021-06-21 09:46:38,620.75,2606940
2021-06-21 09:46:39,620.75,2607061
2021-06-21 09:46:40,620.75,2607909
2021-06-21 09:46:41,620.85,2610090
2021-06-21 09:46:42,620.8,2610727
2021-06-21 09:46:43,620.9,2611329
2021-06-21 09:46:44,620.55,2612710
2021-06-21 09:46:45,620.7,2613209
2021-06-21 09:46:46,620.7,2614028
2021-06-21 09:46:47,620.6,2614741
2021-06-21 09:46:47,620.8,2614988
2021-06-21 09:46:49,620.8,2615309
2021-06-21 09:46:52,620.8,2615821
2021-06-21 09:46:53,620.8,2615882
2021-06-21 09:46:54,620.8,2615887
2021-06-21 09:46:55,620.8,2616014
2021-06-21 09:46:56,620.7,2616030
2021-06-21 09:46:57,620.8,2616271
2021-06-21 09:46:58,620.8,2616279
2021-06-21 09:47:01,620.85,2619545
2021-06-21 09:47:02,620.8,2620785
2021-06-21 09:47:03,620.8,2621184
2021-06-21 09:47:04,620.75,2622027
2021-06-21 09:47:05,620.85,2622255
2021-06-21 09:47:06,620.8,2622388
2021-06-21 09:47:07,620.9,2622749
2021-06-21 09:47:08,620.9,2623396
2021-06-21 09:47:09,620.9,2623405
2021-06-21 09:47:09,620.95,2624075
2021-06-21 09:47:11,621.1,2628442
2021-06-21 09:47:13,621.15,2629078
2021-06-21 09:47:14,621.35,2629096
2021-06-21 09:47:15,621.25,2630476
2021-06-21 09:47:16,621.3,2630581
2021-06-21 09:47:17,621.0,2631369
2021-06-21 09:47:18,621.3,2631394
2021-06-21 09:47:19,621.05,2631673
2021-06-21 09:47:20,621.0,2632499
2021-06-21 09:47:21,621.15,2632821
2021-06-21 09:47:22,621.1,2634588
2021-06-21 09:47:23,621.05,2635226
2021-06-21 09:47:24,621.05,2636418
2021-06-21 09:47:25,621.05,2636694
2021-06-21 09:47:26,621.05,2637245
2021-06-21 09:47:27,621.0,2637417
2021-06-21 09:47:28,621.05,2637763
2021-06-21 09:47:29,621.05,2637944
2021-06-21 09:47:30,621.15,2638709
2021-06-21 09:47:31,621.2,2638767
2021-06-21 09:47:32,621.2,2638997
2021-06-21 09:47:33,621.05,2639238
2021-06-21 09:47:34,621.2,2639523
2021-06-21 09:47:35,621.2,2649653
2021-06-21 09:47:36,621.5,2651950
2021-06-21 09:47:37,621.55,2653323
2021-06-21 09:47:38,621.55,2656003
2021-06-21 09:47:40,621.65,2657674
2021-06-21 09:47:41,621.6,2658100
2021-06-21 09:47:42,621.6,2658185
2021-06-21 09:47:43,621.7,2658321
2021-06-21 09:47:44,621.75,2658356
2021-06-21 09:47:45,621.8,2658402
2021-06-21 09:47:46,621.8,2658485
2021-06-21 09:47:47,621.55,2658542
2021-06-21 09:47:48,621.8,2658843
2021-06-21 09:47:49,621.8,2658877
2021-06-21 09:47:50,621.75,2659279
2021-06-21 09:47:51,621.75,2660319
2021-06-21 09:47:52,621.7,2660320
2021-06-21 09:47:53,621.7,2660632
2021-06-21 09:47:54,621.7,2661207
2021-06-21 09:47:55,621.7,2661311
2021-06-21 09:47:56,621.75,2661807
2021-06-21 09:47:57,621.65,2662170
2021-06-21 09:47:59,621.55,2662872
2021-06-21 09:48:01,621.6,2663322
2021-06-21 09:48:03,621.5,2663578
2021-06-21 09:48:04,621.6,2664286
2021-06-21 09:48:05,621.6,2664358
2021-06-21 09:48:06,621.45,2664763
2021-06-21 09:48:09,621.45,2665207
2021-06-21 09:48:10,621.6,2665422
2021-06-21 09:48:11,621.6,2665490
2021-06-21 09:48:12,621.5,2665623
2021-06-21 09:48:13,621.6,2665681
2021-06-21 09:48:14,621.6,2665721
2021-06-21 09:48:15,621.6,2665748
2021-06-21 09:48:16,621.45,2665920
2021-06-21 09:48:17,621.25,2666348
2021-06-21 09:48:18,621.5,2666690
2021-06-21 09:48:19,621.3,2667181
2021-06-21 09:48:20,621.5,2667346
2021-06-21 09:48:21,621.3,2667498
2021-06-21 09:48:22,621.3,2667728
2021-06-21 09:48:23,621.3,2667728
2021-06-21 09:48:24,621.3,2668008
2021-06-21 09:48:25,621.3,2668045
2021-06-21 09:48:26,621.1,2669798
2021-06-21 09:48:27,621.55,2676482
2021-06-21 09:48:28,621.55,2676593
2021-06-21 09:48:29,621.6,2676837
2021-06-21 09:48:30,621.75,2678201
2021-06-21 09:48:31,621.7,2678769
2021-06-21 09:48:32,621.7,2678769
2021-06-21 09:48:33,621.5,2678967
2021-06-21 09:48:34,621.7,2678989
2021-06-21 09:48:35,621.7,2679088
2021-06-21 09:48:36,621.75,2679415
2021-06-21 09:48:37,621.7,2679416
2021-06-21 09:48:38,621.7,2682037
2021-06-21 09:48:39,621.7,2682270
2021-06-21 09:48:40,621.95,2687494
2021-06-21 09:48:41,621.95,2687518
2021-06-21 09:48:42,622.0,2689388
2021-06-21 09:48:43,622.05,2690188
2021-06-21 09:48:44,622.1,2690189
2021-06-21 09:48:45,621.9,2691842
2021-06-21 09:48:46,621.9,2691854
2021-06-21 09:48:47,621.9,2692427
2021-06-21 09:48:49,621.45,2696786
2021-06-21 09:48:50,621.5,2696796
2021-06-21 09:48:51,621.5,2698166
2021-06-21 09:48:52,621.45,2699836
2021-06-21 09:48:53,621.45,2699838
2021-06-21 09:48:54,621.45,2700389
2021-06-21 09:48:55,621.45,2700411
2021-06-21 09:48:56,621.45,2700656
2021-06-21 09:48:57,621.45,2700663
2021-06-21 09:48:58,621.45,2700994
2021-06-21 09:48:59,621.45,2701127
2021-06-21 09:49:00,621.3,2701502
2021-06-21 09:49:01,621.55,2703115
2021-06-21 09:49:03,621.65,2703417
2021-06-21 09:49:04,621.55,2703939
2021-06-21 09:49:06,621.65,2704235
2021-06-21 09:49:07,621.5,2704260
2021-06-21 09:49:08,621.65,2704506
2021-06-21 09:49:09,621.5,2704614
2021-06-21 09:49:10,621.75,2705021
2021-06-21 09:49:11,621.7,2705348
2021-06-21 09:49:12,621.7,2705601
2021-06-21 09:49:13,621.7,2705928
2021-06-21 09:49:14,621.7,2706052
2021-06-21 09:49:15,621.7,2706267
2021-06-21 09:49:16,621.65,2706578
2021-06-21 09:49:17,621.65,2706578
2021-06-21 09:49:18,621.65,2706687
2021-06-21 09:49:19,621.65,2706744
2021-06-21 09:49:20,621.55,2706779
2021-06-21 09:49:21,621.65,2707014
2021-06-21 09:49:22,621.65,2707127
2021-06-21 09:49:23,621.65,2707205
2021-06-21 09:49:24,621.65,2707242
2021-06-21 09:49:25,621.35,2707686
2021-06-21 09:49:26,621.3,2707739
2021-06-21 09:49:27,621.2,2708351
2021-06-21 09:49:28,621.1,2709139
2021-06-21 09:49:30,621.2,2709334
2021-06-21 09:49:30,621.25,2710348
2021-06-21 09:49:31,621.35,2710715
2021-06-21 09:49:32,621.35,2711212
2021-06-21 09:49:33,621.3,2711216
2021-06-21 09:49:34,621.3,2713212
2021-06-21 09:49:35,621.3,2713531
2021-06-21 09:49:36,621.4,2713896
2021-06-21 09:49:37,621.4,2713898
2021-06-21 09:49:38,621.45,2714126
2021-06-21 09:49:39,621.35,2714161
2021-06-21 09:49:40,621.5,2714331
2021-06-21 09:49:41,621.4,2714371
2021-06-21 09:49:43,621.5,2714531
2021-06-21 09:49:44,621.5,2714531
2021-06-21 09:49:44,621.3,2714689
2021-06-21 09:49:45,621.5,2714829
2021-06-21 09:49:47,621.45,2714939
2021-06-21 09:49:48,621.4,2714940
2021-06-21 09:49:48,621.5,2714976
2021-06-21 09:49:49,621.35,2715441
2021-06-21 09:49:50,621.35,2716149
2021-06-21 09:49:51,621.45,2716229
2021-06-21 09:49:52,621.35,2716589
2021-06-21 09:49:53,621.35,2716609
2021-06-21 09:49:54,621.55,2716849
2021-06-21 09:49:55,621.4,2717101
2021-06-21 09:49:56,621.55,2717194
2021-06-21 09:49:57,621.55,2717194
2021-06-21 09:49:59,621.55,2717248
2021-06-21 09:49:59,621.55,2717248
2021-06-21 09:50:00,621.4,2717404
2021-06-21 09:50:01,621.5,2717405
2021-06-21 09:50:02,621.35,2717684
2021-06-21 09:50:03,621.45,2717773
2021-06-21 09:50:04,621.45,2717865
2021-06-21 09:50:05,621.0,2723172
2021-06-21 09:50:06,621.0,2723431
2021-06-21 09:50:07,621.45,2724691
2021-06-21 09:50:08,621.3,2725445
2021-06-21 09:50:09,621.3,2725970
2021-06-21 09:50:11,621.4,2726077
2021-06-21 09:50:12,621.5,2726276
2021-06-21 09:50:13,621.5,2726312
2021-06-21 09:50:14,621.5,2726392
2021-06-21 09:50:15,621.35,2726411
2021-06-21 09:50:16,621.5,2726440
2021-06-21 09:50:16,621.5,2726446
2021-06-21 09:50:17,621.5,2726671
2021-06-21 09:50:18,621.35,2726773
2021-06-21 09:50:20,621.3,2728234
2021-06-21 09:50:21,621.5,2728260
2021-06-21 09:50:22,621.5,2728609
2021-06-21 09:50:23,621.35,2728634
2021-06-21 09:50:24,621.6,2730397
2021-06-21 09:50:26,621.5,2731443
2021-06-21 09:50:27,621.5,2731458
2021-06-21 09:50:28,621.65,2731619
2021-06-21 09:50:31,621.55,2732801
2021-06-21 09:50:33,621.55,2733074
2021-06-21 09:50:33,621.55,2733151
2021-06-21 09:50:34,621.5,2733568
2021-06-21 09:50:35,621.6,2735183
2021-06-21 09:50:36,621.4,2735444
2021-06-21 09:50:37,621.6,2736322
2021-06-21 09:50:38,621.5,2737175
2021-06-21 09:50:39,621.5,2737293
2021-06-21 09:50:40,621.3,2737682
2021-06-21 09:50:41,621.55,2737687
2021-06-21 09:50:42,621.45,2737970
2021-06-21 09:50:43,621.55,2737982
2021-06-21 09:50:44,621.5,2737987
2021-06-21 09:50:45,621.55,2739161
2021-06-21 09:50:46,621.55,2741269
2021-06-21 09:50:47,621.7,2741552
2021-06-21 09:50:48,621.75,2741572
2021-06-21 09:50:49,621.9,2742612
2021-06-21 09:50:50,622.0,2742712
2021-06-21 09:50:51,621.9,2743094
2021-06-21 09:50:53,621.85,2744194
2021-06-21 09:50:53,621.85,2744194
2021-06-21 09:50:54,621.85,2745109
2021-06-21 09:50:55,621.95,2745221
2021-06-21 09:50:56,621.95,2745573
2021-06-21 09:50:57,621.85,2747685
2021-06-21 09:50:58,621.85,2747828
2021-06-21 09:50:59,621.9,2749110
2021-06-21 09:51:00,622.0,2751862
2021-06-21 09:51:01,622.0,2752074
2021-06-21 09:51:02,622.0,2753582
2021-06-21 09:51:03,621.6,2756258
2021-06-21 09:51:04,621.8,2758422
2021-06-21 09:51:05,621.85,2758728
2021-06-21 09:51:06,621.85,2759494
2021-06-21 09:51:07,621.85,2759595
2021-06-21 09:51:08,621.85,2759891
2021-06-21 09:51:10,621.85,2760013
2021-06-21 09:51:10,621.85,2760013
2021-06-21 09:51:11,622.05,2765053
2021-06-21 09:51:12,621.85,2765703
2021-06-21 09:51:13,622.1,2767577
2021-06-21 09:51:14,622.1,2768211
2021-06-21 09:51:15,622.1,2769279
2021-06-21 09:51:16,622.0,2772494
2021-06-21 09:51:17,622.2,2772599
2021-06-21 09:51:18,622.25,2772884
2021-06-21 09:51:19,622.05,2774792
2021-06-21 09:51:21,622.3,2775422
2021-06-21 09:51:21,622.3,2775422
2021-06-21 09:51:22,622.3,2777497
2021-06-21 09:51:23,622.0,2784521
2021-06-21 09:51:24,621.8,2788631
2021-06-21 09:51:25,621.65,2788756
2021-06-21 09:51:26,621.5,2790518
2021-06-21 09:51:27,621.6,2790711
2021-06-21 09:51:29,621.6,2796712
2021-06-21 09:51:30,621.55,2796722
2021-06-21 09:51:31,621.55,2798685
2021-06-21 09:51:33,621.6,2799381
2021-06-21 09:51:34,621.35,2804954
2021-06-21 09:51:35,621.3,2805969
2021-06-21 09:51:36,621.05,2809196
2021-06-21 09:51:37,621.0,2815828
2021-06-21 09:51:38,620.8,2819300
2021-06-21 09:51:40,621.15,2831672
2021-06-21 09:51:41,621.25,2831798
2021-06-21 09:51:42,621.5,2831985
2021-06-21 09:51:43,621.5,2831985
2021-06-21 09:51:44,621.5,2831985
2021-06-21 09:51:45,621.3,2832042
2021-06-21 09:51:45,621.3,2832282
2021-06-21 09:51:47,621.5,2837283
2021-06-21 09:51:48,621.35,2837290
2021-06-21 09:51:49,621.2,2837489
2021-06-21 09:51:50,621.3,2837599
2021-06-21 09:51:51,621.55,2852652
2021-06-21 09:51:52,621.35,2854054
2021-06-21 09:51:53,621.4,2854061
2021-06-21 09:51:54,621.5,2854562
2021-06-21 09:51:54,621.15,2854567
2021-06-21 09:51:58,621.05,2855492
2021-06-21 09:52:01,620.95,2857320
2021-06-21 09:52:02,620.05,2872242
2021-06-21 09:52:03,620.4,2874262
2021-06-21 09:52:04,620.15,2874282
2021-06-21 09:52:05,620.25,2874284
2021-06-21 09:52:06,620.0,2874430
2021-06-21 09:52:07,620.2,2875004
2021-06-21 09:52:08,620.0,2877727
2021-06-21 09:52:09,620.0,2878438
2021-06-21 09:52:10,620.2,2878510
2021-06-21 09:52:11,620.05,2878596
2021-06-21 09:52:13,620.15,2878621
2021-06-21 09:52:14,620.15,2878623
2021-06-21 09:52:15,620.0,2879836
2021-06-21 09:52:17,620.2,2880919
2021-06-21 09:52:18,620.2,2880970
2021-06-21 09:52:19,619.8,2894262
2021-06-21 09:52:20,619.95,2894452
2021-06-21 09:52:21,619.95,2894476
2021-06-21 09:52:22,619.7,2895574
2021-06-21 09:52:22,619.95,2895434
2021-06-21 09:52:23,619.9,2896143
2021-06-21 09:52:24,619.8,2896171
2021-06-21 09:52:25,619.85,2899786
2021-06-21 09:52:26,619.85,2899802
2021-06-21 09:52:27,619.95,2900452
2021-06-21 09:52:29,619.95,2900863
2021-06-21 09:52:30,619.95,2901014
2021-06-21 09:52:31,619.7,2901471
2021-06-21 09:52:32,619.85,2901530
2021-06-21 09:52:33,619.65,2901740
2021-06-21 09:52:35,619.85,2902347
2021-06-21 09:52:36,619.85,2902526
2021-06-21 09:52:37,619.8,2902574
2021-06-21 09:52:38,619.85,2902597
2021-06-21 09:52:40,620.0,2907237
2021-06-21 09:52:41,619.95,2908700
2021-06-21 09:52:41,619.95,2908700
2021-06-21 09:52:42,620.1,2908850
2021-06-21 09:52:43,620.1,2909000
2021-06-21 09:52:44,620.1,2909314
2021-06-21 09:52:45,619.9,2909475
2021-06-21 09:52:48,620.25,2914517
2021-06-21 09:52:49,620.05,2914582
2021-06-21 09:52:49,619.9,2914788
2021-06-21 09:52:50,620.0,2916089
2021-06-21 09:52:51,619.95,2926100
2021-06-21 09:52:52,619.9,2926151
2021-06-21 09:52:53,619.9,2926305
2021-06-21 09:52:54,620.05,2929368
2021-06-21 09:52:55,620.15,2931482
2021-06-21 09:52:56,620.15,2933215
2021-06-21 09:52:57,620.3,2933640
2021-06-21 09:52:59,620.3,2933672
2021-06-21 09:53:00,620.5,2933856
2021-06-21 09:53:01,620.6,2934235
2021-06-21 09:53:01,620.4,2934253
2021-06-21 09:53:02,620.6,2935628
2021-06-21 09:53:03,620.15,2936804
2021-06-21 09:53:04,620.4,2936873
2021-06-21 09:53:05,620.15,2937105
2021-06-21 09:53:06,620.15,2937878
2021-06-21 09:53:07,620.4,2938610
2021-06-21 09:53:08,620.4,2938660
2021-06-21 09:53:09,620.4,2938942
2021-06-21 09:53:10,620.4,2941962
2021-06-21 09:53:11,620.4,2943226
2021-06-21 09:53:12,620.4,2943754
2021-06-21 09:53:13,620.4,2943959
2021-06-21 09:53:14,620.4,2944762
2021-06-21 09:53:15,620.4,2945137
2021-06-21 09:53:17,620.3,2945328
2021-06-21 09:53:19,620.15,2948674
2021-06-21 09:53:19,620.1,2948709
2021-06-21 09:53:20,620.1,2949128
2021-06-21 09:53:21,620.1,2949128
2021-06-21 09:53:22,619.95,2949172
2021-06-21 09:53:23,619.95,2949250
2021-06-21 09:53:24,620.1,2949251
2021-06-21 09:53:26,620.1,2949489
2021-06-21 09:53:27,620.1,2951097
2021-06-21 09:53:27,620.1,2951097
2021-06-21 09:53:28,620.0,2951160
2021-06-21 09:53:29,620.0,2951179
2021-06-21 09:53:30,620.0,2951398
2021-06-21 09:53:31,619.95,2952001
2021-06-21 09:53:33,620.0,2952421
2021-06-21 09:53:34,620.0,2952463
2021-06-21 09:53:35,620.0,2952837
2021-06-21 09:53:36,619.65,2955321
2021-06-21 09:53:37,619.95,2955379
2021-06-21 09:53:38,619.65,2956516
2021-06-21 09:53:39,620.0,2956617
2021-06-21 09:53:40,619.9,2956717
2021-06-21 09:53:41,619.9,2956764
2021-06-21 09:53:42,619.9,2956764
2021-06-21 09:53:43,619.9,2956984
2021-06-21 09:53:43,619.9,2956986
2021-06-21 09:53:44,619.9,2956989
2021-06-21 09:53:45,619.9,2957035
2021-06-21 09:53:46,619.9,2957497
2021-06-21 09:53:47,619.7,2957650
2021-06-21 09:53:48,619.9,2958285
2021-06-21 09:53:50,619.9,2958502
2021-06-21 09:53:51,619.9,2958502
2021-06-21 09:53:52,619.9,2958502
2021-06-21 09:53:53,619.9,2958502
2021-06-21 09:53:54,619.9,2959574
2021-06-21 09:53:55,619.9,2959874
2021-06-21 09:53:56,619.9,2959874
2021-06-21 09:53:57,619.9,2959876
2021-06-21 09:53:57,619.7,2959881
2021-06-21 09:53:58,619.9,2959911
2021-06-21 09:53:59,619.9,2960066
2021-06-21 09:54:01,619.9,2960137
2021-06-21 09:54:02,619.7,2961013
2021-06-21 09:54:04,619.7,2961168
2021-06-21 09:54:04,619.65,2961177
2021-06-21 09:54:05,619.65,2961397
2021-06-21 09:54:07,619.65,2961535
2021-06-21 09:54:08,619.7,2961538
2021-06-21 09:54:10,619.7,2963713
2021-06-21 09:54:11,619.7,2963713
2021-06-21 09:54:12,619.8,2965155
2021-06-21 09:54:13,619.8,2965155
2021-06-21 09:54:14,620.6,2974776
2021-06-21 09:54:15,620.45,2977369
2021-06-21 09:54:15,620.3,2977371
2021-06-21 09:54:16,620.35,2978583
2021-06-21 09:54:17,620.1,2978597
2021-06-21 09:54:18,620.35,2978610
2021-06-21 09:54:19,620.25,2978692
2021-06-21 09:54:20,620.1,2978743
2021-06-21 09:54:21,620.15,2978751
2021-06-21 09:54:24,620.25,2978880
2021-06-21 09:54:25,620.25,2978908
2021-06-21 09:54:26,620.25,2979210
2021-06-21 09:54:27,620.1,2979212
2021-06-21 09:54:27,620.1,2979212
2021-06-21 09:54:28,620.25,2979320
2021-06-21 09:54:29,620.25,2979404
2021-06-21 09:54:32,620.1,2979710
2021-06-21 09:54:33,620.25,2979760
2021-06-21 09:54:34,620.15,2979830
2021-06-21 09:54:34,620.15,2979832
2021-06-21 09:54:35,620.0,2981060
2021-06-21 09:54:36,619.95,2981786
2021-06-21 09:54:37,620.05,2981801
2021-06-21 09:54:38,620.0,2981826
2021-06-21 09:54:39,620.1,2982176
2021-06-21 09:54:40,620.0,2982838
2021-06-21 09:54:41,620.2,2982854
2021-06-21 09:54:42,620.05,2982905
2021-06-21 09:54:43,620.05,2982905
2021-06-21 09:54:44,620.2,2983815
2021-06-21 09:54:45,620.65,2986011
2021-06-21 09:54:46,620.45,2988196
2021-06-21 09:54:48,620.5,2988261
2021-06-21 09:54:49,620.35,2988281
2021-06-21 09:54:50,620.4,2988469
2021-06-21 09:54:51,620.4,2988515
2021-06-21 09:54:51,620.5,2988837
2021-06-21 09:54:52,620.5,2989097
2021-06-21 09:54:54,620.4,2990054
2021-06-21 09:54:57,620.4,2991387
2021-06-21 09:54:58,620.5,2993982
2021-06-21 09:54:58,620.1,2994381
2021-06-21 09:54:59,620.2,2995115
2021-06-21 09:55:01,620.0,2995513
2021-06-21 09:55:01,620.0,2995638
2021-06-21 09:55:03,620.0,2996130
2021-06-21 09:55:04,620.0,2996269
2021-06-21 09:55:06,620.4,3004753
2021-06-21 09:55:07,620.45,3004791
2021-06-21 09:55:07,620.2,3004849
2021-06-21 09:55:09,620.2,3004849
2021-06-21 09:55:09,620.2,3004849
2021-06-21 09:55:10,620.35,3004947
2021-06-21 09:55:11,620.5,3007416
2021-06-21 09:55:12,620.2,3007469
2021-06-21 09:55:14,620.2,3010186
2021-06-21 09:55:15,620.35,3010198
2021-06-21 09:55:16,620.35,3010227
2021-06-21 09:55:17,620.4,3010279
2021-06-21 09:55:18,620.35,3010296
2021-06-21 09:55:19,620.35,3010390
2021-06-21 09:55:20,620.4,3010666
2021-06-21 09:55:21,620.2,3010671
2021-06-21 09:55:22,620.2,3010871
2021-06-21 09:55:23,620.45,3010933
2021-06-21 09:55:24,620.2,3010958
2021-06-21 09:55:25,620.4,3011177
2021-06-21 09:55:26,620.5,3012170
2021-06-21 09:55:26,620.55,3012172
2021-06-21 09:55:28,620.8,3015489
2021-06-21 09:55:29,620.75,3015654
2021-06-21 09:55:30,620.55,3021290
2021-06-21 09:55:30,620.8,3017810
2021-06-21 09:55:32,620.6,3022387
2021-06-21 09:55:33,620.65,3022419
2021-06-21 09:55:34,620.45,3023066
2021-06-21 09:55:35,620.6,3023998
2021-06-21 09:55:36,620.35,3024020
2021-06-21 09:55:37,620.65,3028019
2021-06-21 09:55:38,620.65,3028127
2021-06-21 09:55:39,620.75,3028277
2021-06-21 09:55:40,620.6,3028321
2021-06-21 09:55:41,620.5,3034031
2021-06-21 09:55:42,620.2,3034624
2021-06-21 09:55:43,620.5,3034641
2021-06-21 09:55:43,620.5,3034641
2021-06-21 09:55:45,620.35,3034642
2021-06-21 09:55:45,620.35,3034651
2021-06-21 09:55:47,620.65,3034711
2021-06-21 09:55:48,620.75,3035018
2021-06-21 09:55:50,620.5,3037783
2021-06-21 09:55:51,620.5,3037804
2021-06-21 09:55:52,620.5,3038278
2021-06-21 09:55:53,620.5,3038380
2021-06-21 09:55:54,620.5,3038380
2021-06-21 09:55:56,620.35,3038723
2021-06-21 09:55:57,620.5,3039203
2021-06-21 09:55:58,620.5,3039458
2021-06-21 09:55:59,620.15,3040887
2021-06-21 09:56:01,620.2,3041261
2021-06-21 09:56:02,620.2,3041272
2021-06-21 09:56:03,620.3,3041327
2021-06-21 09:56:04,620.25,3041347
2021-06-21 09:56:05,620.1,3041380
2021-06-21 09:56:07,620.1,3041764
2021-06-21 09:56:08,620.15,3041828
2021-06-21 09:56:09,620.15,3041838
2021-06-21 09:56:10,620.1,3041882
2021-06-21 09:56:11,620.05,3044324
2021-06-21 09:56:12,620.05,3045302
2021-06-21 09:56:12,620.05,3045302
2021-06-21 09:56:13,620.05,3045497
2021-06-21 09:56:15,620.05,3045714
2021-06-21 09:56:17,620.05,3045715
2021-06-21 09:56:19,620.05,3046083
2021-06-21 09:56:21,620.0,3047635
2021-06-21 09:56:22,620.0,3049085
2021-06-21 09:56:24,620.0,3049085
2021-06-21 09:56:25,619.75,3060498
2021-06-21 09:56:26,619.65,3060784
2021-06-21 09:56:27,619.85,3061429
2021-06-21 09:56:28,619.7,3061613
2021-06-21 09:56:29,619.45,3062272
2021-06-21 09:56:30,619.7,3062283
2021-06-21 09:56:31,619.85,3062298
2021-06-21 09:56:32,619.85,3062596
2021-06-21 09:56:33,619.85,3062895
2021-06-21 09:56:34,619.8,3063578
2021-06-21 09:56:35,619.85,3063679
2021-06-21 09:56:36,619.85,3064069
2021-06-21 09:56:37,619.8,3065213
2021-06-21 09:56:38,619.85,3065817
2021-06-21 09:56:39,619.8,3066148
2021-06-21 09:56:40,619.8,3066223
2021-06-21 09:56:41,619.95,3068065
2021-06-21 09:56:42,620.0,3068593
2021-06-21 09:56:43,620.0,3070017
2021-06-21 09:56:44,620.0,3070204
2021-06-21 09:56:45,620.05,3070419
2021-06-21 09:56:46,620.0,3070848
2021-06-21 09:56:46,620.0,3070848
2021-06-21 09:56:47,620.1,3070856
2021-06-21 09:56:50,620.0,3071896
2021-06-21 09:56:51,620.2,3072197
2021-06-21 09:56:51,620.15,3072220
2021-06-21 09:56:53,620.1,3072622
2021-06-21 09:56:53,620.1,3072789
2021-06-21 09:56:54,620.1,3073099
2021-06-21 09:56:56,620.2,3073100
2021-06-21 09:56:57,620.2,3073100
2021-06-21 09:56:58,620.2,3073107
2021-06-21 09:56:59,620.2,3073107
2021-06-21 09:57:00,620.2,3074099
2021-06-21 09:57:01,620.1,3074105
2021-06-21 09:57:02,620.1,3074208
2021-06-21 09:57:03,620.1,3075041
2021-06-21 09:57:04,620.15,3075082
2021-06-21 09:57:05,620.15,3075082
2021-06-21 09:57:06,620.15,3075082
2021-06-21 09:57:07,620.1,3075557
2021-06-21 09:57:08,620.15,3075657
2021-06-21 09:57:08,620.15,3075677
2021-06-21 09:57:10,620.15,3075825
2021-06-21 09:57:10,620.15,3076128
2021-06-21 09:57:12,620.2,3076697
2021-06-21 09:57:13,620.2,3076806
2021-06-21 09:57:14,620.2,3076816
2021-06-21 09:57:15,620.3,3076827
2021-06-21 09:57:16,620.35,3079809
2021-06-21 09:57:17,620.35,3080203
2021-06-21 09:57:18,620.2,3082134
2021-06-21 09:57:18,620.2,3082134
2021-06-21 09:57:19,620.2,3082248
2021-06-21 09:57:20,620.2,3082762
2021-06-21 09:57:21,620.4,3085864
2021-06-21 09:57:23,620.3,3087907
2021-06-21 09:57:24,620.2,3087954
2021-06-21 09:57:25,620.3,3088324
2021-06-21 09:57:26,620.3,3088618
2021-06-21 09:57:27,620.2,3089006
2021-06-21 09:57:31,620.4,3091024
2021-06-21 09:57:32,620.4,3091024
2021-06-21 09:57:34,620.4,3091078
2021-06-21 09:57:35,620.2,3091660
2021-06-21 09:57:36,620.25,3091670
2021-06-21 09:57:37,620.2,3093045
2021-06-21 09:57:38,620.4,3093050
2021-06-21 09:57:39,620.4,3094617
2021-06-21 09:57:40,620.35,3097745
2021-06-21 09:57:41,620.3,3097819
2021-06-21 09:57:41,620.3,3097819
2021-06-21 09:57:43,620.35,3097849
2021-06-21 09:57:44,620.35,3097849
2021-06-21 09:57:45,620.35,3097886
2021-06-21 09:57:46,620.35,3098524
2021-06-21 09:57:48,620.35,3099943
2021-06-21 09:57:50,620.45,3100780
2021-06-21 09:57:52,620.45,3100882
2021-06-21 09:57:51,620.45,3100882
2021-06-21 09:57:53,620.5,3100902
2021-06-21 09:57:54,620.5,3101125
2021-06-21 09:57:55,620.5,3101128
2021-06-21 09:57:56,620.5,3101183
2021-06-21 09:57:57,620.5,3101186
2021-06-21 09:57:58,620.5,3101249
2021-06-21 09:57:59,620.5,3101370
2021-06-21 09:58:00,620.5,3101700
2021-06-21 09:58:01,620.5,3101924
2021-06-21 09:58:02,620.0,3105904
2021-06-21 09:58:03,620.15,3117415
2021-06-21 09:58:04,620.35,3117549
2021-06-21 09:58:05,620.3,3118014
2021-06-21 09:58:06,620.3,3118458
2021-06-21 09:58:07,620.25,3118861
2021-06-21 09:58:08,620.25,3118861
2021-06-21 09:58:09,620.3,3121140
2021-06-21 09:58:10,620.35,3122551
2021-06-21 09:58:12,620.45,3122874
2021-06-21 09:58:13,620.45,3123863
2021-06-21 09:58:14,620.5,3124508
2021-06-21 09:58:15,620.5,3126572
2021-06-21 09:58:16,620.5,3126656
2021-06-21 09:58:17,620.7,3126749
2021-06-21 09:58:19,620.65,3127088
2021-06-21 09:58:20,620.55,3128364
2021-06-21 09:58:21,620.55,3128404
2021-06-21 09:58:22,620.55,3131097
2021-06-21 09:58:23,620.5,3131158
2021-06-21 09:58:24,620.3,3131159
2021-06-21 09:58:25,620.5,3131259
2021-06-21 09:58:26,620.5,3131369
2021-06-21 09:58:27,620.45,3131399
2021-06-21 09:58:28,620.5,3132302
2021-06-21 09:58:29,620.3,3132345
2021-06-21 09:58:30,620.25,3132872
2021-06-21 09:58:31,620.25,3132877
2021-06-21 09:58:33,620.25,3133077
2021-06-21 09:58:34,620.15,3133078
2021-06-21 09:58:35,620.0,3133688
2021-06-21 09:58:37,620.2,3134302
2021-06-21 09:58:38,620.15,3134404
2021-06-21 09:58:39,620.2,3134689
2021-06-21 09:58:40,620.2,3134829
2021-06-21 09:58:41,620.2,3134855
2021-06-21 09:58:42,620.0,3135054
2021-06-21 09:58:43,620.15,3135059
2021-06-21 09:58:44,620.2,3135065
2021-06-21 09:58:45,620.2,3135475
2021-06-21 09:58:46,620.2,3135659
2021-06-21 09:58:47,620.2,3135884
2021-06-21 09:58:48,620.2,3135885
2021-06-21 09:58:50,620.2,3135926
2021-06-21 09:58:49,620.2,3135926
2021-06-21 09:58:51,620.2,3135926
2021-06-21 09:58:52,620.2,3136051
2021-06-21 09:58:53,620.15,3136436
2021-06-21 09:58:54,620.15,3137120
2021-06-21 09:58:55,620.2,3137894
2021-06-21 09:58:56,620.2,3137908
2021-06-21 09:58:57,620.2,3137908
2021-06-21 09:58:58,620.2,3137948
2021-06-21 09:58:59,620.2,3137948
2021-06-21 09:59:00,620.1,3138074
2021-06-21 09:59:01,620.15,3138174
2021-06-21 09:59:02,620.15,3138239
2021-06-21 09:59:03,620.0,3139694
2021-06-21 09:59:04,620.15,3139747
2021-06-21 09:59:06,620.0,3139889
2021-06-21 09:59:07,620.15,3139893
2021-06-21 09:59:08,620.15,3139918
2021-06-21 09:59:10,620.05,3141357
2021-06-21 09:59:11,620.1,3141359
2021-06-21 09:59:12,620.1,3141369
2021-06-21 09:59:13,620.1,3141451
2021-06-21 09:59:14,620.05,3141606
2021-06-21 09:59:15,620.1,3141608
2021-06-21 09:59:16,620.1,3143506
2021-06-21 09:59:17,620.15,3143507
2021-06-21 09:59:18,620.15,3143710
2021-06-21 09:59:20,620.2,3143773
2021-06-21 09:59:21,620.15,3145667
2021-06-21 09:59:22,620.0,3145953
2021-06-21 09:59:23,620.05,3146038
2021-06-21 09:59:24,620.1,3146039
2021-06-21 09:59:25,620.1,3146192
2021-06-21 09:59:26,620.0,3148788
2021-06-21 09:59:27,620.1,3148890
2021-06-21 09:59:28,620.15,3148994
2021-06-21 09:59:29,620.0,3148996
2021-06-21 09:59:30,620.0,3149266
2021-06-21 09:59:31,620.05,3149339
2021-06-21 09:59:32,620.15,3149459
2021-06-21 09:59:33,620.15,3149459
2021-06-21 09:59:34,620.15,3149496
2021-06-21 09:59:35,620.15,3149510
2021-06-21 09:59:36,620.15,3149604
2021-06-21 09:59:37,620.15,3150677
2021-06-21 09:59:38,620.15,3150692
2021-06-21 09:59:39,620.3,3151973
2021-06-21 09:59:40,620.15,3154391
2021-06-21 09:59:41,620.15,3154443
2021-06-21 09:59:42,620.15,3154443
2021-06-21 09:59:43,620.3,3154447
2021-06-21 09:59:44,620.3,3154447
2021-06-21 09:59:45,620.35,3154449
2021-06-21 09:59:46,620.35,3154449
2021-06-21 09:59:47,620.05,3154484
2021-06-21 09:59:48,620.35,3154587
2021-06-21 09:59:49,620.35,3154603
2021-06-21 09:59:50,620.35,3154711
2021-06-21 09:59:51,620.35,3154822
2021-06-21 09:59:53,620.3,3154948
2021-06-21 09:59:54,620.2,3154965
2021-06-21 09:59:55,620.15,3154967
2021-06-21 09:59:56,620.2,3155175
2021-06-21 09:59:57,620.2,3155225
2021-06-21 09:59:58,620.2,3155225
2021-06-21 09:59:59,620.2,3155237
2021-06-21 10:00:00,620.1,3155318
2021-06-21 10:00:01,620.2,3155384
2021-06-21 10:00:02,620.0,3155851
2021-06-21 10:00:03,620.0,3155973
2021-06-21 10:00:04,620.0,3156566
2021-06-21 10:00:05,620.0,3156746
2021-06-21 10:00:07,620.15,3156747
2021-06-21 10:00:07,620.1,3167321
2021-06-21 10:00:08,620.25,3168891
2021-06-21 10:00:09,620.45,3169006
2021-06-21 10:00:10,620.15,3169093
2021-06-21 10:00:11,620.05,3169389
2021-06-21 10:00:12,620.25,3169413
2021-06-21 10:00:13,620.2,3169897
2021-06-21 10:00:14,620.25,3169952
2021-06-21 10:00:15,620.25,3169953
2021-06-21 10:00:16,620.05,3170129
2021-06-21 10:00:17,620.25,3170317
2021-06-21 10:00:19,620.25,3170635
2021-06-21 10:00:20,620.25,3170746
2021-06-21 10:00:20,620.25,3170746
2021-06-21 10:00:21,620.05,3170801
2021-06-21 10:00:22,620.0,3171051
2021-06-21 10:00:23,620.2,3171538
2021-06-21 10:00:24,620.2,3173179
2021-06-21 10:00:25,620.15,3173296
2021-06-21 10:00:26,620.15,3173557
2021-06-21 10:00:27,620.0,3173653
2021-06-21 10:00:28,620.15,3173980
2021-06-21 10:00:30,620.15,3175100
2021-06-21 10:00:31,620.15,3175482
2021-06-21 10:00:31,620.15,3175495
2021-06-21 10:00:33,620.0,3175555
2021-06-21 10:00:34,620.15,3176121
2021-06-21 10:00:34,620.15,3176167
2021-06-21 10:00:37,620.15,3176807
2021-06-21 10:00:38,620.15,3176813
2021-06-21 10:00:39,620.1,3176868
2021-06-21 10:00:40,620.15,3177336
2021-06-21 10:00:41,620.15,3177864
2021-06-21 10:00:42,620.15,3177869
2021-06-21 10:00:43,620.05,3178519
2021-06-21 10:00:44,620.15,3178591
2021-06-21 10:00:46,620.1,3178671
2021-06-21 10:00:46,620.15,3178672
2021-06-21 10:00:47,620.55,3187150
2021-06-21 10:00:48,620.7,3187564
2021-06-21 10:00:49,620.7,3187582
2021-06-21 10:00:50,620.7,3187953
2021-06-21 10:00:51,620.7,3187953
2021-06-21 10:00:52,620.85,3188154
2021-06-21 10:00:53,620.85,3188601
2021-06-21 10:00:54,620.9,3189070
2021-06-21 10:00:55,621.05,3191893
2021-06-21 10:00:56,621.3,3192051
2021-06-21 10:00:57,621.3,3192054
2021-06-21 10:00:58,621.3,3192089
2021-06-21 10:00:59,620.95,3193551
2021-06-21 10:01:00,621.1,3193686
2021-06-21 10:01:01,621.0,3193732
2021-06-21 10:01:02,621.0,3193764
2021-06-21 10:01:03,621.0,3195487
2021-06-21 10:01:04,621.0,3195487
2021-06-21 10:01:05,621.0,3195622
2021-06-21 10:01:06,621.0,3195626
2021-06-21 10:01:07,621.05,3197086
2021-06-21 10:01:08,621.05,3197296
2021-06-21 10:01:10,621.1,3197312
2021-06-21 10:01:10,621.0,3197322
2021-06-21 10:01:11,621.1,3197522
2021-06-21 10:01:12,621.1,3197845
2021-06-21 10:01:13,621.1,3197911
2021-06-21 10:01:15,621.05,3198091
2021-06-21 10:01:15,621.1,3198104
2021-06-21 10:01:17,621.25,3198312
2021-06-21 10:01:17,621.25,3198312
2021-06-21 10:01:18,621.25,3200104
2021-06-21 10:01:19,621.3,3200446
2021-06-21 10:01:21,621.3,3200552
2021-06-21 10:01:22,621.25,3200652
2021-06-21 10:01:24,621.3,3200662
2021-06-21 10:01:24,621.3,3200663
2021-06-21 10:01:25,621.3,3201907
2021-06-21 10:01:26,621.35,3203582
2021-06-21 10:01:27,621.3,3203722
2021-06-21 10:01:28,621.3,3203727
2021-06-21 10:01:29,621.3,3203727
2021-06-21 10:01:30,621.3,3203737
2021-06-21 10:01:31,621.3,3203742
2021-06-21 10:01:32,621.35,3205680
2021-06-21 10:01:33,621.4,3205705
2021-06-21 10:01:35,621.4,3205957
2021-06-21 10:01:35,621.4,3205957
2021-06-21 10:01:36,621.4,3205973
2021-06-21 10:01:37,621.5,3206273
2021-06-21 10:01:38,621.45,3206790
2021-06-21 10:01:39,621.7,3208943
2021-06-21 10:01:40,622.25,3213715
2021-06-21 10:01:42,622.2,3214677
2021-06-21 10:01:43,622.05,3214949
2021-06-21 10:01:44,621.95,3215149
2021-06-21 10:01:45,622.0,3215252
2021-06-21 10:01:46,621.85,3215452
2021-06-21 10:01:47,622.05,3215497
2021-06-21 10:01:48,622.0,3215557
2021-06-21 10:01:49,621.9,3217236
2021-06-21 10:01:50,621.9,3217905
2021-06-21 10:01:51,621.95,3218526
2021-06-21 10:01:53,622.0,3218718
2021-06-21 10:01:53,622.0,3218718
2021-06-21 10:01:54,621.95,3218735
2021-06-21 10:01:55,621.95,3218770
2021-06-21 10:01:56,622.0,3218773
2021-06-21 10:01:57,622.0,3219088
2021-06-21 10:01:58,622.0,3219103
2021-06-21 10:01:59,622.0,3219121
2021-06-21 10:02:01,622.0,3219152
2021-06-21 10:02:01,622.0,3219152
2021-06-21 10:02:03,622.0,3221503
2021-06-21 10:02:04,622.0,3221507
2021-06-21 10:02:06,622.0,3221567
2021-06-21 10:02:07,622.0,3222922
2021-06-21 10:02:07,621.85,3222932
2021-06-21 10:02:09,622.0,3223280
2021-06-21 10:02:11,621.85,3223721
2021-06-21 10:02:13,621.7,3225067
2021-06-21 10:02:14,621.5,3225196
2021-06-21 10:02:15,621.7,3225411
2021-06-21 10:02:15,621.7,3225411
2021-06-21 10:02:16,621.4,3225713
2021-06-21 10:02:17,621.7,3225811
2021-06-21 10:02:18,621.7,3226166
2021-06-21 10:02:19,621.7,3226166
2021-06-21 10:02:20,621.7,3226168
2021-06-21 10:02:22,621.7,3226611
2021-06-21 10:02:23,621.7,3226646
2021-06-21 10:02:23,621.65,3227225
2021-06-21 10:02:25,621.7,3227631
2021-06-21 10:02:26,621.7,3227641
2021-06-21 10:02:26,621.7,3227641
2021-06-21 10:02:28,621.7,3227905
2021-06-21 10:02:28,621.7,3227905
2021-06-21 10:02:29,621.55,3228357
2021-06-21 10:02:30,621.6,3228622
2021-06-21 10:02:31,621.6,3228622
2021-06-21 10:02:32,621.5,3228722
2021-06-21 10:02:33,621.6,3228780
2021-06-21 10:02:34,621.6,3229339
2021-06-21 10:02:35,621.55,3229340
2021-06-21 10:02:36,621.35,3229354
2021-06-21 10:02:37,621.5,3229368
2021-06-21 10:02:38,621.7,3230668
2021-06-21 10:02:40,621.5,3231031
2021-06-21 10:02:42,621.5,3231032
2021-06-21 10:02:43,621.5,3231093
2021-06-21 10:02:44,621.5,3231393
2021-06-21 10:02:45,621.5,3231448
2021-06-21 10:02:45,621.5,3231448
2021-06-21 10:02:46,621.35,3232811
2021-06-21 10:02:47,621.5,3232813
2021-06-21 10:02:48,621.5,3232862
2021-06-21 10:02:50,621.6,3233882
2021-06-21 10:02:51,621.55,3233884
2021-06-21 10:02:52,621.5,3233887
2021-06-21 10:02:52,621.5,3233887
2021-06-21 10:02:53,621.5,3233914
2021-06-21 10:02:54,621.6,3234214
2021-06-21 10:02:56,621.6,3234314
2021-06-21 10:02:57,621.6,3234454
2021-06-21 10:02:57,621.65,3234740
2021-06-21 10:02:58,621.65,3234740
2021-06-21 10:02:59,621.8,3235299
2021-06-21 10:03:00,621.95,3235375
2021-06-21 10:03:01,621.75,3235386
2021-06-21 10:03:02,621.95,3235402
2021-06-21 10:03:03,621.95,3235558
2021-06-21 10:03:05,621.95,3235644
2021-06-21 10:03:06,621.75,3245726
2021-06-21 10:03:07,621.75,3245779
2021-06-21 10:03:08,621.75,3245879
2021-06-21 10:03:09,621.75,3246229
2021-06-21 10:03:10,621.7,3246230
2021-06-21 10:03:11,621.7,3246244
2021-06-21 10:03:12,621.7,3246249
2021-06-21 10:03:14,621.75,3247640
2021-06-21 10:03:15,621.75,3247640
2021-06-21 10:03:15,621.75,3247640
2021-06-21 10:03:16,621.75,3247704
2021-06-21 10:03:18,621.75,3247809
2021-06-21 10:03:19,621.75,3247848
2021-06-21 10:03:20,621.75,3247849
2021-06-21 10:03:21,621.75,3247852
2021-06-21 10:03:21,621.75,3247854
2021-06-21 10:03:22,621.75,3247936
2021-06-21 10:03:23,621.75,3249159
2021-06-21 10:03:24,621.75,3249197
2021-06-21 10:03:25,621.75,3249206
2021-06-21 10:03:26,621.75,3250998
2021-06-21 10:03:27,621.75,3251048
2021-06-21 10:03:28,621.75,3251048
2021-06-21 10:03:30,621.75,3251256
2021-06-21 10:03:31,621.75,3251259
2021-06-21 10:03:32,621.5,3271639
2021-06-21 10:03:33,621.45,3271729
2021-06-21 10:03:34,621.9,3300830
2021-06-21 10:03:35,621.75,3300844
2021-06-21 10:03:36,621.75,3300844
2021-06-21 10:03:36,621.7,3302593
2021-06-21 10:03:37,621.35,3302816
2021-06-21 10:03:38,621.35,3304043
2021-06-21 10:03:39,621.35,3304043
2021-06-21 10:03:40,621.35,3304093
2021-06-21 10:03:41,621.5,3304126
2021-06-21 10:03:42,621.5,3304126
2021-06-21 10:03:45,621.35,3304155
2021-06-21 10:03:46,621.5,3304779
2021-06-21 10:03:47,621.5,3304779
2021-06-21 10:03:48,621.55,3304811
2021-06-21 10:03:49,621.55,3304828
2021-06-21 10:03:51,621.55,3306403
2021-06-21 10:03:52,621.55,3306403
2021-06-21 10:03:53,621.55,3306423
2021-06-21 10:03:54,621.55,3306423
2021-06-21 10:03:54,621.55,3306423
2021-06-21 10:03:55,621.55,3306461
2021-06-21 10:03:56,621.55,3306477
2021-06-21 10:03:57,621.55,3306502
2021-06-21 10:03:59,621.6,3307887
2021-06-21 10:04:00,621.6,3307887
2021-06-21 10:04:02,621.55,3307912
2021-06-21 10:04:03,621.5,3307934
2021-06-21 10:04:04,621.5,3307951
2021-06-21 10:04:04,621.5,3307951
2021-06-21 10:04:05,621.5,3308026
2021-06-21 10:04:06,621.45,3308810
2021-06-21 10:04:07,621.5,3308823
2021-06-21 10:04:08,621.5,3309030
2021-06-21 10:04:10,621.5,3309032
2021-06-21 10:04:11,621.5,3309081
2021-06-21 10:04:11,621.5,3309081
2021-06-21 10:04:13,621.55,3309524
2021-06-21 10:04:14,621.5,3309574
2021-06-21 10:04:15,621.45,3310032
2021-06-21 10:04:16,621.45,3310042
2021-06-21 10:04:17,621.45,3310150
2021-06-21 10:04:17,621.45,3310150
2021-06-21 10:04:18,621.35,3310304
2021-06-21 10:04:20,621.45,3310372
2021-06-21 10:04:22,621.45,3313492
2021-06-21 10:04:23,621.4,3313513
2021-06-21 10:04:24,621.4,3313535
2021-06-21 10:04:25,621.4,3313540
2021-06-21 10:04:25,621.4,3313540
2021-06-21 10:04:26,621.5,3316182
2021-06-21 10:04:28,621.5,3316275
2021-06-21 10:04:29,621.55,3316317
2021-06-21 10:04:30,621.55,3316317
2021-06-21 10:04:31,621.5,3316348
2021-06-21 10:04:32,621.55,3316351
2021-06-21 10:04:33,621.5,3316511
2021-06-21 10:04:34,621.55,3316573
2021-06-21 10:04:34,621.55,3316573
2021-06-21 10:04:35,621.6,3317796
2021-06-21 10:04:36,621.5,3317802
2021-06-21 10:04:38,621.6,3317812
2021-06-21 10:04:39,621.6,3317814
2021-06-21 10:04:40,621.5,3317826
2021-06-21 10:04:41,621.6,3317846
2021-06-21 10:04:42,621.6,3317847
2021-06-21 10:04:43,621.6,3318862
2021-06-21 10:04:43,621.6,3318862
2021-06-21 10:04:44,621.6,3318871
2021-06-21 10:04:46,621.6,3320373
2021-06-21 10:04:47,621.6,3320373
2021-06-21 10:04:48,621.65,3320442
2021-06-21 10:04:49,621.65,3320529
2021-06-21 10:04:49,621.65,3320529
2021-06-21 10:04:51,621.65,3320534
2021-06-21 10:04:52,621.65,3320534
2021-06-21 10:04:53,621.65,3320535
2021-06-21 10:04:54,621.65,3320579
2021-06-21 10:04:54,621.65,3320579
2021-06-21 10:04:55,621.65,3320579
2021-06-21 10:04:56,621.55,3320607
2021-06-21 10:04:57,621.7,3320859
2021-06-21 10:04:58,621.7,3321659
2021-06-21 10:05:00,621.65,3322460
2021-06-21 10:05:01,621.55,3322527
2021-06-21 10:05:02,621.55,3322649
2021-06-21 10:05:03,621.65,3322731
2021-06-21 10:05:04,621.5,3322971
2021-06-21 10:05:05,621.65,3322972
2021-06-21 10:05:06,621.5,3323548
2021-06-21 10:05:06,621.5,3323548
2021-06-21 10:05:07,621.5,3323569
2021-06-21 10:05:08,621.5,3325537
2021-06-21 10:05:09,621.6,3325562
2021-06-21 10:05:11,621.6,3325562
2021-06-21 10:05:12,621.5,3325816
2021-06-21 10:05:13,621.6,3328016
2021-06-21 10:05:14,621.6,3328064
2021-06-21 10:05:15,621.5,3328241
2021-06-21 10:05:15,621.5,3328212
2021-06-21 10:05:16,621.5,3328285
2021-06-21 10:05:17,621.6,3328624
2021-06-21 10:05:19,621.7,3330016
2021-06-21 10:05:20,621.7,3330017
2021-06-21 10:05:21,621.7,3330093
2021-06-21 10:05:22,621.7,3330097
2021-06-21 10:05:22,621.7,3330097
2021-06-21 10:05:23,621.7,3330199
2021-06-21 10:05:25,621.65,3330247
2021-06-21 10:05:26,621.65,3330933
2021-06-21 10:05:27,621.7,3330935
2021-06-21 10:05:28,621.7,3330935
2021-06-21 10:05:29,621.65,3331083
2021-06-21 10:05:30,621.7,3331085
2021-06-21 10:05:32,621.7,3331968
2021-06-21 10:05:33,621.7,3332478
2021-06-21 10:05:34,621.75,3332710
2021-06-21 10:05:35,621.85,3334193
2021-06-21 10:05:36,621.7,3334268
2021-06-21 10:05:37,621.8,3334288
2021-06-21 10:05:37,621.8,3334288
2021-06-21 10:05:38,621.7,3334291
2021-06-21 10:05:39,621.85,3334306
2021-06-21 10:05:41,621.85,3334367
2021-06-21 10:05:42,621.7,3334409
2021-06-21 10:05:43,621.7,3334420
2021-06-21 10:05:44,621.85,3334470
2021-06-21 10:05:45,621.85,3334560
2021-06-21 10:05:46,621.8,3335561
2021-06-21 10:05:47,621.8,3335610
2021-06-21 10:05:48,621.8,3335775
2021-06-21 10:05:49,621.8,3335794
2021-06-21 10:05:50,621.75,3335846
2021-06-21 10:05:51,621.75,3335898
2021-06-21 10:05:52,621.55,3336448
2021-06-21 10:05:53,621.55,3336448
2021-06-21 10:05:54,621.5,3336632
2021-06-21 10:05:55,621.75,3336769
2021-06-21 10:05:55,621.75,3336769
2021-06-21 10:05:56,621.75,3336870
2021-06-21 10:05:57,621.6,3337041
2021-06-21 10:05:59,621.75,3337113
2021-06-21 10:06:00,621.75,3337113
2021-06-21 10:06:01,621.75,3337113
2021-06-21 10:06:02,621.7,3337138
2021-06-21 10:06:03,621.5,3337247
2021-06-21 10:06:04,621.7,3337253
2021-06-21 10:06:05,621.55,3337374
2021-06-21 10:06:05,621.7,3337377
2021-06-21 10:06:06,621.7,3337397
2021-06-21 10:06:08,621.7,3337427
2021-06-21 10:06:09,621.5,3337927
2021-06-21 10:06:10,621.6,3337951
2021-06-21 10:06:11,621.6,3337951
2021-06-21 10:06:12,621.65,3338196
2021-06-21 10:06:13,621.65,3338301
2021-06-21 10:06:14,621.65,3338333
2021-06-21 10:06:14,621.65,3338326
2021-06-21 10:06:15,621.35,3339177
2021-06-21 10:06:16,621.6,3339283
2021-06-21 10:06:18,621.7,3340084
2021-06-21 10:06:19,621.65,3340154
2021-06-21 10:06:20,621.5,3340234
2021-06-21 10:06:21,621.5,3340251
2021-06-21 10:06:22,621.5,3340361
2021-06-21 10:06:22,621.5,3340361
2021-06-21 10:06:25,621.5,3340454
2021-06-21 10:06:26,621.35,3340462
2021-06-21 10:06:27,621.35,3340477
2021-06-21 10:06:28,621.35,3340477
2021-06-21 10:06:29,621.5,3340683
2021-06-21 10:06:30,621.5,3340687
2021-06-21 10:06:31,621.5,3340740
2021-06-21 10:06:32,621.5,3340748
2021-06-21 10:06:32,621.5,3340763
2021-06-21 10:06:34,621.5,3340822
2021-06-21 10:06:35,621.5,3340853
2021-06-21 10:06:36,621.5,3340855
2021-06-21 10:06:37,621.5,3340855
2021-06-21 10:06:38,621.5,3341215
2021-06-21 10:06:39,621.5,3341515
2021-06-21 10:06:40,621.35,3341525
2021-06-21 10:06:41,621.35,3341525
2021-06-21 10:06:42,621.5,3341579
2021-06-21 10:06:42,621.5,3341709
2021-06-21 10:06:43,621.5,3341734
2021-06-21 10:06:45,621.5,3341734
2021-06-21 10:06:47,621.5,3341907
2021-06-21 10:06:48,621.45,3342522
2021-06-21 10:06:49,621.5,3342605
2021-06-21 10:06:50,621.45,3342606
2021-06-21 10:06:50,621.45,3342606
2021-06-21 10:06:52,621.5,3342861
2021-06-21 10:06:53,621.5,3342861
2021-06-21 10:06:54,621.5,3342862
2021-06-21 10:06:55,621.5,3342884
2021-06-21 10:06:56,621.5,3342893
2021-06-21 10:06:56,621.5,3342898
2021-06-21 10:06:57,621.5,3343000
2021-06-21 10:06:59,621.5,3343015
2021-06-21 10:07:00,621.5,3343026
2021-06-21 10:07:01,621.5,3343026
2021-06-21 10:07:02,621.5,3343048
2021-06-21 10:07:02,621.5,3343048
2021-06-21 10:07:03,621.5,3343053
2021-06-21 10:07:04,621.5,3343095
2021-06-21 10:07:06,621.5,3343095
2021-06-21 10:07:06,621.5,3343135
2021-06-21 10:07:08,621.5,3343365
2021-06-21 10:07:09,621.4,3343406
2021-06-21 10:07:10,621.5,3343506
2021-06-21 10:07:11,621.5,3343518
2021-06-21 10:07:12,621.5,3343520
2021-06-21 10:07:13,621.45,3343621
2021-06-21 10:07:14,621.5,3343671
2021-06-21 10:07:15,621.5,3343673
2021-06-21 10:07:16,621.5,3343976
2021-06-21 10:07:17,621.5,3345356
2021-06-21 10:07:18,621.5,3345391
2021-06-21 10:07:19,621.5,3345407
2021-06-21 10:07:20,621.35,3345457
2021-06-21 10:07:21,621.35,3345557
2021-06-21 10:07:22,621.35,3345557
2021-06-21 10:07:23,621.5,3345558
2021-06-21 10:07:24,621.4,3347437
2021-06-21 10:07:25,621.65,3347557
2021-06-21 10:07:26,621.65,3347557
2021-06-21 10:07:26,621.65,3347557
2021-06-21 10:07:27,621.65,3347667
2021-06-21 10:07:29,621.5,3347867
2021-06-21 10:07:30,621.65,3347919
2021-06-21 10:07:31,621.65,3347919
2021-06-21 10:07:32,621.65,3347930
2021-06-21 10:07:34,621.65,3349357
2021-06-21 10:07:35,621.65,3349457
2021-06-21 10:07:36,621.5,3349459
2021-06-21 10:07:37,621.5,3349468
2021-06-21 10:07:38,621.5,3349531
2021-06-21 10:07:39,621.55,3349912
2021-06-21 10:07:40,621.6,3350072
2021-06-21 10:07:40,621.6,3350072
2021-06-21 10:07:42,621.6,3350249
2021-06-21 10:07:43,621.6,3350281
2021-06-21 10:07:44,621.6,3350284
2021-06-21 10:07:45,621.6,3350309
2021-06-21 10:07:46,621.6,3350326
2021-06-21 10:07:47,621.6,3350328
2021-06-21 10:07:48,621.6,3350349
2021-06-21 10:07:48,621.6,3350349
2021-06-21 10:07:49,621.6,3350378
2021-06-21 10:07:51,621.6,3350488
2021-06-21 10:07:52,621.6,3350508
2021-06-21 10:07:53,621.6,3350518
2021-06-21 10:07:54,621.6,3350620
2021-06-21 10:07:55,621.6,3350622
2021-06-21 10:07:56,621.6,3350623
2021-06-21 10:07:57,621.6,3350625
2021-06-21 10:07:58,621.6,3350643
2021-06-21 10:07:58,621.6,3350643
2021-06-21 10:08:00,621.6,3350646
2021-06-21 10:08:01,621.6,3350669
2021-06-21 10:08:02,621.55,3350725
2021-06-21 10:08:03,621.5,3350781
2021-06-21 10:08:04,621.6,3351482
2021-06-21 10:08:04,621.6,3351482
2021-06-21 10:08:05,621.6,3351557
2021-06-21 10:08:06,621.6,3351559
2021-06-21 10:08:07,621.6,3351561
2021-06-21 10:08:09,621.6,3351841
2021-06-21 10:08:10,621.5,3351842
2021-06-21 10:08:11,621.5,3351842
