timestamp,ltp,volume
2021-06-21 09:16:29,971.3,110821
2021-06-21 09:16:30,970.35,110929
2021-06-21 09:16:31,970.45,111501
2021-06-21 09:16:32,971.7,112628
2021-06-21 09:16:33,971.0,112890
2021-06-21 09:16:34,971.25,117197
2021-06-21 09:16:35,971.25,117197
2021-06-21 09:16:36,972.1,118325
2021-06-21 09:16:37,971.7,119355
2021-06-21 09:16:38,971.35,119654
2021-06-21 09:16:39,971.45,119853
2021-06-21 09:16:40,971.5,119885
2021-06-21 09:16:41,971.45,119931
2021-06-21 09:16:42,971.65,120333
2021-06-21 09:16:43,971.7,120926
2021-06-21 09:16:44,971.6,121449
2021-06-21 09:16:45,971.15,121900
2021-06-21 09:16:46,971.5,122300
2021-06-21 09:16:47,970.4,133589
2021-06-21 09:16:48,970.25,134996
2021-06-21 09:16:49,970.4,135159
2021-06-21 09:16:50,970.2,136245
2021-06-21 09:16:51,969.7,137682
2021-06-21 09:16:52,971.65,145658
2021-06-21 09:16:53,971.7,149159
2021-06-21 09:16:54,971.95,149216
2021-06-21 09:16:55,971.5,149445
2021-06-21 09:16:56,971.5,149502
2021-06-21 09:16:57,972.0,149998
2021-06-21 09:16:58,972.0,150191
2021-06-21 09:16:59,972.2,150739
2021-06-21 09:17:00,972.2,151132
2021-06-21 09:17:01,972.75,152140
2021-06-21 09:17:02,972.85,152325
2021-06-21 09:17:03,972.6,152374
2021-06-21 09:17:04,972.2,152749
2021-06-21 09:17:05,972.0,156578
2021-06-21 09:17:06,971.55,156922
2021-06-21 09:17:07,971.75,159378
2021-06-21 09:17:08,971.2,160591
2021-06-21 09:17:10,971.8,161011
2021-06-21 09:17:11,971.65,161431
2021-06-21 09:17:12,971.0,163859
2021-06-21 09:17:13,971.25,163993
2021-06-21 09:17:14,970.7,165702
2021-06-21 09:17:15,970.7,167511
2021-06-21 09:17:16,969.35,171199
2021-06-21 09:17:17,969.4,171430
2021-06-21 09:17:18,969.7,171752
2021-06-21 09:17:19,969.2,172615
2021-06-21 09:17:20,969.5,173377
2021-06-21 09:17:21,970.75,173815
2021-06-21 09:17:22,971.2,173845
2021-06-21 09:17:23,970.95,174453
2021-06-21 09:17:24,970.85,174733
2021-06-21 09:17:25,970.7,175321
2021-06-21 09:17:26,970.6,175452
2021-06-21 09:17:27,970.0,175714
2021-06-21 09:17:28,969.75,175895
2021-06-21 09:17:30,969.05,177477
2021-06-21 09:17:30,969.05,177477
2021-06-21 09:17:31,969.0,179233
2021-06-21 09:17:32,969.5,180084
2021-06-21 09:17:33,969.2,180847
2021-06-21 09:17:34,969.15,181701
2021-06-21 09:17:35,969.4,182448
2021-06-21 09:17:36,970.0,185229
2021-06-21 09:17:37,969.75,185991
2021-06-21 09:17:39,969.75,185991
2021-06-21 09:17:39,969.7,185992
2021-06-21 09:17:40,969.8,186094
2021-06-21 09:17:41,970.35,188019
2021-06-21 09:17:42,970.9,188439
2021-06-21 09:17:43,970.4,188490
2021-06-21 09:17:44,970.85,188650
2021-06-21 09:17:45,970.9,189717
2021-06-21 09:17:46,971.0,190027
2021-06-21 09:17:47,971.95,190366
2021-06-21 09:17:48,971.6,190606
2021-06-21 09:17:49,971.7,190852
2021-06-21 09:17:51,971.7,190952
2021-06-21 09:17:51,971.65,190972
2021-06-21 09:17:52,971.6,191407
2021-06-21 09:17:53,971.85,192279
2021-06-21 09:17:54,971.65,192304
2021-06-21 09:17:55,971.2,192334
2021-06-21 09:17:57,971.85,193666
2021-06-21 09:17:57,971.85,193666
2021-06-21 09:17:58,971.95,194549
2021-06-21 09:17:59,971.95,194577
2021-06-21 09:18:01,971.65,194632
2021-06-21 09:18:01,971.65,194632
2021-06-21 09:18:02,971.95,194715
2021-06-21 09:18:03,972.0,196434
2021-06-21 09:18:04,972.25,197723
2021-06-21 09:18:05,971.85,198155
2021-06-21 09:18:06,971.95,198599
2021-06-21 09:18:07,971.8,198869
2021-06-21 09:18:08,972.0,198894
2021-06-21 09:18:09,972.0,199070
2021-06-21 09:18:10,972.2,199381
2021-06-21 09:18:11,972.4,199857
2021-06-21 09:18:12,972.6,199966
2021-06-21 09:18:13,972.65,200507
2021-06-21 09:18:14,972.45,200526
2021-06-21 09:18:15,972.6,200704
2021-06-21 09:18:16,972.4,201191
2021-06-21 09:18:17,972.8,201657
2021-06-21 09:18:19,972.3,202531
2021-06-21 09:18:20,972.25,203431
2021-06-21 09:18:21,972.2,203801
2021-06-21 09:18:22,971.8,207855
2021-06-21 09:18:24,972.55,208410
2021-06-21 09:18:27,972.35,209382
2021-06-21 09:18:28,972.3,210958
2021-06-21 09:18:30,972.85,210970
2021-06-21 09:18:30,972.85,210970
2021-06-21 09:18:31,972.7,210995
2021-06-21 09:18:32,972.0,212788
2021-06-21 09:18:33,972.05,213286
2021-06-21 09:18:34,972.55,213962
2021-06-21 09:18:35,972.05,214077
2021-06-21 09:18:36,972.55,215657
2021-06-21 09:18:37,972.65,215870
2021-06-21 09:18:38,972.65,215885
2021-06-21 09:18:39,972.25,216271
2021-06-21 09:18:40,972.65,216345
2021-06-21 09:18:43,972.8,216693
2021-06-21 09:18:43,972.85,216687
2021-06-21 09:18:44,973.0,216880
2021-06-21 09:18:45,973.3,219882
2021-06-21 09:18:46,973.85,220035
2021-06-21 09:18:47,973.45,220095
2021-06-21 09:18:48,974.35,220613
2021-06-21 09:18:49,974.45,220799
2021-06-21 09:18:50,974.4,220839
2021-06-21 09:18:51,974.4,220993
2021-06-21 09:18:52,974.45,222302
2021-06-21 09:18:53,974.45,222863
2021-06-21 09:18:54,974.5,223129
2021-06-21 09:18:55,974.5,223200
2021-06-21 09:18:56,974.45,223253
2021-06-21 09:18:57,974.5,223780
2021-06-21 09:18:59,974.7,224370
2021-06-21 09:18:59,974.1,224450
2021-06-21 09:19:00,973.55,225552
2021-06-21 09:19:01,973.5,225702
2021-06-21 09:19:02,973.5,225917
2021-06-21 09:19:03,973.6,226189
2021-06-21 09:19:04,973.15,226365
2021-06-21 09:19:06,973.55,226607
2021-06-21 09:19:07,974.05,226875
2021-06-21 09:19:08,974.0,226905
2021-06-21 09:19:09,974.15,227024
2021-06-21 09:19:10,974.15,227124
2021-06-21 09:19:11,974.15,227207
2021-06-21 09:19:12,974.45,227752
2021-06-21 09:19:13,974.35,228065
2021-06-21 09:19:14,974.25,228074
2021-06-21 09:19:15,973.55,228176
2021-06-21 09:19:16,974.45,228795
2021-06-21 09:19:17,974.45,229546
2021-06-21 09:19:18,974.45,229752
2021-06-21 09:19:19,974.95,230920
2021-06-21 09:19:20,974.35,230955
2021-06-21 09:19:22,974.7,231031
2021-06-21 09:19:22,974.85,231006
2021-06-21 09:19:23,974.5,231873
2021-06-21 09:19:24,975.0,232420
2021-06-21 09:19:26,975.0,232526
2021-06-21 09:19:26,975.0,232538
2021-06-21 09:19:27,975.0,232787
2021-06-21 09:19:28,976.05,236821
2021-06-21 09:19:29,975.75,237055
2021-06-21 09:19:30,975.85,237985
2021-06-21 09:19:31,976.0,238182
2021-06-21 09:19:33,975.1,238380
2021-06-21 09:19:34,975.5,238570
2021-06-21 09:19:35,975.55,238876
2021-06-21 09:19:36,976.0,239099
2021-06-21 09:19:37,976.75,239907
2021-06-21 09:19:38,976.75,239975
2021-06-21 09:19:38,976.75,239975
2021-06-21 09:19:39,976.95,240183
2021-06-21 09:19:40,976.85,240361
2021-06-21 09:19:41,976.75,240652
2021-06-21 09:19:42,976.75,240798
2021-06-21 09:19:43,976.35,241637
2021-06-21 09:19:44,976.0,241871
2021-06-21 09:19:45,976.6,242227
2021-06-21 09:19:46,976.9,242856
2021-06-21 09:19:48,976.25,243096
2021-06-21 09:19:49,975.65,243394
2021-06-21 09:19:49,976.0,244788
2021-06-21 09:19:50,975.25,245112
2021-06-21 09:19:51,975.95,246595
2021-06-21 09:19:52,975.5,247798
2021-06-21 09:19:53,976.1,247927
2021-06-21 09:19:54,976.1,248119
2021-06-21 09:19:55,975.3,248322
2021-06-21 09:19:56,976.15,248551
2021-06-21 09:19:57,976.85,249319
2021-06-21 09:19:58,976.85,249537
2021-06-21 09:19:59,976.9,250429
2021-06-21 09:20:00,977.0,250649
2021-06-21 09:20:01,976.2,251022
2021-06-21 09:20:02,976.05,253581
2021-06-21 09:20:03,976.1,253952
2021-06-21 09:20:04,976.0,254129
2021-06-21 09:20:05,976.0,254445
2021-06-21 09:20:07,975.75,255003
2021-06-21 09:20:08,975.55,257455
2021-06-21 09:20:09,976.45,257741
2021-06-21 09:20:10,975.5,258234
2021-06-21 09:20:11,974.5,260758
2021-06-21 09:20:12,974.9,261015
2021-06-21 09:20:12,975.0,261025
2021-06-21 09:20:14,974.45,261452
2021-06-21 09:20:15,974.2,263125
2021-06-21 09:20:16,973.7,263371
2021-06-21 09:20:17,974.4,264033
2021-06-21 09:20:18,974.55,264544
2021-06-21 09:20:19,973.9,265882
2021-06-21 09:20:20,973.95,267801
2021-06-21 09:20:20,973.95,267801
2021-06-21 09:20:21,974.55,268212
2021-06-21 09:20:22,974.3,268764
2021-06-21 09:20:23,974.75,269053
2021-06-21 09:20:24,974.05,269701
2021-06-21 09:20:25,974.0,271833
2021-06-21 09:20:26,974.55,272278
2021-06-21 09:20:28,975.0,272283
2021-06-21 09:20:29,975.05,272665
2021-06-21 09:20:30,975.3,273069
2021-06-21 09:20:31,975.5,273135
2021-06-21 09:20:32,975.05,273152
2021-06-21 09:20:33,976.0,273968
2021-06-21 09:20:34,976.0,274184
2021-06-21 09:20:34,976.0,274184
2021-06-21 09:20:35,976.25,274502
2021-06-21 09:20:36,976.25,274512
2021-06-21 09:20:37,976.8,275691
2021-06-21 09:20:38,976.55,275956
2021-06-21 09:20:39,976.65,275997
2021-06-21 09:20:40,976.75,276761
2021-06-21 09:20:41,976.3,276893
2021-06-21 09:20:42,976.8,277064
2021-06-21 09:20:43,976.8,277988
2021-06-21 09:20:44,976.25,283476
2021-06-21 09:20:45,976.75,284042
2021-06-21 09:20:47,976.45,284732
2021-06-21 09:20:49,976.05,285305
2021-06-21 09:20:50,976.5,285516
2021-06-21 09:20:51,976.7,286126
2021-06-21 09:20:52,976.1,286507
2021-06-21 09:20:52,975.65,287045
2021-06-21 09:20:53,976.05,287881
2021-06-21 09:20:54,976.5,288417
2021-06-21 09:20:55,976.2,288628
2021-06-21 09:20:56,975.75,288647
2021-06-21 09:20:57,976.0,288866
2021-06-21 09:20:58,976.0,288925
2021-06-21 09:20:59,975.45,289271
2021-06-21 09:21:01,975.6,289461
2021-06-21 09:21:02,976.4,289776
2021-06-21 09:21:04,975.6,289924
2021-06-21 09:21:05,976.0,290010
2021-06-21 09:21:06,976.25,290281
2021-06-21 09:21:08,976.5,290710
2021-06-21 09:21:09,976.25,290931
2021-06-21 09:21:10,975.8,291201
2021-06-21 09:21:11,976.95,292017
2021-06-21 09:21:12,976.25,292056
2021-06-21 09:21:13,976.0,292195
2021-06-21 09:21:14,975.75,292656
2021-06-21 09:21:15,975.75,292672
2021-06-21 09:21:16,975.75,293341
2021-06-21 09:21:17,976.35,294120
2021-06-21 09:21:18,976.4,294166
2021-06-21 09:21:19,976.3,294715
2021-06-21 09:21:20,976.1,294842
2021-06-21 09:21:21,975.9,294967
2021-06-21 09:21:22,975.9,295114
2021-06-21 09:21:23,975.9,295407
2021-06-21 09:21:24,976.15,296024
2021-06-21 09:21:25,975.25,296506
2021-06-21 09:21:26,976.45,297016
2021-06-21 09:21:27,976.0,297034
2021-06-21 09:21:28,975.5,297086
2021-06-21 09:21:29,975.5,297367
2021-06-21 09:21:30,975.15,298030
2021-06-21 09:21:30,975.4,298210
2021-06-21 09:21:31,975.9,298470
2021-06-21 09:21:33,975.85,298794
2021-06-21 09:21:33,976.25,298827
2021-06-21 09:21:34,976.3,298844
2021-06-21 09:21:36,975.9,299044
2021-06-21 09:21:37,975.95,299197
2021-06-21 09:21:38,976.5,299462
2021-06-21 09:21:39,976.15,299471
2021-06-21 09:21:40,976.75,299547
2021-06-21 09:21:41,976.9,300098
2021-06-21 09:21:42,976.8,300157
2021-06-21 09:21:43,976.85,301278
2021-06-21 09:21:44,976.3,301636
2021-06-21 09:21:46,976.3,302353
2021-06-21 09:21:47,975.95,303850
2021-06-21 09:21:48,975.95,303887
2021-06-21 09:21:49,975.5,304006
2021-06-21 09:21:50,975.6,304086
2021-06-21 09:21:51,975.85,304213
2021-06-21 09:21:52,976.0,304816
2021-06-21 09:21:53,975.4,304835
2021-06-21 09:21:53,975.4,304835
2021-06-21 09:21:56,976.0,305089
2021-06-21 09:21:57,975.65,305564
2021-06-21 09:21:58,976.45,305787
2021-06-21 09:21:59,977.45,307687
2021-06-21 09:22:01,977.35,307993
2021-06-21 09:22:02,977.1,308192
2021-06-21 09:22:03,976.8,309694
2021-06-21 09:22:04,976.75,309724
2021-06-21 09:22:05,976.75,309733
2021-06-21 09:22:06,976.75,309945
2021-06-21 09:22:07,976.8,310146
2021-06-21 09:22:08,977.4,310366
2021-06-21 09:22:09,977.45,310372
2021-06-21 09:22:10,977.45,310504
2021-06-21 09:22:11,977.5,310836
2021-06-21 09:22:12,977.45,311006
2021-06-21 09:22:13,977.5,311291
2021-06-21 09:22:14,977.65,311396
2021-06-21 09:22:15,977.05,311877
2021-06-21 09:22:16,977.05,311877
2021-06-21 09:22:17,977.6,311908
2021-06-21 09:22:18,977.25,311977
2021-06-21 09:22:19,977.55,312108
2021-06-21 09:22:20,977.55,312114
2021-06-21 09:22:21,977.0,312329
2021-06-21 09:22:22,977.4,312553
2021-06-21 09:22:23,977.5,312907
2021-06-21 09:22:24,978.0,313111
2021-06-21 09:22:25,977.75,313308
2021-06-21 09:22:26,978.0,313666
2021-06-21 09:22:28,978.75,314871
2021-06-21 09:22:30,978.7,315532
2021-06-21 09:22:31,978.75,315885
2021-06-21 09:22:32,978.8,316190
2021-06-21 09:22:33,978.8,316200
2021-06-21 09:22:34,979.0,316978
2021-06-21 09:22:35,979.0,316989
2021-06-21 09:22:36,979.0,317459
2021-06-21 09:22:37,979.0,317748
2021-06-21 09:22:38,979.3,318324
2021-06-21 09:22:39,979.05,318460
2021-06-21 09:22:40,979.7,319248
2021-06-21 09:22:41,979.2,321375
2021-06-21 09:22:42,979.45,321655
2021-06-21 09:22:43,979.4,322076
2021-06-21 09:22:44,979.4,322365
2021-06-21 09:22:45,978.8,322639
2021-06-21 09:22:46,978.95,323791
2021-06-21 09:22:47,978.95,325195
2021-06-21 09:22:48,979.0,325366
2021-06-21 09:22:49,979.0,325575
2021-06-21 09:22:50,979.0,326258
2021-06-21 09:22:51,978.7,326318
2021-06-21 09:22:52,979.05,326430
2021-06-21 09:22:54,979.1,326550
2021-06-21 09:22:55,979.45,326847
2021-06-21 09:22:56,979.7,327652
2021-06-21 09:22:57,979.85,327761
2021-06-21 09:22:58,979.9,327966
2021-06-21 09:22:59,979.8,328427
2021-06-21 09:23:00,979.6,328685
2021-06-21 09:23:01,979.15,328850
2021-06-21 09:23:02,979.2,329062
2021-06-21 09:23:03,979.45,329356
2021-06-21 09:23:04,979.6,329674
2021-06-21 09:23:05,979.75,329783
2021-06-21 09:23:06,979.2,329818
2021-06-21 09:23:06,979.5,329834
2021-06-21 09:23:07,979.35,329882
2021-06-21 09:23:08,980.0,331307
2021-06-21 09:23:09,979.9,331627
2021-06-21 09:23:10,979.9,331627
2021-06-21 09:23:11,979.5,332027
2021-06-21 09:23:12,979.9,332128
2021-06-21 09:23:13,980.0,332158
2021-06-21 09:23:14,980.0,332192
2021-06-21 09:23:15,979.9,333513
2021-06-21 09:23:16,980.0,333557
2021-06-21 09:23:17,980.0,334567
2021-06-21 09:23:18,980.0,334707
2021-06-21 09:23:19,980.0,335184
2021-06-21 09:23:20,979.85,335928
2021-06-21 09:23:21,979.15,336414
2021-06-21 09:23:22,979.85,345098
2021-06-21 09:23:23,979.6,345341
2021-06-21 09:23:24,979.9,345531
2021-06-21 09:23:25,979.9,345642
2021-06-21 09:23:26,979.6,345810
2021-06-21 09:23:28,979.85,346661
2021-06-21 09:23:29,979.95,346894
2021-06-21 09:23:30,979.9,346934
2021-06-21 09:23:31,979.6,347139
2021-06-21 09:23:32,979.6,348233
2021-06-21 09:23:33,979.8,348590
2021-06-21 09:23:34,979.95,348665
2021-06-21 09:23:35,979.95,348910
2021-06-21 09:23:36,979.9,348972
2021-06-21 09:23:37,979.9,349018
2021-06-21 09:23:38,979.8,349035
2021-06-21 09:23:39,979.9,349995
2021-06-21 09:23:40,980.0,350349
2021-06-21 09:23:41,979.65,350449
2021-06-21 09:23:42,979.9,350511
2021-06-21 09:23:43,980.0,350614
2021-06-21 09:23:44,979.6,350719
2021-06-21 09:23:45,980.2,354993
2021-06-21 09:23:46,980.5,355110
2021-06-21 09:23:47,979.8,356366
2021-06-21 09:23:48,980.35,357308
2021-06-21 09:23:49,980.2,357410
2021-06-21 09:23:50,980.35,357446
2021-06-21 09:23:51,980.0,357709
2021-06-21 09:23:51,979.9,357861
2021-06-21 09:23:52,980.15,358016
2021-06-21 09:23:53,979.9,358209
2021-06-21 09:23:54,979.9,358449
2021-06-21 09:23:56,980.55,360821
2021-06-21 09:23:57,980.55,360831
2021-06-21 09:23:58,980.75,361058
2021-06-21 09:23:59,980.35,361923
2021-06-21 09:24:00,980.35,361941
2021-06-21 09:24:01,980.35,362132
2021-06-21 09:24:02,980.35,362146
2021-06-21 09:24:03,980.35,362152
2021-06-21 09:24:04,980.55,362753
2021-06-21 09:24:05,980.55,363074
2021-06-21 09:24:06,980.45,363191
2021-06-21 09:24:07,980.15,363706
2021-06-21 09:24:08,980.75,363801
2021-06-21 09:24:09,979.55,369161
2021-06-21 09:24:10,979.0,370396
2021-06-21 09:24:11,978.9,371986
2021-06-21 09:24:12,978.9,371986
2021-06-21 09:24:13,978.95,372087
2021-06-21 09:24:14,978.9,372110
2021-06-21 09:24:15,978.85,372227
2021-06-21 09:24:16,978.5,372372
2021-06-21 09:24:17,977.95,373788
2021-06-21 09:24:18,978.15,373835
2021-06-21 09:24:19,977.7,374875
2021-06-21 09:24:20,978.1,375387
2021-06-21 09:24:21,978.1,375387
2021-06-21 09:24:22,978.0,375917
2021-06-21 09:24:23,978.55,376262
2021-06-21 09:24:24,978.85,377859
2021-06-21 09:24:25,978.75,380294
2021-06-21 09:24:26,978.1,380410
2021-06-21 09:24:27,977.35,380573
2021-06-21 09:24:28,977.55,380678
2021-06-21 09:24:29,978.45,380683
2021-06-21 09:24:30,978.05,380723
2021-06-21 09:24:31,978.6,380776
2021-06-21 09:24:32,978.85,380792
2021-06-21 09:24:33,978.85,380792
2021-06-21 09:24:34,978.6,380899
2021-06-21 09:24:35,979.0,381933
2021-06-21 09:24:36,978.6,382876
2021-06-21 09:24:37,979.85,386143
2021-06-21 09:24:38,979.25,387344
2021-06-21 09:24:39,979.2,387566
2021-06-21 09:24:40,979.75,387567
2021-06-21 09:24:41,979.9,387837
2021-06-21 09:24:42,979.35,388002
2021-06-21 09:24:43,979.75,388012
2021-06-21 09:24:44,979.15,388212
2021-06-21 09:24:45,980.0,388853
2021-06-21 09:24:46,980.5,389668
2021-06-21 09:24:47,980.6,390689
2021-06-21 09:24:48,980.6,390690
2021-06-21 09:24:49,980.75,390810
2021-06-21 09:24:50,980.6,391462
2021-06-21 09:24:51,980.5,392586
2021-06-21 09:24:52,980.5,393005
2021-06-21 09:24:53,980.5,393005
2021-06-21 09:24:53,980.35,393516
2021-06-21 09:24:54,980.4,393555
2021-06-21 09:24:55,980.45,393851
2021-06-21 09:24:56,980.45,394080
2021-06-21 09:24:57,980.05,394283
2021-06-21 09:24:58,980.05,394637
2021-06-21 09:24:59,980.0,396990
2021-06-21 09:25:00,980.3,397003
2021-06-21 09:25:01,980.0,397245
2021-06-21 09:25:02,979.8,397275
2021-06-21 09:25:03,979.65,398065
2021-06-21 09:25:04,980.0,398448
2021-06-21 09:25:05,980.0,398611
2021-06-21 09:25:06,980.0,398731
2021-06-21 09:25:07,980.0,402963
2021-06-21 09:25:08,980.4,403065
2021-06-21 09:25:09,980.25,403081
2021-06-21 09:25:10,980.25,403081
2021-06-21 09:25:11,980.5,403351
2021-06-21 09:25:12,980.55,403582
2021-06-21 09:25:13,980.55,403597
2021-06-21 09:25:14,980.55,403599
2021-06-21 09:25:15,980.25,404009
2021-06-21 09:25:16,980.0,404039
2021-06-21 09:25:17,979.75,404727
2021-06-21 09:25:18,979.8,405194
2021-06-21 09:25:19,979.75,405204
2021-06-21 09:25:20,979.5,405313
2021-06-21 09:25:21,979.65,407863
2021-06-21 09:25:22,979.65,408038
2021-06-21 09:25:23,979.65,408098
2021-06-21 09:25:24,979.7,408124
2021-06-21 09:25:25,979.0,410680
2021-06-21 09:25:26,978.95,410712
2021-06-21 09:25:27,979.0,410897
2021-06-21 09:25:29,979.5,412841
2021-06-21 09:25:30,979.5,413181
2021-06-21 09:25:31,980.25,413878
2021-06-21 09:25:32,980.5,414055
2021-06-21 09:25:33,980.5,414055
2021-06-21 09:25:34,980.45,415094
2021-06-21 09:25:35,980.45,415106
2021-06-21 09:25:36,981.0,415261
2021-06-21 09:25:37,981.25,416299
2021-06-21 09:25:38,981.25,416299
2021-06-21 09:25:39,981.4,416964
2021-06-21 09:25:40,981.7,417024
2021-06-21 09:25:41,981.6,417132
2021-06-21 09:25:42,981.0,417816
2021-06-21 09:25:43,981.4,418682
2021-06-21 09:25:44,981.4,418957
2021-06-21 09:25:45,981.35,418968
2021-06-21 09:25:46,981.6,419369
2021-06-21 09:25:47,981.7,419451
2021-06-21 09:25:48,981.8,419489
2021-06-21 09:25:49,981.35,420104
2021-06-21 09:25:50,981.85,420358
2021-06-21 09:25:51,981.0,421018
2021-06-21 09:25:53,981.3,422992
2021-06-21 09:25:54,981.4,423002
2021-06-21 09:25:55,981.45,423215
2021-06-21 09:25:56,981.3,423355
2021-06-21 09:25:57,980.75,423656
2021-06-21 09:25:58,981.25,428045
2021-06-21 09:25:59,981.25,428095
2021-06-21 09:26:00,980.95,428169
2021-06-21 09:26:01,981.5,428459
2021-06-21 09:26:02,981.2,428516
2021-06-21 09:26:03,981.25,428562
2021-06-21 09:26:04,981.75,428762
2021-06-21 09:26:05,982.0,429232
2021-06-21 09:26:06,981.9,429350
2021-06-21 09:26:07,981.65,429526
2021-06-21 09:26:08,981.5,429531
2021-06-21 09:26:09,981.9,430544
2021-06-21 09:26:10,982.0,431009
2021-06-21 09:26:11,981.8,431289
2021-06-21 09:26:12,982.0,431361
2021-06-21 09:26:13,981.8,431866
2021-06-21 09:26:14,982.0,434816
2021-06-21 09:26:15,981.35,434959
2021-06-21 09:26:16,980.85,435829
2021-06-21 09:26:17,981.05,436084
2021-06-21 09:26:18,980.65,436768
2021-06-21 09:26:19,980.45,436884
2021-06-21 09:26:20,979.6,439277
2021-06-21 09:26:21,980.0,439718
2021-06-21 09:26:22,979.9,440034
2021-06-21 09:26:23,980.65,440309
2021-06-21 09:26:24,980.15,440320
2021-06-21 09:26:25,980.25,440467
2021-06-21 09:26:26,980.8,440481
2021-06-21 09:26:27,980.1,440940
2021-06-21 09:26:28,980.1,440940
2021-06-21 09:26:29,980.1,440940
2021-06-21 09:26:30,980.35,440966
2021-06-21 09:26:31,980.5,441107
2021-06-21 09:26:32,980.55,441177
2021-06-21 09:26:33,980.9,441227
2021-06-21 09:26:34,980.9,441248
2021-06-21 09:26:35,980.5,441558
2021-06-21 09:26:36,980.75,441568
2021-06-21 09:26:37,980.85,441768
2021-06-21 09:26:38,980.5,441803
2021-06-21 09:26:39,980.35,442013
2021-06-21 09:26:40,980.35,442571
2021-06-21 09:26:41,980.0,443044
2021-06-21 09:26:42,980.25,443054
2021-06-21 09:26:43,980.65,443079
2021-06-21 09:26:44,980.25,445105
2021-06-21 09:26:45,979.8,445264
2021-06-21 09:26:46,980.2,445286
2021-06-21 09:26:47,980.0,445383
2021-06-21 09:26:48,979.25,445674
2021-06-21 09:26:49,979.75,445688
2021-06-21 09:26:50,979.75,445744
2021-06-21 09:26:51,980.0,446269
2021-06-21 09:26:52,979.1,447452
2021-06-21 09:26:53,979.4,447751
2021-06-21 09:26:54,979.4,447803
2021-06-21 09:26:55,979.05,447983
2021-06-21 09:26:56,978.45,448965
2021-06-21 09:26:57,979.0,449074
2021-06-21 09:26:58,978.8,449170
2021-06-21 09:26:59,978.0,449403
2021-06-21 09:27:00,978.3,449425
2021-06-21 09:27:01,978.25,449627
2021-06-21 09:27:02,979.0,449637
2021-06-21 09:27:04,978.5,450271
2021-06-21 09:27:05,979.2,450624
2021-06-21 09:27:06,979.0,450634
2021-06-21 09:27:07,979.15,450693
2021-06-21 09:27:08,979.45,451128
2021-06-21 09:27:09,979.45,451128
2021-06-21 09:27:10,979.35,451166
2021-06-21 09:27:11,979.35,451282
2021-06-21 09:27:12,978.85,451331
2021-06-21 09:27:13,979.45,451543
2021-06-21 09:27:14,979.55,451578
2021-06-21 09:27:15,979.05,451767
2021-06-21 09:27:16,979.5,451807
2021-06-21 09:27:17,979.55,452355
2021-06-21 09:27:18,979.05,452472
2021-06-21 09:27:19,979.0,452555
2021-06-21 09:27:20,979.3,452558
2021-06-21 09:27:21,979.3,452558
2021-06-21 09:27:22,979.35,452561
2021-06-21 09:27:23,979.0,452677
2021-06-21 09:27:24,978.8,452687
2021-06-21 09:27:25,979.4,452738
2021-06-21 09:27:26,979.4,452738
2021-06-21 09:27:27,979.4,452738
2021-06-21 09:27:29,979.45,453934
2021-06-21 09:27:30,980.0,453964
2021-06-21 09:27:31,979.35,454004
2021-06-21 09:27:32,979.35,454013
2021-06-21 09:27:33,980.0,454147
2021-06-21 09:27:34,980.0,454147
2021-06-21 09:27:35,979.85,454572
2021-06-21 09:27:36,979.85,454620
2021-06-21 09:27:37,979.55,455707
2021-06-21 09:27:38,980.95,460990
2021-06-21 09:27:39,981.7,463096
2021-06-21 09:27:40,981.8,463097
2021-06-21 09:27:41,981.75,463199
2021-06-21 09:27:42,980.4,463425
2021-06-21 09:27:43,980.4,463494
2021-06-21 09:27:44,980.15,463541
2021-06-21 09:27:45,980.5,463607
2021-06-21 09:27:46,980.1,463697
2021-06-21 09:27:47,980.4,463949
2021-06-21 09:27:48,980.0,464719
2021-06-21 09:27:49,979.4,465008
2021-06-21 09:27:50,980.3,465333
2021-06-21 09:27:51,980.3,465333
2021-06-21 09:27:52,980.3,465333
2021-06-21 09:27:53,980.5,465470
2021-06-21 09:27:54,980.85,465474
2021-06-21 09:27:55,980.6,465475
2021-06-21 09:27:56,980.75,465675
2021-06-21 09:27:57,980.55,465695
2021-06-21 09:27:59,981.15,465789
2021-06-21 09:28:00,981.35,465916
2021-06-21 09:28:01,981.0,465940
2021-06-21 09:28:02,980.6,465981
2021-06-21 09:28:03,980.65,466087
2021-06-21 09:28:04,980.75,466093
2021-06-21 09:28:05,980.75,466108
2021-06-21 09:28:06,981.4,466244
2021-06-21 09:28:06,981.4,466244
2021-06-21 09:28:07,981.25,466588
2021-06-21 09:28:08,980.95,466698
2021-06-21 09:28:09,980.85,466728
2021-06-21 09:28:10,980.9,466933
2021-06-21 09:28:11,980.0,467083
2021-06-21 09:28:12,980.0,467167
2021-06-21 09:28:13,980.4,468092
2021-06-21 09:28:14,981.0,468562
2021-06-21 09:28:15,980.5,468620
2021-06-21 09:28:16,981.2,468634
2021-06-21 09:28:17,981.0,468644
2021-06-21 09:28:18,981.0,468709
2021-06-21 09:28:19,981.0,468709
2021-06-21 09:28:20,981.0,469429
2021-06-21 09:28:21,981.3,469949
2021-06-21 09:28:22,981.3,469949
2021-06-21 09:28:23,980.9,469985
2021-06-21 09:28:24,981.0,470193
2021-06-21 09:28:25,980.95,470358
2021-06-21 09:28:27,980.65,471042
2021-06-21 09:28:28,980.65,471042
2021-06-21 09:28:29,981.1,475360
2021-06-21 09:28:29,980.95,475410
2021-06-21 09:28:30,981.0,475512
2021-06-21 09:28:31,981.3,475607
2021-06-21 09:28:32,980.55,475885
2021-06-21 09:28:33,981.0,475985
2021-06-21 09:28:34,981.3,475986
2021-06-21 09:28:35,981.25,476196
2021-06-21 09:28:37,981.3,476778
2021-06-21 09:28:38,981.5,476788
2021-06-21 09:28:39,981.5,476798
2021-06-21 09:28:40,981.65,476800
2021-06-21 09:28:41,981.5,476801
2021-06-21 09:28:42,981.4,476933
2021-06-21 09:28:43,981.35,476999
2021-06-21 09:28:44,981.35,477072
2021-06-21 09:28:45,981.4,477183
2021-06-21 09:28:46,981.3,477639
2021-06-21 09:28:47,980.9,477836
2021-06-21 09:28:48,981.25,478336
2021-06-21 09:28:49,981.3,478361
2021-06-21 09:28:50,981.3,478361
2021-06-21 09:28:51,981.3,478361
2021-06-21 09:28:52,981.35,478379
2021-06-21 09:28:53,981.4,478410
2021-06-21 09:28:54,981.25,479812
2021-06-21 09:28:55,981.8,479834
2021-06-21 09:28:56,982.0,479889
2021-06-21 09:28:57,982.0,479889
2021-06-21 09:28:58,981.5,480399
2021-06-21 09:28:59,981.8,480425
2021-06-21 09:29:00,981.5,480934
2021-06-21 09:29:01,981.35,480995
2021-06-21 09:29:02,981.55,481309
2021-06-21 09:29:03,981.55,481335
2021-06-21 09:29:04,981.85,481348
2021-06-21 09:29:05,981.4,481388
2021-06-21 09:29:06,981.4,481516
2021-06-21 09:29:08,981.65,481546
2021-06-21 09:29:09,981.8,481946
2021-06-21 09:29:10,982.0,481951
2021-06-21 09:29:11,981.95,482096
2021-06-21 09:29:12,981.95,482096
2021-06-21 09:29:13,982.0,482106
2021-06-21 09:29:14,982.0,482206
2021-06-21 09:29:15,981.9,482296
2021-06-21 09:29:16,982.0,482381
2021-06-21 09:29:18,981.5,482450
2021-06-21 09:29:19,981.9,482451
2021-06-21 09:29:20,981.5,482461
2021-06-21 09:29:21,981.85,482537
2021-06-21 09:29:21,981.4,482547
2021-06-21 09:29:22,981.4,482666
2021-06-21 09:29:23,981.7,482790
2021-06-21 09:29:24,981.7,482998
2021-06-21 09:29:25,981.55,483096
2021-06-21 09:29:26,981.55,483096
2021-06-21 09:29:27,981.5,483131
2021-06-21 09:29:28,981.5,483146
2021-06-21 09:29:29,981.35,483456
2021-06-21 09:29:30,981.45,483458
2021-06-21 09:29:31,981.9,483794
2021-06-21 09:29:32,981.7,483803
2021-06-21 09:29:33,981.6,484023
2021-06-21 09:29:34,981.7,484053
2021-06-21 09:29:35,981.25,484333
2021-06-21 09:29:36,981.25,484333
2021-06-21 09:29:38,981.9,484443
2021-06-21 09:29:39,981.6,484489
2021-06-21 09:29:40,981.6,484489
2021-06-21 09:29:40,981.6,484489
2021-06-21 09:29:41,981.9,484504
2021-06-21 09:29:42,981.9,484504
2021-06-21 09:29:43,981.9,484692
2021-06-21 09:29:45,981.55,484848
2021-06-21 09:29:46,981.55,484848
2021-06-21 09:29:47,981.8,484898
2021-06-21 09:29:49,980.85,487831
2021-06-21 09:29:51,980.7,488522
2021-06-21 09:29:52,980.7,488522
2021-06-21 09:29:53,980.95,488587
2021-06-21 09:29:54,980.45,488617
2021-06-21 09:29:55,980.7,488877
2021-06-21 09:29:56,981.3,488917
2021-06-21 09:29:57,980.85,489047
2021-06-21 09:29:58,981.1,489049
2021-06-21 09:29:59,981.05,489111
2021-06-21 09:30:00,981.1,489222
2021-06-21 09:30:01,981.25,489258
2021-06-21 09:30:02,981.0,489339
2021-06-21 09:30:03,981.25,489415
2021-06-21 09:30:05,981.25,490512
2021-06-21 09:30:06,980.7,490991
2021-06-21 09:30:08,978.75,502693
2021-06-21 09:30:09,979.0,503476
2021-06-21 09:30:10,978.05,503606
2021-06-21 09:30:11,978.05,503638
2021-06-21 09:30:12,978.05,503878
2021-06-21 09:30:13,978.65,504581
2021-06-21 09:30:14,978.1,504591
2021-06-21 09:30:16,978.55,505129
2021-06-21 09:30:17,978.6,505149
2021-06-21 09:30:18,978.15,506104
2021-06-21 09:30:19,978.2,506334
2021-06-21 09:30:19,978.6,506634
2021-06-21 09:30:20,978.6,506804
2021-06-21 09:30:21,978.25,506863
2021-06-21 09:30:22,978.1,506967
2021-06-21 09:30:23,978.0,507002
2021-06-21 09:30:24,978.25,507109
2021-06-21 09:30:25,977.1,510231
2021-06-21 09:30:26,977.0,510784
2021-06-21 09:30:28,977.4,510799
2021-06-21 09:30:29,977.0,511599
2021-06-21 09:30:30,977.0,511690
2021-06-21 09:30:31,977.55,511975
2021-06-21 09:30:32,977.8,512055
2021-06-21 09:30:33,977.4,512253
2021-06-21 09:30:34,977.4,512283
2021-06-21 09:30:35,977.35,512303
2021-06-21 09:30:36,977.9,512345
2021-06-21 09:30:37,978.0,512503
2021-06-21 09:30:38,978.6,513820
2021-06-21 09:30:39,979.0,513926
2021-06-21 09:30:40,978.5,514336
2021-06-21 09:30:41,978.5,514336
2021-06-21 09:30:42,978.3,514831
2021-06-21 09:30:43,978.55,514865
2021-06-21 09:30:44,977.45,515653
2021-06-21 09:30:44,977.45,515653
2021-06-21 09:30:45,977.45,515653
2021-06-21 09:30:46,978.0,515678
2021-06-21 09:30:47,978.55,516469
2021-06-21 09:30:48,978.0,516620
2021-06-21 09:30:49,978.5,516645
2021-06-21 09:30:50,978.5,516649
2021-06-21 09:30:51,978.5,516649
2021-06-21 09:30:52,978.0,516694
2021-06-21 09:30:53,978.3,516709
2021-06-21 09:30:54,978.4,516824
2021-06-21 09:30:55,978.3,516825
2021-06-21 09:30:56,978.4,521427
2021-06-21 09:30:57,978.35,521847
2021-06-21 09:30:58,978.3,521957
2021-06-21 09:30:59,978.35,522012
2021-06-21 09:31:00,978.3,522019
2021-06-21 09:31:02,978.15,522144
2021-06-21 09:31:03,977.95,522239
2021-06-21 09:31:04,978.35,524269
2021-06-21 09:31:05,978.35,524274
2021-06-21 09:31:06,977.95,524343
2021-06-21 09:31:07,977.9,524363
2021-06-21 09:31:08,977.95,524368
2021-06-21 09:31:09,978.0,524609
2021-06-21 09:31:10,978.0,524710
2021-06-21 09:31:11,978.0,524717
2021-06-21 09:31:12,978.0,524725
2021-06-21 09:31:13,978.0,524941
2021-06-21 09:31:14,978.0,524964
2021-06-21 09:31:15,977.65,524974
2021-06-21 09:31:16,977.35,525329
2021-06-21 09:31:17,977.9,525390
2021-06-21 09:31:18,978.0,529105
2021-06-21 09:31:19,978.4,529127
2021-06-21 09:31:21,978.55,529131
2021-06-21 09:31:22,978.55,529161
2021-06-21 09:31:23,978.55,529161
2021-06-21 09:31:24,979.0,529514
2021-06-21 09:31:25,979.0,529514
2021-06-21 09:31:26,979.0,529514
2021-06-21 09:31:28,980.0,529715
2021-06-21 09:31:31,978.65,530550
2021-06-21 09:31:32,978.05,530870
2021-06-21 09:31:33,978.15,531089
2021-06-21 09:31:34,979.1,531104
2021-06-21 09:31:35,978.4,531495
2021-06-21 09:31:36,979.05,531508
2021-06-21 09:31:37,979.2,531619
2021-06-21 09:31:38,979.2,531619
2021-06-21 09:31:39,979.7,531669
2021-06-21 09:31:40,979.45,531671
2021-06-21 09:31:41,979.45,531671
2021-06-21 09:31:42,979.8,531680
2021-06-21 09:31:43,980.4,532914
2021-06-21 09:31:45,980.4,532940
2021-06-21 09:31:46,980.4,532940
2021-06-21 09:31:47,980.4,533592
2021-06-21 09:31:48,980.7,533752
2021-06-21 09:31:49,980.7,533792
2021-06-21 09:31:50,980.95,533852
2021-06-21 09:31:51,980.5,534057
2021-06-21 09:31:52,980.5,534057
2021-06-21 09:31:53,980.5,534057
2021-06-21 09:31:54,981.1,535387
2021-06-21 09:31:54,981.05,535462
2021-06-21 09:31:55,981.0,535538
2021-06-21 09:31:56,981.4,535578
2021-06-21 09:31:57,981.4,535634
2021-06-21 09:31:58,981.3,535644
2021-06-21 09:31:59,981.15,535674
2021-06-21 09:32:00,980.5,535818
2021-06-21 09:32:01,980.5,535838
2021-06-21 09:32:02,980.8,535848
2021-06-21 09:32:04,980.65,536093
2021-06-21 09:32:05,980.9,536156
2021-06-21 09:32:06,980.9,536159
2021-06-21 09:32:07,980.5,536162
2021-06-21 09:32:08,980.7,536172
2021-06-21 09:32:09,980.7,536262
2021-06-21 09:32:10,980.95,536512
2021-06-21 09:32:11,981.0,536670
2021-06-21 09:32:11,981.35,536770
2021-06-21 09:32:12,981.15,536787
2021-06-21 09:32:13,981.15,536787
2021-06-21 09:32:14,981.05,537017
2021-06-21 09:32:16,981.1,537042
2021-06-21 09:32:17,981.4,537307
2021-06-21 09:32:18,981.15,537558
2021-06-21 09:32:18,981.15,537558
2021-06-21 09:32:19,981.5,537703
2021-06-21 09:32:20,981.75,539700
2021-06-21 09:32:22,981.25,539797
2021-06-21 09:32:23,981.7,539822
2021-06-21 09:32:24,982.4,548864
2021-06-21 09:32:24,982.4,548714
2021-06-21 09:32:25,982.4,549423
2021-06-21 09:32:28,982.35,551063
2021-06-21 09:32:30,983.0,552379
2021-06-21 09:32:31,982.7,552754
2021-06-21 09:32:32,983.15,555195
2021-06-21 09:32:34,984.0,556381
2021-06-21 09:32:35,983.55,556586
2021-06-21 09:32:36,984.15,556691
2021-06-21 09:32:36,984.15,556691
2021-06-21 09:32:39,984.05,556915
2021-06-21 09:32:40,984.05,556915
2021-06-21 09:32:41,983.75,557117
2021-06-21 09:32:41,983.5,558153
2021-06-21 09:32:42,983.75,558453
2021-06-21 09:32:43,983.85,558553
2021-06-21 09:32:44,983.3,558694
2021-06-21 09:32:46,982.8,558832
2021-06-21 09:32:47,982.95,558978
2021-06-21 09:32:48,983.0,559932
2021-06-21 09:32:50,983.45,560116
2021-06-21 09:32:51,983.75,560152
2021-06-21 09:32:52,984.0,560477
2021-06-21 09:32:53,984.0,560477
2021-06-21 09:32:56,984.7,561429
2021-06-21 09:32:57,984.5,561604
2021-06-21 09:32:58,984.05,561609
2021-06-21 09:32:59,984.6,561665
2021-06-21 09:32:59,984.5,561672
2021-06-21 09:33:00,984.05,561983
2021-06-21 09:33:01,984.0,562026
2021-06-21 09:33:03,983.9,562338
2021-06-21 09:33:04,983.7,562550
2021-06-21 09:33:06,983.3,562873
2021-06-21 09:33:07,983.3,563412
2021-06-21 09:33:07,983.85,563401
2021-06-21 09:33:09,983.9,563636
2021-06-21 09:33:09,983.9,563636
2021-06-21 09:33:10,983.6,563872
2021-06-21 09:33:11,983.65,565372
2021-06-21 09:33:12,983.5,565437
2021-06-21 09:33:14,983.35,565546
2021-06-21 09:33:15,983.45,565599
2021-06-21 09:33:16,983.45,565609
2021-06-21 09:33:17,983.3,565684
2021-06-21 09:33:18,983.2,565735
2021-06-21 09:33:18,983.2,565735
2021-06-21 09:33:19,983.45,565840
2021-06-21 09:33:20,983.1,570419
2021-06-21 09:33:22,983.4,570457
2021-06-21 09:33:23,983.35,570650
2021-06-21 09:33:24,983.4,570799
2021-06-21 09:33:24,983.45,570840
2021-06-21 09:33:25,983.3,570865
2021-06-21 09:33:27,983.75,570995
2021-06-21 09:33:28,983.9,571343
2021-06-21 09:33:29,984.05,572990
2021-06-21 09:33:30,984.25,572991
2021-06-21 09:33:31,984.25,573134
2021-06-21 09:33:32,984.5,573136
2021-06-21 09:33:34,984.05,573651
2021-06-21 09:33:35,984.3,574052
2021-06-21 09:33:36,984.25,574102
2021-06-21 09:33:37,984.0,575132
2021-06-21 09:33:38,983.45,575215
2021-06-21 09:33:39,983.55,575220
2021-06-21 09:33:39,983.55,575220
2021-06-21 09:33:40,983.7,575260
2021-06-21 09:33:41,983.85,575262
2021-06-21 09:33:43,983.55,575329
2021-06-21 09:33:44,984.0,575364
2021-06-21 09:33:45,983.95,575772
2021-06-21 09:33:47,984.0,576113
2021-06-21 09:33:48,984.0,576883
2021-06-21 09:33:48,984.0,577749
2021-06-21 09:33:49,984.0,579241
2021-06-21 09:33:52,983.6,580058
2021-06-21 09:33:53,983.9,580065
2021-06-21 09:33:54,984.1,582249
2021-06-21 09:33:55,984.1,582738
2021-06-21 09:33:55,984.1,582738
2021-06-21 09:33:56,984.05,583138
2021-06-21 09:33:57,983.9,584320
2021-06-21 09:33:59,984.15,584378
2021-06-21 09:34:00,984.35,584393
2021-06-21 09:34:01,984.35,584393
2021-06-21 09:34:02,984.1,584406
2021-06-21 09:34:03,984.1,584586
2021-06-21 09:34:03,984.1,584586
2021-06-21 09:34:04,984.1,584762
2021-06-21 09:34:05,984.1,584763
2021-06-21 09:34:06,984.4,584887
2021-06-21 09:34:07,984.1,584893
2021-06-21 09:34:09,984.1,585428
2021-06-21 09:34:10,984.1,585529
2021-06-21 09:34:11,984.1,586853
2021-06-21 09:34:12,984.05,586906
2021-06-21 09:34:13,984.1,587094
2021-06-21 09:34:14,984.0,587102
2021-06-21 09:34:15,983.75,587247
2021-06-21 09:34:15,983.75,587247
2021-06-21 09:34:16,984.1,587347
2021-06-21 09:34:17,984.1,587347
2021-06-21 09:34:18,983.65,587417
2021-06-21 09:34:20,983.65,587418
2021-06-21 09:34:21,983.85,587937
2021-06-21 09:34:22,983.7,588216
2021-06-21 09:34:23,983.65,588582
2021-06-21 09:34:24,983.8,588737
2021-06-21 09:34:25,983.8,588737
2021-06-21 09:34:27,983.85,589029
2021-06-21 09:34:28,983.35,589504
2021-06-21 09:34:29,983.8,589509
2021-06-21 09:34:30,983.8,589559
2021-06-21 09:34:31,983.8,589604
2021-06-21 09:34:32,983.75,589614
2021-06-21 09:34:33,983.85,589644
2021-06-21 09:34:34,983.3,589702
2021-06-21 09:34:34,983.3,589722
2021-06-21 09:34:35,983.3,589722
2021-06-21 09:34:37,983.65,589727
2021-06-21 09:34:38,983.7,589732
2021-06-21 09:34:39,983.85,589748
2021-06-21 09:34:40,983.65,590012
2021-06-21 09:34:41,983.65,590012
2021-06-21 09:34:42,983.3,590115
2021-06-21 09:34:43,983.3,590115
2021-06-21 09:34:43,983.3,590315
2021-06-21 09:34:44,983.3,590317
2021-06-21 09:34:46,983.65,590469
2021-06-21 09:34:46,983.65,590469
2021-06-21 09:34:47,983.65,590470
2021-06-21 09:34:49,983.45,591382
2021-06-21 09:34:50,983.5,591591
2021-06-21 09:34:51,983.0,591716
2021-06-21 09:34:52,983.1,591816
2021-06-21 09:34:53,983.45,592430
2021-06-21 09:34:54,983.05,592580
2021-06-21 09:34:54,983.05,592580
2021-06-21 09:34:57,983.1,593155
2021-06-21 09:34:58,983.1,593155
2021-06-21 09:34:59,983.05,593165
2021-06-21 09:35:00,983.1,593465
2021-06-21 09:35:01,983.3,593470
2021-06-21 09:35:01,983.3,593470
2021-06-21 09:35:02,983.0,593495
2021-06-21 09:35:04,983.35,593917
2021-06-21 09:35:05,983.3,594444
2021-06-21 09:35:06,983.0,595540
2021-06-21 09:35:07,982.95,596327
2021-06-21 09:35:08,983.4,596623
2021-06-21 09:35:09,983.05,596670
2021-06-21 09:35:10,983.45,596681
2021-06-21 09:35:10,983.45,596681
2021-06-21 09:35:12,983.45,596684
2021-06-21 09:35:13,983.85,597275
2021-06-21 09:35:14,983.85,597554
2021-06-21 09:35:15,983.75,597564
2021-06-21 09:35:16,983.5,597664
2021-06-21 09:35:17,983.5,597684
2021-06-21 09:35:17,983.9,597854
2021-06-21 09:35:18,984.0,598405
2021-06-21 09:35:20,984.0,598405
2021-06-21 09:35:21,984.0,598505
2021-06-21 09:35:22,984.0,598515
2021-06-21 09:35:23,983.6,598815
2021-06-21 09:35:24,983.6,598815
2021-06-21 09:35:25,983.6,598815
2021-06-21 09:35:26,983.85,599017
2021-06-21 09:35:26,983.95,599037
2021-06-21 09:35:28,984.0,599088
2021-06-21 09:35:29,984.0,599088
2021-06-21 09:35:30,983.55,599273
2021-06-21 09:35:32,984.45,603022
2021-06-21 09:35:32,984.45,603022
2021-06-21 09:35:34,984.4,603112
2021-06-21 09:35:34,984.0,603162
2021-06-21 09:35:35,983.55,603341
2021-06-21 09:35:36,984.0,603611
2021-06-21 09:35:39,983.55,604051
2021-06-21 09:35:40,983.55,604051
2021-06-21 09:35:41,983.7,604161
2021-06-21 09:35:42,983.7,604161
2021-06-21 09:35:43,983.85,604261
2021-06-21 09:35:44,983.85,604261
2021-06-21 09:35:44,983.85,604261
2021-06-21 09:35:45,983.55,604263
2021-06-21 09:35:46,983.55,604268
2021-06-21 09:35:48,983.55,604280
2021-06-21 09:35:49,983.55,604285
2021-06-21 09:35:50,983.7,604511
2021-06-21 09:35:51,983.8,604531
2021-06-21 09:35:52,983.8,604562
2021-06-21 09:35:54,983.9,605348
2021-06-21 09:35:55,983.9,605348
2021-06-21 09:35:56,983.05,606544
2021-06-21 09:35:57,983.4,606556
2021-06-21 09:35:58,983.35,606577
2021-06-21 09:35:59,983.5,606634
2021-06-21 09:35:59,983.5,606634
2021-06-21 09:36:01,983.4,611184
2021-06-21 09:36:02,983.25,611194
2021-06-21 09:36:04,984.0,612346
2021-06-21 09:36:05,984.45,612421
2021-06-21 09:36:06,984.25,612442
2021-06-21 09:36:07,983.85,612467
2021-06-21 09:36:07,983.65,612522
2021-06-21 09:36:08,983.7,612699
2021-06-21 09:36:10,984.2,612741
2021-06-21 09:36:12,984.25,612761
2021-06-21 09:36:13,983.6,613111
2021-06-21 09:36:14,984.15,613126
2021-06-21 09:36:17,984.15,613132
2021-06-21 09:36:18,983.85,613534
2021-06-21 09:36:19,984.85,617671
2021-06-21 09:36:20,985.25,621372
2021-06-21 09:36:20,985.25,621372
2021-06-21 09:36:21,985.35,621563
2021-06-21 09:36:23,985.4,622113
2021-06-21 09:36:24,985.4,622113
2021-06-21 09:36:25,985.4,622113
2021-06-21 09:36:26,984.95,622385
2021-06-21 09:36:27,984.95,622585
2021-06-21 09:36:27,985.15,623085
2021-06-21 09:36:29,985.4,623585
2021-06-21 09:36:30,984.9,623795
2021-06-21 09:36:31,984.5,623832
2021-06-21 09:36:32,985.0,624033
2021-06-21 09:36:33,984.0,624601
2021-06-21 09:36:34,983.2,626071
2021-06-21 09:36:35,983.2,626071
2021-06-21 09:36:36,983.2,626071
2021-06-21 09:36:37,983.5,626198
2021-06-21 09:36:38,983.1,626298
2021-06-21 09:36:39,983.3,626479
2021-06-21 09:36:40,983.25,626571
2021-06-21 09:36:42,983.2,626699
2021-06-21 09:36:43,983.05,626840
2021-06-21 09:36:44,983.0,626940
2021-06-21 09:36:45,983.0,626940
2021-06-21 09:36:46,982.65,627030
2021-06-21 09:36:47,981.55,627530
2021-06-21 09:36:48,981.7,628051
2021-06-21 09:36:50,982.35,628120
2021-06-21 09:36:51,982.35,628390
2021-06-21 09:36:52,982.1,628420
2021-06-21 09:36:54,982.7,628621
2021-06-21 09:36:53,982.7,628621
2021-06-21 09:36:55,982.25,628634
2021-06-21 09:36:56,982.9,628647
2021-06-21 09:36:57,983.0,629652
2021-06-21 09:36:58,982.5,629682
2021-06-21 09:37:00,983.55,629780
2021-06-21 09:37:01,983.5,630485
2021-06-21 09:37:02,983.05,630558
2021-06-21 09:37:03,983.05,630558
2021-06-21 09:37:04,982.9,630653
2021-06-21 09:37:05,983.85,630693
2021-06-21 09:37:07,983.4,630931
2021-06-21 09:37:08,982.35,631722
2021-06-21 09:37:09,982.85,632431
2021-06-21 09:37:10,982.85,632431
2021-06-21 09:37:11,982.85,632431
2021-06-21 09:37:12,983.55,632996
2021-06-21 09:37:13,983.1,633024
2021-06-21 09:37:14,983.5,633038
2021-06-21 09:37:15,983.25,633040
2021-06-21 09:37:16,984.4,634040
2021-06-21 09:37:17,984.4,634040
2021-06-21 09:37:18,983.1,634308
2021-06-21 09:37:19,983.1,634308
2021-06-21 09:37:20,983.55,634318
2021-06-21 09:37:21,983.45,634348
2021-06-21 09:37:22,983.45,634348
2021-06-21 09:37:23,983.45,634394
2021-06-21 09:37:24,983.5,634509
2021-06-21 09:37:25,983.5,634509
2021-06-21 09:37:26,983.5,634572
2021-06-21 09:37:27,983.85,635075
2021-06-21 09:37:28,983.35,635175
2021-06-21 09:37:29,983.35,635175
2021-06-21 09:37:30,983.85,635180
2021-06-21 09:37:31,983.55,635185
2021-06-21 09:37:32,983.55,635295
2021-06-21 09:37:33,983.55,635330
2021-06-21 09:37:34,983.55,635330
2021-06-21 09:37:35,983.55,635330
2021-06-21 09:37:36,983.4,635481
2021-06-21 09:37:37,983.1,635631
2021-06-21 09:37:38,983.25,635821
2021-06-21 09:37:39,983.0,635836
2021-06-21 09:37:40,982.85,636221
2021-06-21 09:37:41,981.75,636804
2021-06-21 09:37:42,982.4,636813
2021-06-21 09:37:43,982.45,636833
2021-06-21 09:37:44,981.95,636868
2021-06-21 09:37:45,981.95,636902
2021-06-21 09:37:46,982.2,636910
2021-06-21 09:37:47,982.55,636930
2021-06-21 09:37:48,981.8,638345
2021-06-21 09:37:50,981.8,638345
2021-06-21 09:37:51,982.0,638357
2021-06-21 09:37:52,982.1,638410
2021-06-21 09:37:53,982.1,638430
2021-06-21 09:37:54,982.1,638680
2021-06-21 09:37:55,982.45,638752
2021-06-21 09:37:56,982.3,638754
2021-06-21 09:37:57,982.75,639758
2021-06-21 09:37:58,982.75,639758
2021-06-21 09:37:59,983.05,639982
2021-06-21 09:38:00,983.05,639982
2021-06-21 09:38:01,983.15,640283
2021-06-21 09:38:02,983.2,640583
2021-06-21 09:38:03,983.3,640593
2021-06-21 09:38:04,983.5,640709
2021-06-21 09:38:05,983.15,640720
2021-06-21 09:38:06,983.2,640820
2021-06-21 09:38:07,982.9,640914
2021-06-21 09:38:08,982.65,640960
2021-06-21 09:38:09,982.65,641110
2021-06-21 09:38:10,983.5,642154
2021-06-21 09:38:11,983.0,642157
2021-06-21 09:38:12,983.6,642557
2021-06-21 09:38:13,983.65,642931
2021-06-21 09:38:14,983.65,642931
2021-06-21 09:38:15,983.0,643322
2021-06-21 09:38:16,982.75,643323
2021-06-21 09:38:17,983.7,643854
2021-06-21 09:38:18,983.15,643947
2021-06-21 09:38:19,983.7,643948
2021-06-21 09:38:20,983.55,644002
2021-06-21 09:38:21,983.4,644012
2021-06-21 09:38:22,983.0,644042
2021-06-21 09:38:23,983.0,644042
2021-06-21 09:38:24,983.0,644042
2021-06-21 09:38:25,983.4,644332
2021-06-21 09:38:26,983.35,644339
2021-06-21 09:38:27,983.75,644543
2021-06-21 09:38:28,983.75,644543
2021-06-21 09:38:29,983.75,644586
2021-06-21 09:38:30,983.75,644586
2021-06-21 09:38:31,983.7,644587
2021-06-21 09:38:33,983.8,645173
2021-06-21 09:38:34,984.0,645610
2021-06-21 09:38:35,984.2,645612
2021-06-21 09:38:36,984.2,645612
2021-06-21 09:38:37,984.4,645638
2021-06-21 09:38:38,984.25,645668
2021-06-21 09:38:39,984.4,645848
2021-06-21 09:38:40,984.25,645853
2021-06-21 09:38:41,984.2,645893
2021-06-21 09:38:42,984.3,645949
2021-06-21 09:38:43,984.8,646054
2021-06-21 09:38:44,984.2,646098
2021-06-21 09:38:45,984.4,646100
2021-06-21 09:38:46,984.4,646209
2021-06-21 09:38:47,984.15,646278
2021-06-21 09:38:48,984.4,646338
2021-06-21 09:38:49,984.9,646548
2021-06-21 09:38:50,984.9,646548
2021-06-21 09:38:51,984.9,646548
2021-06-21 09:38:52,984.9,646573
2021-06-21 09:38:53,984.55,646583
2021-06-21 09:38:54,984.55,646583
2021-06-21 09:38:55,985.0,649290
2021-06-21 09:38:56,984.65,650090
2021-06-21 09:38:57,984.7,650131
2021-06-21 09:38:58,984.7,650131
2021-06-21 09:39:00,984.95,650197
2021-06-21 09:39:00,984.7,650297
2021-06-21 09:39:01,984.95,650657
2021-06-21 09:39:02,984.95,650702
2021-06-21 09:39:03,984.95,650737
2021-06-21 09:39:04,984.7,650837
2021-06-21 09:39:05,984.95,651149
2021-06-21 09:39:06,985.75,657748
2021-06-21 09:39:07,985.25,658362
2021-06-21 09:39:08,985.2,658372
2021-06-21 09:39:09,985.4,658467
2021-06-21 09:39:10,985.1,658578
2021-06-21 09:39:11,985.05,658579
2021-06-21 09:39:12,985.25,658659
2021-06-21 09:39:13,985.15,659189
2021-06-21 09:39:14,985.65,659504
2021-06-21 09:39:15,985.65,659983
2021-06-21 09:39:16,985.9,659985
2021-06-21 09:39:17,985.4,660385
2021-06-21 09:39:19,985.85,660548
2021-06-21 09:39:18,985.85,660388
2021-06-21 09:39:20,984.4,660842
2021-06-21 09:39:21,984.4,660887
2021-06-21 09:39:22,984.4,661537
2021-06-21 09:39:23,984.8,661614
2021-06-21 09:39:24,984.45,661679
2021-06-21 09:39:25,984.85,661694
2021-06-21 09:39:27,984.55,661729
2021-06-21 09:39:28,984.55,661739
2021-06-21 09:39:29,985.15,661864
2021-06-21 09:39:30,985.35,662364
2021-06-21 09:39:31,984.7,662366
2021-06-21 09:39:32,985.0,662368
2021-06-21 09:39:33,984.6,662548
2021-06-21 09:39:34,984.75,662808
2021-06-21 09:39:36,984.8,662882
2021-06-21 09:39:37,985.1,663415
2021-06-21 09:39:38,985.1,663415
2021-06-21 09:39:39,984.95,663465
2021-06-21 09:39:40,984.6,663475
2021-06-21 09:39:41,984.95,663525
2021-06-21 09:39:42,984.95,664176
2021-06-21 09:39:43,984.95,664376
2021-06-21 09:39:44,984.95,664413
2021-06-21 09:39:45,984.95,664952
2021-06-21 09:39:46,984.95,664952
2021-06-21 09:39:47,984.95,665063
2021-06-21 09:39:48,984.95,665063
2021-06-21 09:39:49,984.95,665063
2021-06-21 09:39:50,984.75,665201
2021-06-21 09:39:51,984.95,665208
2021-06-21 09:39:53,984.5,665486
2021-06-21 09:39:54,984.45,665501
2021-06-21 09:39:55,984.4,665551
2021-06-21 09:39:56,984.4,665905
2021-06-21 09:39:57,984.65,665906
2021-06-21 09:39:58,984.75,665917
2021-06-21 09:39:59,984.8,666046
2021-06-21 09:40:00,984.4,666086
2021-06-21 09:40:01,984.9,666486
2021-06-21 09:40:02,984.9,666496
2021-06-21 09:40:03,984.55,667023
2021-06-21 09:40:04,984.9,667058
2021-06-21 09:40:05,984.9,667882
2021-06-21 09:40:06,984.9,667982
2021-06-21 09:40:07,984.95,668587
2021-06-21 09:40:08,984.95,668587
2021-06-21 09:40:09,984.75,668802
2021-06-21 09:40:10,984.65,668992
2021-06-21 09:40:11,984.95,669083
2021-06-21 09:40:12,984.8,669108
2021-06-21 09:40:13,984.85,669202
2021-06-21 09:40:14,984.05,669223
2021-06-21 09:40:16,984.1,669258
2021-06-21 09:40:17,984.1,669280
2021-06-21 09:40:18,984.5,669402
2021-06-21 09:40:19,984.05,669407
2021-06-21 09:40:20,984.0,671384
2021-06-21 09:40:21,983.85,671506
2021-06-21 09:40:22,983.35,671652
2021-06-21 09:40:23,983.95,672793
2021-06-21 09:40:24,983.25,672882
2021-06-21 09:40:25,983.1,673046
2021-06-21 09:40:26,983.1,673046
2021-06-21 09:40:28,983.0,673615
2021-06-21 09:40:29,982.9,673659
2021-06-21 09:40:32,983.1,673787
2021-06-21 09:40:35,983.0,674216
2021-06-21 09:40:36,983.0,674261
2021-06-21 09:40:37,983.0,674361
2021-06-21 09:40:38,983.0,674461
2021-06-21 09:40:39,982.8,675219
2021-06-21 09:40:41,982.6,675411
2021-06-21 09:40:42,982.6,675411
2021-06-21 09:40:43,982.6,675412
2021-06-21 09:40:44,982.95,675445
2021-06-21 09:40:45,983.0,675495
2021-06-21 09:40:46,982.95,675775
2021-06-21 09:40:47,982.4,675800
2021-06-21 09:40:48,982.4,675800
2021-06-21 09:40:49,982.85,676800
2021-06-21 09:40:50,982.85,676801
2021-06-21 09:40:51,982.85,676901
2021-06-21 09:40:52,982.5,676931
2021-06-21 09:40:53,982.7,676939
2021-06-21 09:40:54,982.3,677019
2021-06-21 09:40:55,982.9,677146
2021-06-21 09:40:56,982.45,677221
2021-06-21 09:40:57,982.65,677371
2021-06-21 09:40:58,982.5,677441
2021-06-21 09:40:59,982.5,677451
2021-06-21 09:41:00,982.5,677451
2021-06-21 09:41:01,982.5,677506
2021-06-21 09:41:02,982.5,677556
2021-06-21 09:41:03,982.5,677561
2021-06-21 09:41:04,982.5,677572
2021-06-21 09:41:05,982.5,677642
2021-06-21 09:41:06,982.5,678467
2021-06-21 09:41:07,982.5,678616
2021-06-21 09:41:08,982.95,678723
2021-06-21 09:41:09,983.0,678801
2021-06-21 09:41:10,982.7,678821
2021-06-21 09:41:11,982.85,678836
2021-06-21 09:41:12,982.7,678936
2021-06-21 09:41:13,982.7,678936
2021-06-21 09:41:14,982.7,678936
2021-06-21 09:41:15,982.35,679046
2021-06-21 09:41:16,982.95,681046
2021-06-21 09:41:17,982.85,681096
2021-06-21 09:41:18,982.75,681099
2021-06-21 09:41:19,982.75,681104
2021-06-21 09:41:20,982.5,681169
2021-06-21 09:41:21,982.75,681199
2021-06-21 09:41:22,982.85,681702
2021-06-21 09:41:23,982.8,681728
2021-06-21 09:41:24,982.5,681733
2021-06-21 09:41:25,982.2,682234
2021-06-21 09:41:26,982.2,682234
2021-06-21 09:41:27,982.5,682248
2021-06-21 09:41:28,982.25,682368
2021-06-21 09:41:31,982.95,683034
2021-06-21 09:41:32,982.85,686428
2021-06-21 09:41:33,983.0,687182
2021-06-21 09:41:35,983.15,687282
2021-06-21 09:41:36,983.15,687282
2021-06-21 09:41:38,983.15,687282
2021-06-21 09:41:39,983.5,687303
2021-06-21 09:41:40,983.15,687308
2021-06-21 09:41:40,983.15,687308
2021-06-21 09:41:41,983.1,687388
2021-06-21 09:41:42,983.5,687393
2021-06-21 09:41:43,983.5,687403
2021-06-21 09:41:44,983.5,687403
2021-06-21 09:41:45,983.5,687403
2021-06-21 09:41:46,983.5,687430
2021-06-21 09:41:48,983.5,687430
2021-06-21 09:41:49,983.5,687430
2021-06-21 09:41:50,983.5,687430
2021-06-21 09:41:51,983.5,687430
2021-06-21 09:41:52,983.5,687430
2021-06-21 09:41:53,983.5,687430
2021-06-21 09:41:55,983.0,687481
2021-06-21 09:41:56,982.9,687570
2021-06-21 09:41:57,982.9,687570
2021-06-21 09:41:58,983.0,688430
2021-06-21 09:41:59,983.0,688490
2021-06-21 09:42:00,982.9,688590
2021-06-21 09:42:01,983.0,688750
2021-06-21 09:42:02,983.0,689350
2021-06-21 09:42:04,983.0,689426
2021-06-21 09:42:05,983.0,691952
2021-06-21 09:42:07,983.75,695094
2021-06-21 09:42:08,983.75,695094
2021-06-21 09:42:09,983.75,695094
2021-06-21 09:42:10,984.25,695221
2021-06-21 09:42:11,984.25,695221
2021-06-21 09:42:12,984.25,695221
2021-06-21 09:42:12,984.25,695221
2021-06-21 09:42:13,984.25,695221
2021-06-21 09:42:14,984.3,695241
2021-06-21 09:42:15,984.3,695241
2021-06-21 09:42:16,984.45,695256
2021-06-21 09:42:17,984.8,695266
2021-06-21 09:42:18,984.4,695271
2021-06-21 09:42:19,984.85,695272
2021-06-21 09:42:20,984.75,695372
2021-06-21 09:42:21,984.2,696419
2021-06-21 09:42:22,983.95,696558
2021-06-21 09:42:23,983.95,696558
2021-06-21 09:42:24,983.95,696558
2021-06-21 09:42:25,983.95,696558
2021-06-21 09:42:26,984.45,696583
2021-06-21 09:42:27,984.9,696643
2021-06-21 09:42:28,984.9,697063
2021-06-21 09:42:29,984.9,697063
2021-06-21 09:42:30,984.3,697443
2021-06-21 09:42:32,984.45,697488
2021-06-21 09:42:33,984.15,697587
2021-06-21 09:42:35,984.3,697658
2021-06-21 09:42:36,984.55,697660
2021-06-21 09:42:37,984.7,698266
2021-06-21 09:42:39,984.6,698295
2021-06-21 09:42:40,984.55,698430
2021-06-21 09:42:41,984.5,698433
2021-06-21 09:42:43,984.55,698464
2021-06-21 09:42:44,984.3,698494
2021-06-21 09:42:45,984.3,698519
2021-06-21 09:42:47,984.3,698519
2021-06-21 09:42:48,984.15,698524
2021-06-21 09:42:49,984.3,698534
2021-06-21 09:42:50,984.45,698834
2021-06-21 09:42:51,984.45,698834
2021-06-21 09:42:51,984.45,698834
2021-06-21 09:42:52,984.4,698846
2021-06-21 09:42:53,984.4,698846
2021-06-21 09:42:56,984.0,698984
2021-06-21 09:42:57,984.15,699003
2021-06-21 09:42:57,984.15,699003
2021-06-21 09:42:58,984.45,699093
2021-06-21 09:42:59,984.45,699093
2021-06-21 09:43:01,984.45,699094
2021-06-21 09:43:02,984.45,699094
2021-06-21 09:43:03,984.45,699094
2021-06-21 09:43:04,984.0,699103
2021-06-21 09:43:05,984.0,699103
2021-06-21 09:43:06,984.0,699139
2021-06-21 09:43:07,984.4,699259
2021-06-21 09:43:08,984.45,699338
2021-06-21 09:43:10,984.45,699404
2021-06-21 09:43:12,984.45,699404
2021-06-21 09:43:13,984.45,699404
2021-06-21 09:43:14,984.45,699409
2021-06-21 09:43:15,984.45,699424
2021-06-21 09:43:16,984.45,699473
2021-06-21 09:43:17,984.45,699653
2021-06-21 09:43:18,984.5,699723
2021-06-21 09:43:19,984.3,699746
2021-06-21 09:43:20,984.4,699748
2021-06-21 09:43:20,984.4,699758
2021-06-21 09:43:21,984.0,700731
2021-06-21 09:43:23,984.45,700782
2021-06-21 09:43:24,984.45,700782
2021-06-21 09:43:25,984.45,700782
2021-06-21 09:43:26,984.3,700907
2021-06-21 09:43:27,984.05,700995
2021-06-21 09:43:28,983.75,701374
2021-06-21 09:43:29,983.8,701435
2021-06-21 09:43:30,984.3,701469
2021-06-21 09:43:31,983.85,701503
2021-06-21 09:43:32,983.85,701503
2021-06-21 09:43:33,984.75,701610
2021-06-21 09:43:35,984.75,701610
2021-06-21 09:43:36,984.4,701640
2021-06-21 09:43:37,984.4,701640
2021-06-21 09:43:38,984.6,701764
2021-06-21 09:43:39,984.6,701764
2021-06-21 09:43:40,984.55,701834
2021-06-21 09:43:41,983.85,702774
2021-06-21 09:43:42,984.0,702778
2021-06-21 09:43:43,984.6,702861
2021-06-21 09:43:47,984.55,703971
2021-06-21 09:43:47,984.55,703971
2021-06-21 09:43:48,984.6,703981
2021-06-21 09:43:49,984.75,704042
2021-06-21 09:43:50,984.9,704063
2021-06-21 09:43:51,984.95,704077
2021-06-21 09:43:52,984.6,704642
2021-06-21 09:43:55,984.95,704755
2021-06-21 09:43:56,984.95,704755
2021-06-21 09:43:57,984.75,704856
2021-06-21 09:43:58,984.75,704856
2021-06-21 09:43:59,984.75,705977
2021-06-21 09:44:00,984.95,706108
2021-06-21 09:44:00,984.95,706293
2021-06-21 09:44:01,984.95,706465
2021-06-21 09:44:02,984.95,706468
2021-06-21 09:44:04,984.95,706848
2021-06-21 09:44:05,984.95,707183
2021-06-21 09:44:06,984.95,707551
2021-06-21 09:44:07,984.95,707739
2021-06-21 09:44:09,984.95,707739
2021-06-21 09:44:10,984.8,707783
2021-06-21 09:44:11,984.65,707916
2021-06-21 09:44:13,984.9,708079
2021-06-21 09:44:14,984.3,708319
2021-06-21 09:44:15,984.3,708427
2021-06-21 09:44:16,984.6,708507
2021-06-21 09:44:17,984.6,708519
2021-06-21 09:44:18,984.1,708626
2021-06-21 09:44:19,984.05,708632
2021-06-21 09:44:20,984.6,709632
2021-06-21 09:44:21,984.45,709643
2021-06-21 09:44:22,984.0,710049
2021-06-21 09:44:23,984.0,710153
2021-06-21 09:44:24,983.95,710169
2021-06-21 09:44:25,983.95,710169
2021-06-21 09:44:26,984.0,710221
2021-06-21 09:44:27,984.0,710286
2021-06-21 09:44:28,983.85,710384
2021-06-21 09:44:29,983.85,710512
2021-06-21 09:44:30,984.0,710689
2021-06-21 09:44:31,984.0,710703
2021-06-21 09:44:32,983.75,711605
2021-06-21 09:44:33,983.5,711738
2021-06-21 09:44:34,983.45,712120
2021-06-21 09:44:34,983.45,712120
2021-06-21 09:44:35,983.45,712120
2021-06-21 09:44:36,983.45,712120
2021-06-21 09:44:37,983.45,712120
2021-06-21 09:44:38,983.45,712120
2021-06-21 09:44:39,983.45,712120
2021-06-21 09:44:40,983.45,712120
2021-06-21 09:44:42,983.65,712150
2021-06-21 09:44:43,983.65,712150
2021-06-21 09:44:44,983.65,712150
2021-06-21 09:44:45,984.0,712708
2021-06-21 09:44:46,983.9,712789
2021-06-21 09:44:47,983.9,712951
2021-06-21 09:44:48,983.9,712951
2021-06-21 09:44:49,983.5,712976
2021-06-21 09:44:50,983.9,712979
2021-06-21 09:44:51,983.55,712993
2021-06-21 09:44:52,983.55,712993
2021-06-21 09:44:52,983.4,713043
2021-06-21 09:44:53,983.8,713044
2021-06-21 09:44:54,983.95,713129
2021-06-21 09:44:56,983.95,713129
2021-06-21 09:44:57,984.0,713184
2021-06-21 09:44:59,983.85,713287
2021-06-21 09:44:59,983.85,713287
2021-06-21 09:45:00,983.85,713817
2021-06-21 09:45:01,983.9,714304
2021-06-21 09:45:02,983.9,714607
2021-06-21 09:45:03,983.9,714627
2021-06-21 09:45:04,984.0,714642
2021-06-21 09:45:05,984.0,714642
2021-06-21 09:45:06,984.45,714859
2021-06-21 09:45:07,984.4,715184
2021-06-21 09:45:08,984.45,715234
2021-06-21 09:45:10,984.45,715239
2021-06-21 09:45:11,984.0,715303
2021-06-21 09:45:12,984.15,715393
2021-06-21 09:45:13,984.15,715403
2021-06-21 09:45:14,984.15,715556
2021-06-21 09:45:15,984.15,715556
2021-06-21 09:45:16,983.7,715651
2021-06-21 09:45:17,983.3,715652
2021-06-21 09:45:18,983.75,715768
2021-06-21 09:45:19,983.75,715768
2021-06-21 09:45:20,983.75,715832
2021-06-21 09:45:21,983.45,715867
2021-06-21 09:45:22,983.8,715877
2021-06-21 09:45:22,983.8,715877
2021-06-21 09:45:23,983.85,715902
2021-06-21 09:45:25,984.15,720596
2021-06-21 09:45:26,984.5,721304
2021-06-21 09:45:27,984.5,721524
2021-06-21 09:45:29,984.15,721625
2021-06-21 09:45:30,984.15,721625
2021-06-21 09:45:31,984.0,721987
2021-06-21 09:45:33,983.85,722099
2021-06-21 09:45:35,984.0,722149
2021-06-21 09:45:36,984.1,722174
2021-06-21 09:45:38,983.85,722193
2021-06-21 09:45:38,983.85,722193
2021-06-21 09:45:40,983.85,722193
2021-06-21 09:45:41,983.5,722347
2021-06-21 09:45:43,983.3,722461
2021-06-21 09:45:44,983.3,722461
2021-06-21 09:45:45,983.45,723481
2021-06-21 09:45:46,983.0,723499
2021-06-21 09:45:47,983.4,723559
2021-06-21 09:45:48,983.65,723758
2021-06-21 09:45:49,983.1,723968
2021-06-21 09:45:50,983.5,724059
2021-06-21 09:45:51,983.5,724111
2021-06-21 09:45:52,983.5,724111
2021-06-21 09:45:53,983.45,724316
2021-06-21 09:45:54,983.05,724530
2021-06-21 09:45:55,983.05,724568
2021-06-21 09:45:56,983.05,724679
2021-06-21 09:45:57,983.15,724680
2021-06-21 09:45:58,983.2,724825
2021-06-21 09:45:58,983.2,724825
2021-06-21 09:45:59,983.6,724828
2021-06-21 09:46:00,983.6,724879
2021-06-21 09:46:01,983.6,724879
2021-06-21 09:46:02,983.5,724992
2021-06-21 09:46:03,983.6,725021
2021-06-21 09:46:04,983.25,725066
2021-06-21 09:46:05,983.25,725066
2021-06-21 09:46:06,983.25,725076
2021-06-21 09:46:07,983.25,725077
2021-06-21 09:46:08,983.25,725102
2021-06-21 09:46:09,983.25,725228
2021-06-21 09:46:10,983.15,725328
2021-06-21 09:46:12,983.25,725413
2021-06-21 09:46:13,983.25,725413
2021-06-21 09:46:14,983.25,725413
2021-06-21 09:46:15,983.25,725414
2021-06-21 09:46:16,983.25,725414
2021-06-21 09:46:17,983.25,725414
2021-06-21 09:46:18,983.15,725839
2021-06-21 09:46:19,983.15,725849
2021-06-21 09:46:20,983.45,725946
2021-06-21 09:46:21,983.15,726042
2021-06-21 09:46:22,983.3,726229
2021-06-21 09:46:23,983.3,726229
2021-06-21 09:46:23,983.3,726229
2021-06-21 09:46:24,983.15,726294
2021-06-21 09:46:26,983.15,726344
2021-06-21 09:46:27,983.15,726344
2021-06-21 09:46:28,983.15,726344
2021-06-21 09:46:29,983.45,726404
2021-06-21 09:46:30,983.45,726404
2021-06-21 09:46:31,983.45,726404
2021-06-21 09:46:32,983.15,726493
2021-06-21 09:46:33,983.45,726513
2021-06-21 09:46:34,983.15,727257
2021-06-21 09:46:35,982.5,729514
2021-06-21 09:46:36,982.8,729657
2021-06-21 09:46:37,982.8,729918
2021-06-21 09:46:38,983.15,730138
2021-06-21 09:46:39,983.2,730372
2021-06-21 09:46:40,982.8,730383
2021-06-21 09:46:41,982.6,730467
2021-06-21 09:46:42,983.0,730740
2021-06-21 09:46:43,983.0,730770
2021-06-21 09:46:44,982.5,731069
2021-06-21 09:46:44,982.5,731069
2021-06-21 09:46:45,982.2,731552
2021-06-21 09:46:46,982.65,731568
2021-06-21 09:46:48,982.8,731593
2021-06-21 09:46:50,983.0,731644
2021-06-21 09:46:51,983.0,731778
2021-06-21 09:46:52,983.15,732234
2021-06-21 09:46:53,983.0,733215
2021-06-21 09:46:54,982.75,733315
2021-06-21 09:46:55,983.0,733765
2021-06-21 09:46:56,983.4,733865
2021-06-21 09:46:57,983.5,734038
2021-06-21 09:46:58,983.3,734338
2021-06-21 09:47:01,983.45,734394
2021-06-21 09:47:02,984.0,735214
2021-06-21 09:47:03,983.65,735224
2021-06-21 09:47:04,984.15,735433
2021-06-21 09:47:05,984.05,736276
2021-06-21 09:47:06,984.05,736328
2021-06-21 09:47:07,984.25,736513
2021-06-21 09:47:08,984.25,736816
2021-06-21 09:47:09,983.9,736841
2021-06-21 09:47:09,983.9,736841
2021-06-21 09:47:12,984.5,737224
2021-06-21 09:47:13,984.2,737244
2021-06-21 09:47:14,984.2,737244
2021-06-21 09:47:15,984.2,737244
2021-06-21 09:47:16,984.2,737288
2021-06-21 09:47:17,984.2,737293
2021-06-21 09:47:18,984.5,737645
2021-06-21 09:47:19,984.5,737645
2021-06-21 09:47:20,984.25,737699
2021-06-21 09:47:21,984.25,737699
2021-06-21 09:47:22,984.5,738118
2021-06-21 09:47:23,984.55,738223
2021-06-21 09:47:24,984.5,738233
2021-06-21 09:47:25,984.5,738733
2021-06-21 09:47:26,984.5,738745
2021-06-21 09:47:27,984.55,738755
2021-06-21 09:47:28,984.5,738970
2021-06-21 09:47:29,984.4,739066
2021-06-21 09:47:30,984.7,739096
2021-06-21 09:47:31,984.75,739127
2021-06-21 09:47:32,984.75,739262
2021-06-21 09:47:33,984.75,739262
2021-06-21 09:47:34,984.7,739273
2021-06-21 09:47:35,984.7,739273
2021-06-21 09:47:36,984.5,739320
2021-06-21 09:47:37,984.8,739346
2021-06-21 09:47:38,984.9,740458
2021-06-21 09:47:39,984.95,740460
2021-06-21 09:47:40,985.0,740988
2021-06-21 09:47:41,984.6,740994
2021-06-21 09:47:42,984.95,740995
2021-06-21 09:47:43,985.05,745793
2021-06-21 09:47:44,985.05,745793
2021-06-21 09:47:45,985.4,745997
2021-06-21 09:47:46,985.5,746248
2021-06-21 09:47:47,985.55,746998
2021-06-21 09:47:48,985.55,747081
2021-06-21 09:47:49,985.55,747083
2021-06-21 09:47:50,985.55,747083
2021-06-21 09:47:51,985.65,747084
2021-06-21 09:47:52,985.65,747129
2021-06-21 09:47:53,985.85,747191
2021-06-21 09:47:54,985.0,747691
2021-06-21 09:47:55,985.0,747691
2021-06-21 09:47:56,985.55,747711
2021-06-21 09:47:57,985.85,748127
2021-06-21 09:47:58,985.2,748177
2021-06-21 09:47:59,985.2,748201
2021-06-21 09:48:00,985.0,748353
2021-06-21 09:48:01,985.0,748604
2021-06-21 09:48:02,985.0,748604
2021-06-21 09:48:03,985.15,748659
2021-06-21 09:48:04,985.15,749092
2021-06-21 09:48:05,985.3,750312
2021-06-21 09:48:06,985.35,750349
2021-06-21 09:48:07,985.7,750649
2021-06-21 09:48:08,985.65,750724
2021-06-21 09:48:09,985.9,751521
2021-06-21 09:48:10,985.3,751829
2021-06-21 09:48:11,985.3,751981
2021-06-21 09:48:12,985.55,752181
2021-06-21 09:48:13,985.35,752182
2021-06-21 09:48:14,985.35,752182
2021-06-21 09:48:15,985.55,752682
2021-06-21 09:48:16,985.55,752840
2021-06-21 09:48:17,985.55,752845
2021-06-21 09:48:18,985.55,752885
2021-06-21 09:48:19,985.55,753034
2021-06-21 09:48:20,985.55,753407
2021-06-21 09:48:21,985.35,753425
2021-06-21 09:48:22,985.35,754128
2021-06-21 09:48:23,985.55,754283
2021-06-21 09:48:24,985.7,754502
2021-06-21 09:48:25,985.75,754752
2021-06-21 09:48:26,985.55,754772
2021-06-21 09:48:28,985.55,754772
2021-06-21 09:48:29,985.55,754782
2021-06-21 09:48:30,985.55,754782
2021-06-21 09:48:31,985.55,754782
2021-06-21 09:48:32,985.55,754828
2021-06-21 09:48:33,985.65,754858
2021-06-21 09:48:34,985.65,754933
2021-06-21 09:48:35,985.65,754933
2021-06-21 09:48:36,985.65,754933
2021-06-21 09:48:37,985.4,755012
2021-06-21 09:48:38,985.9,755063
2021-06-21 09:48:39,985.9,755110
2021-06-21 09:48:40,985.9,755110
2021-06-21 09:48:41,985.55,755130
2021-06-21 09:48:42,985.75,757211
2021-06-21 09:48:43,985.4,759889
2021-06-21 09:48:44,985.7,760270
2021-06-21 09:48:46,986.15,761211
2021-06-21 09:48:47,986.15,761246
2021-06-21 09:48:48,985.8,761358
2021-06-21 09:48:49,986.0,761638
2021-06-21 09:48:50,986.0,761728
2021-06-21 09:48:51,985.9,761766
2021-06-21 09:48:52,985.9,761766
2021-06-21 09:48:53,986.15,762573
2021-06-21 09:48:54,985.65,762911
2021-06-21 09:48:55,986.0,762979
2021-06-21 09:48:56,986.0,762989
2021-06-21 09:48:57,986.0,763089
2021-06-21 09:48:58,986.0,763181
2021-06-21 09:48:59,986.25,763198
2021-06-21 09:49:00,985.7,764141
2021-06-21 09:49:01,986.0,764211
2021-06-21 09:49:02,985.7,764635
2021-06-21 09:49:03,986.4,765635
2021-06-21 09:49:04,986.3,765708
2021-06-21 09:49:05,986.0,765795
2021-06-21 09:49:06,986.0,765835
2021-06-21 09:49:07,986.15,765945
2021-06-21 09:49:08,986.25,766610
2021-06-21 09:49:09,986.2,766625
2021-06-21 09:49:10,986.25,766631
2021-06-21 09:49:12,986.15,767153
2021-06-21 09:49:13,986.15,767153
2021-06-21 09:49:14,986.25,767168
2021-06-21 09:49:15,986.0,767205
2021-06-21 09:49:16,986.5,767218
2021-06-21 09:49:17,986.05,767269
2021-06-21 09:49:18,986.05,767314
2021-06-21 09:49:19,986.1,767458
2021-06-21 09:49:20,986.1,767458
2021-06-21 09:49:21,986.0,767618
2021-06-21 09:49:22,985.65,767667
2021-06-21 09:49:23,985.7,767673
2021-06-21 09:49:24,985.7,767673
2021-06-21 09:49:25,985.7,767703
2021-06-21 09:49:26,986.2,768053
2021-06-21 09:49:27,986.2,768053
2021-06-21 09:49:28,985.65,768107
2021-06-21 09:49:30,985.9,768213
2021-06-21 09:49:30,985.9,768213
2021-06-21 09:49:31,985.9,768213
2021-06-21 09:49:32,985.75,768446
2021-06-21 09:49:33,985.95,768547
2021-06-21 09:49:34,985.95,768552
2021-06-21 09:49:35,985.9,768702
2021-06-21 09:49:36,985.9,768702
2021-06-21 09:49:38,985.9,768708
2021-06-21 09:49:39,986.0,768811
2021-06-21 09:49:40,986.0,768822
2021-06-21 09:49:41,986.15,768853
2021-06-21 09:49:41,985.8,769363
2021-06-21 09:49:43,986.0,769419
2021-06-21 09:49:44,986.0,769424
2021-06-21 09:49:45,986.0,769424
2021-06-21 09:49:46,986.0,770188
2021-06-21 09:49:48,985.9,770463
2021-06-21 09:49:49,986.15,770713
2021-06-21 09:49:50,986.0,770828
2021-06-21 09:49:51,985.85,770831
2021-06-21 09:49:52,986.0,771132
2021-06-21 09:49:53,985.9,771136
2021-06-21 09:49:54,985.9,771136
2021-06-21 09:49:55,985.9,771136
2021-06-21 09:49:56,985.9,771541
2021-06-21 09:49:57,985.65,771543
2021-06-21 09:49:59,985.9,771574
2021-06-21 09:49:59,986.0,771564
2021-06-21 09:50:00,985.9,771874
2021-06-21 09:50:01,986.0,771881
2021-06-21 09:50:02,985.9,771931
2021-06-21 09:50:03,985.95,772316
2021-06-21 09:50:04,985.95,772316
2021-06-21 09:50:05,985.3,772335
2021-06-21 09:50:06,985.3,772335
2021-06-21 09:50:07,985.4,772435
2021-06-21 09:50:08,985.4,772435
2021-06-21 09:50:09,985.85,772456
2021-06-21 09:50:11,985.85,772461
2021-06-21 09:50:12,985.85,772471
2021-06-21 09:50:13,985.95,772778
2021-06-21 09:50:14,985.95,772778
2021-06-21 09:50:15,985.8,773329
2021-06-21 09:50:16,985.8,773339
2021-06-21 09:50:16,985.8,773339
2021-06-21 09:50:17,985.8,773896
2021-06-21 09:50:19,985.65,774066
2021-06-21 09:50:20,985.55,774095
2021-06-21 09:50:21,985.55,774095
2021-06-21 09:50:22,985.8,774225
2021-06-21 09:50:23,985.8,774239
2021-06-21 09:50:24,985.6,774289
2021-06-21 09:50:27,985.8,774498
2021-06-21 09:50:27,985.8,774613
2021-06-21 09:50:29,985.75,774878
2021-06-21 09:50:29,985.75,774638
2021-06-21 09:50:30,985.8,775035
2021-06-21 09:50:31,985.8,775040
2021-06-21 09:50:32,985.8,775215
2021-06-21 09:50:33,985.4,775315
2021-06-21 09:50:34,985.5,775318
2021-06-21 09:50:35,985.7,775328
2021-06-21 09:50:36,985.7,775328
2021-06-21 09:50:37,985.7,775328
2021-06-21 09:50:38,985.45,775338
2021-06-21 09:50:39,985.45,775338
2021-06-21 09:50:40,985.45,775338
2021-06-21 09:50:41,985.4,775738
2021-06-21 09:50:42,985.4,775738
2021-06-21 09:50:43,985.5,775753
2021-06-21 09:50:44,985.5,775859
2021-06-21 09:50:45,985.5,775859
2021-06-21 09:50:46,985.7,776147
2021-06-21 09:50:47,985.7,776147
2021-06-21 09:50:48,985.7,776254
2021-06-21 09:50:49,985.7,776254
2021-06-21 09:50:50,985.7,776263
2021-06-21 09:50:52,985.5,776289
2021-06-21 09:50:52,985.5,776289
2021-06-21 09:50:53,985.5,776289
2021-06-21 09:50:54,985.5,776339
2021-06-21 09:50:55,985.5,776341
2021-06-21 09:50:56,985.5,776350
2021-06-21 09:50:57,985.5,776600
2021-06-21 09:50:58,985.5,776600
2021-06-21 09:50:59,985.6,776610
2021-06-21 09:51:00,985.6,776813
2021-06-21 09:51:01,985.6,776813
2021-06-21 09:51:02,985.7,776914
2021-06-21 09:51:03,985.7,777013
2021-06-21 09:51:04,985.7,777411
2021-06-21 09:51:05,985.7,777686
2021-06-21 09:51:06,985.7,777686
2021-06-21 09:51:07,985.6,777713
2021-06-21 09:51:09,985.7,777722
2021-06-21 09:51:09,985.7,777722
2021-06-21 09:51:10,985.7,779093
2021-06-21 09:51:11,985.7,779093
2021-06-21 09:51:12,985.6,779221
2021-06-21 09:51:13,985.6,779224
2021-06-21 09:51:14,985.6,779754
2021-06-21 09:51:15,985.7,780276
2021-06-21 09:51:16,985.65,780648
2021-06-21 09:51:17,985.65,780648
2021-06-21 09:51:18,985.65,780648
2021-06-21 09:51:19,985.7,780804
2021-06-21 09:51:21,985.75,780830
2021-06-21 09:51:21,985.75,780830
2021-06-21 09:51:22,985.75,780830
2021-06-21 09:51:23,985.7,780869
2021-06-21 09:51:24,985.45,781108
2021-06-21 09:51:25,985.45,781658
2021-06-21 09:51:26,985.2,781687
2021-06-21 09:51:27,985.4,781787
2021-06-21 09:51:29,985.35,781838
2021-06-21 09:51:30,985.55,781849
2021-06-21 09:51:31,985.35,781875
2021-06-21 09:51:33,985.45,782198
2021-06-21 09:51:34,985.05,782287
2021-06-21 09:51:35,985.0,782297
2021-06-21 09:51:36,985.0,783010
2021-06-21 09:51:37,984.55,784212
2021-06-21 09:51:38,985.0,784512
2021-06-21 09:51:40,985.15,784602
2021-06-21 09:51:41,985.2,784603
2021-06-21 09:51:42,985.2,784618
2021-06-21 09:51:43,985.2,784638
2021-06-21 09:51:44,985.1,784738
2021-06-21 09:51:45,984.8,785738
2021-06-21 09:51:46,984.8,785738
2021-06-21 09:51:47,984.9,785923
2021-06-21 09:51:48,984.9,785923
2021-06-21 09:51:49,985.0,785924
2021-06-21 09:51:50,985.0,785924
2021-06-21 09:51:51,985.0,786018
2021-06-21 09:51:52,985.0,786018
2021-06-21 09:51:53,985.0,786018
2021-06-21 09:51:54,985.0,786018
2021-06-21 09:51:55,985.2,786062
2021-06-21 09:51:55,985.2,786062
2021-06-21 09:51:56,985.2,786129
2021-06-21 09:51:57,985.2,786129
2021-06-21 09:51:58,985.4,786214
2021-06-21 09:51:59,985.15,786540
2021-06-21 09:52:00,985.05,786641
2021-06-21 09:52:01,985.0,786742
2021-06-21 09:52:02,984.55,786982
2021-06-21 09:52:04,983.8,789522
2021-06-21 09:52:05,984.3,789547
2021-06-21 09:52:06,984.55,789841
2021-06-21 09:52:07,983.75,791250
2021-06-21 09:52:08,983.85,791260
2021-06-21 09:52:09,983.95,791269
2021-06-21 09:52:10,984.4,791280
2021-06-21 09:52:11,984.55,791330
2021-06-21 09:52:12,984.3,791352
2021-06-21 09:52:12,984.3,791352
2021-06-21 09:52:13,984.3,791352
2021-06-21 09:52:14,985.0,791377
2021-06-21 09:52:15,985.0,791377
2021-06-21 09:52:16,985.0,791378
2021-06-21 09:52:17,984.45,791398
2021-06-21 09:52:18,983.85,791785
2021-06-21 09:52:19,983.6,791845
2021-06-21 09:52:20,983.6,791895
2021-06-21 09:52:21,983.55,792100
2021-06-21 09:52:22,983.55,792110
2021-06-21 09:52:24,982.95,793675
2021-06-21 09:52:25,982.8,793776
2021-06-21 09:52:26,982.8,793853
2021-06-21 09:52:27,982.9,793862
2021-06-21 09:52:28,983.5,793966
2021-06-21 09:52:33,983.35,794010
2021-06-21 09:52:36,983.75,794620
2021-06-21 09:52:37,983.75,794620
2021-06-21 09:52:38,983.75,794620
2021-06-21 09:52:39,983.75,794920
2021-06-21 09:52:40,984.0,795049
2021-06-21 09:52:41,984.3,795277
2021-06-21 09:52:43,984.3,795510
2021-06-21 09:52:44,984.3,795510
2021-06-21 09:52:45,984.3,795516
2021-06-21 09:52:45,983.85,795521
2021-06-21 09:52:46,983.95,795940
2021-06-21 09:52:47,983.9,795992
2021-06-21 09:52:48,983.5,796017
2021-06-21 09:52:50,983.6,796119
2021-06-21 09:52:51,983.8,796122
2021-06-21 09:52:52,983.95,796127
2021-06-21 09:52:53,983.95,796127
2021-06-21 09:52:54,984.0,796172
2021-06-21 09:52:55,983.85,796197
2021-06-21 09:52:56,983.85,796197
2021-06-21 09:52:57,983.6,796448
2021-06-21 09:52:58,984.0,796464
2021-06-21 09:52:58,984.0,796548
2021-06-21 09:53:01,984.1,796560
2021-06-21 09:53:02,984.1,796570
2021-06-21 09:53:03,984.1,796570
2021-06-21 09:53:04,984.05,796693
2021-06-21 09:53:05,984.0,796763
2021-06-21 09:53:07,984.0,796767
2021-06-21 09:53:08,984.0,796792
2021-06-21 09:53:09,984.3,797292
2021-06-21 09:53:09,984.3,797292
2021-06-21 09:53:11,984.3,797292
2021-06-21 09:53:14,984.3,797292
2021-06-21 09:53:16,984.35,797343
2021-06-21 09:53:17,984.35,797343
2021-06-21 09:53:18,984.35,797343
2021-06-21 09:53:19,983.5,797530
2021-06-21 09:53:20,983.5,797550
2021-06-21 09:53:21,983.5,797550
2021-06-21 09:53:23,983.5,797550
2021-06-21 09:53:24,983.5,797550
2021-06-21 09:53:25,983.5,797570
2021-06-21 09:53:25,983.5,797570
2021-06-21 09:53:26,983.5,798020
2021-06-21 09:53:27,983.5,798020
2021-06-21 09:53:29,983.4,798120
2021-06-21 09:53:30,983.4,798137
2021-06-21 09:53:31,983.25,798147
2021-06-21 09:53:31,983.25,798147
2021-06-21 09:53:32,983.25,798187
2021-06-21 09:53:33,983.0,798287
2021-06-21 09:53:34,983.25,798289
2021-06-21 09:53:35,983.0,799485
2021-06-21 09:53:36,982.8,799574
2021-06-21 09:53:37,982.95,799577
2021-06-21 09:53:38,982.75,799626
2021-06-21 09:53:39,982.95,799629
2021-06-21 09:53:40,983.0,799779
2021-06-21 09:53:41,983.05,800114
2021-06-21 09:53:42,983.2,800866
2021-06-21 09:53:44,983.25,800872
2021-06-21 09:53:45,983.25,800872
2021-06-21 09:53:46,983.0,800897
2021-06-21 09:53:47,983.25,800937
2021-06-21 09:53:48,983.25,801007
2021-06-21 09:53:49,983.5,801592
2021-06-21 09:53:50,983.55,802192
2021-06-21 09:53:51,983.25,802282
2021-06-21 09:53:52,983.45,802302
2021-06-21 09:53:52,983.45,802302
2021-06-21 09:53:53,983.5,802303
2021-06-21 09:53:54,983.0,802453
2021-06-21 09:53:55,983.0,802453
2021-06-21 09:53:56,983.0,802453
2021-06-21 09:53:58,983.5,802753
2021-06-21 09:53:59,983.45,802773
2021-06-21 09:54:00,983.65,802825
2021-06-21 09:54:01,983.6,802935
2021-06-21 09:54:01,983.6,802935
2021-06-21 09:54:02,983.2,803940
2021-06-21 09:54:03,983.55,804013
2021-06-21 09:54:05,983.55,804013
2021-06-21 09:54:06,983.4,804014
2021-06-21 09:54:07,983.2,804124
2021-06-21 09:54:07,983.4,804129
2021-06-21 09:54:08,983.4,804129
2021-06-21 09:54:09,983.2,804173
2021-06-21 09:54:11,983.4,804386
2021-06-21 09:54:12,983.2,804441
2021-06-21 09:54:13,983.7,806442
2021-06-21 09:54:14,983.95,807029
2021-06-21 09:54:16,983.55,807129
2021-06-21 09:54:17,983.55,807129
2021-06-21 09:54:18,983.3,807134
2021-06-21 09:54:19,983.6,807625
2021-06-21 09:54:20,983.6,807625
2021-06-21 09:54:21,983.5,808925
2021-06-21 09:54:22,983.5,808925
2021-06-21 09:54:23,983.95,808999
2021-06-21 09:54:24,983.95,808999
2021-06-21 09:54:24,983.6,809004
2021-06-21 09:54:25,983.6,809004
2021-06-21 09:54:26,984.0,809084
2021-06-21 09:54:27,984.0,809084
2021-06-21 09:54:29,984.0,809101
2021-06-21 09:54:30,984.0,809101
2021-06-21 09:54:31,984.0,809101
2021-06-21 09:54:32,983.6,809106
2021-06-21 09:54:33,983.65,809156
2021-06-21 09:54:35,983.65,809356
2021-06-21 09:54:36,983.2,809792
2021-06-21 09:54:37,983.2,809882
2021-06-21 09:54:38,983.6,809982
2021-06-21 09:54:39,983.6,809982
2021-06-21 09:54:41,983.2,810002
2021-06-21 09:54:42,983.2,810002
2021-06-21 09:54:43,983.3,810130
2021-06-21 09:54:44,983.3,810240
2021-06-21 09:54:45,983.3,810240
2021-06-21 09:54:46,983.3,810240
2021-06-21 09:54:47,983.3,810240
2021-06-21 09:54:48,983.3,810240
2021-06-21 09:54:49,983.3,810245
2021-06-21 09:54:49,983.0,812691
2021-06-21 09:54:50,983.05,814849
2021-06-21 09:54:52,983.3,814999
2021-06-21 09:54:53,983.6,815229
2021-06-21 09:54:55,983.95,815245
2021-06-21 09:54:56,983.95,815361
2021-06-21 09:54:56,983.95,815361
2021-06-21 09:54:57,983.95,815451
2021-06-21 09:54:58,983.45,815668
2021-06-21 09:55:00,983.35,815962
2021-06-21 09:55:00,983.35,815962
2021-06-21 09:55:01,983.35,816028
2021-06-21 09:55:02,983.8,816043
2021-06-21 09:55:03,983.35,816047
2021-06-21 09:55:04,983.4,816072
2021-06-21 09:55:05,983.55,816127
2021-06-21 09:55:06,983.55,816127
2021-06-21 09:55:07,983.65,816172
2021-06-21 09:55:08,983.95,816192
2021-06-21 09:55:10,983.95,816194
2021-06-21 09:55:11,983.95,816784
2021-06-21 09:55:12,983.65,816794
2021-06-21 09:55:13,983.65,816799
2021-06-21 09:55:14,983.65,816849
2021-06-21 09:55:14,983.65,816849
2021-06-21 09:55:15,983.7,816899
2021-06-21 09:55:17,983.95,817422
2021-06-21 09:55:19,983.8,817444
2021-06-21 09:55:20,983.7,817996
2021-06-21 09:55:20,983.7,817996
2021-06-21 09:55:22,984.9,823308
2021-06-21 09:55:24,985.4,825484
2021-06-21 09:55:25,985.7,825560
2021-06-21 09:55:26,985.9,825613
2021-06-21 09:55:27,986.2,829518
2021-06-21 09:55:28,986.5,829611
2021-06-21 09:55:29,986.15,829612
2021-06-21 09:55:30,986.0,829682
2021-06-21 09:55:31,986.0,829682
2021-06-21 09:55:32,986.0,829979
2021-06-21 09:55:33,986.0,829979
2021-06-21 09:55:34,986.0,831129
2021-06-21 09:55:35,986.0,831310
2021-06-21 09:55:37,986.0,831898
2021-06-21 09:55:38,986.0,831952
2021-06-21 09:55:39,986.0,832229
2021-06-21 09:55:40,985.7,832722
2021-06-21 09:55:42,985.7,832722
2021-06-21 09:55:43,985.55,832973
2021-06-21 09:55:44,985.55,832973
2021-06-21 09:55:45,986.4,833316
2021-06-21 09:55:46,986.5,833446
2021-06-21 09:55:47,986.2,834071
2021-06-21 09:55:48,986.35,834096
2021-06-21 09:55:49,986.35,834147
2021-06-21 09:55:49,986.35,834147
2021-06-21 09:55:50,986.45,834247
2021-06-21 09:55:52,986.4,834297
2021-06-21 09:55:53,986.4,834297
2021-06-21 09:55:54,986.0,834298
2021-06-21 09:55:55,986.4,834499
2021-06-21 09:55:56,986.4,834504
2021-06-21 09:55:57,986.05,834534
2021-06-21 09:55:57,986.05,834534
2021-06-21 09:55:59,986.4,834654
2021-06-21 09:56:00,985.55,834843
2021-06-21 09:56:01,985.05,834873
2021-06-21 09:56:02,985.25,834875
2021-06-21 09:56:03,985.25,834875
2021-06-21 09:56:04,985.55,834895
2021-06-21 09:56:05,985.55,834895
2021-06-21 09:56:06,985.55,834895
2021-06-21 09:56:07,985.4,834950
2021-06-21 09:56:07,985.0,834955
2021-06-21 09:56:09,985.4,835002
2021-06-21 09:56:10,985.4,835002
2021-06-21 09:56:10,985.4,835002
2021-06-21 09:56:12,985.4,835028
2021-06-21 09:56:14,985.25,835041
2021-06-21 09:56:15,985.35,835081
2021-06-21 09:56:16,985.25,835086
2021-06-21 09:56:17,985.25,835095
2021-06-21 09:56:18,985.25,835095
2021-06-21 09:56:18,985.25,835095
2021-06-21 09:56:19,985.2,835168
2021-06-21 09:56:20,985.2,835170
2021-06-21 09:56:23,985.0,835230
2021-06-21 09:56:24,984.95,835408
2021-06-21 09:56:24,984.95,835408
2021-06-21 09:56:25,983.95,836482
2021-06-21 09:56:26,983.95,836482
2021-06-21 09:56:28,984.65,836487
2021-06-21 09:56:30,984.4,836498
2021-06-21 09:56:31,984.4,836599
2021-06-21 09:56:32,984.65,836693
2021-06-21 09:56:33,985.2,836793
2021-06-21 09:56:35,985.25,836823
2021-06-21 09:56:37,985.4,836829
2021-06-21 09:56:38,985.4,836829
2021-06-21 09:56:39,985.4,836844
2021-06-21 09:56:40,985.55,836894
2021-06-21 09:56:40,985.55,836894
2021-06-21 09:56:41,985.55,841395
2021-06-21 09:56:42,985.55,841445
2021-06-21 09:56:43,986.0,841850
2021-06-21 09:56:45,986.0,842040
2021-06-21 09:56:46,986.0,842040
2021-06-21 09:56:47,986.0,842045
2021-06-21 09:56:48,986.0,842045
2021-06-21 09:56:49,986.0,842046
2021-06-21 09:56:50,986.0,842078
2021-06-21 09:56:51,985.95,842404
2021-06-21 09:56:52,985.95,842404
2021-06-21 09:56:53,985.0,843495
2021-06-21 09:56:54,985.45,843500
2021-06-21 09:56:55,985.45,843505
2021-06-21 09:56:56,985.45,843505
2021-06-21 09:56:58,985.45,843505
2021-06-21 09:56:59,985.45,843505
2021-06-21 09:57:00,985.6,843530
2021-06-21 09:57:01,985.6,843530
2021-06-21 09:57:02,985.6,843530
2021-06-21 09:57:02,985.6,843530
2021-06-21 09:57:03,985.6,843580
2021-06-21 09:57:04,985.6,843580
2021-06-21 09:57:05,986.0,843583
2021-06-21 09:57:06,985.8,843587
2021-06-21 09:57:07,986.0,843686
2021-06-21 09:57:09,985.95,843736
2021-06-21 09:57:10,985.6,843741
2021-06-21 09:57:11,985.95,843892
2021-06-21 09:57:13,986.0,844625
2021-06-21 09:57:14,985.85,844685
2021-06-21 09:57:15,985.9,844782
2021-06-21 09:57:16,986.0,848557
2021-06-21 09:57:17,986.5,849669
2021-06-21 09:57:17,986.5,849699
2021-06-21 09:57:19,986.35,854846
2021-06-21 09:57:20,986.2,855130
2021-06-21 09:57:21,986.05,855136
2021-06-21 09:57:22,985.7,856374
2021-06-21 09:57:23,985.75,856621
2021-06-21 09:57:24,985.5,856633
2021-06-21 09:57:25,985.15,856886
2021-06-21 09:57:26,985.15,856886
2021-06-21 09:57:26,985.15,856886
2021-06-21 09:57:27,985.15,856886
2021-06-21 09:57:28,985.15,856886
2021-06-21 09:57:29,985.15,856886
2021-06-21 09:57:30,985.15,856886
2021-06-21 09:57:32,985.15,856886
2021-06-21 09:57:33,985.15,856886
2021-06-21 09:57:34,985.6,856896
2021-06-21 09:57:35,985.5,856946
2021-06-21 09:57:36,985.5,856946
2021-06-21 09:57:38,985.95,856976
2021-06-21 09:57:39,985.95,856976
2021-06-21 09:57:40,985.95,856976
2021-06-21 09:57:40,985.95,856976
2021-06-21 09:57:42,985.95,856976
2021-06-21 09:57:43,985.95,856976
2021-06-21 09:57:44,985.6,857087
2021-06-21 09:57:45,986.0,857092
2021-06-21 09:57:46,985.8,857117
2021-06-21 09:57:47,985.8,857117
2021-06-21 09:57:48,986.0,857125
2021-06-21 09:57:49,986.0,857825
2021-06-21 09:57:50,986.0,857825
2021-06-21 09:57:50,986.0,857825
2021-06-21 09:57:52,985.65,857845
2021-06-21 09:57:53,986.0,858070
2021-06-21 09:57:54,986.0,858070
2021-06-21 09:57:55,985.65,858073
2021-06-21 09:57:56,985.65,858073
2021-06-21 09:57:57,986.0,858173
2021-06-21 09:57:58,986.0,858173
2021-06-21 09:57:59,985.55,859188
2021-06-21 09:58:00,986.0,859283
2021-06-21 09:58:01,986.0,859283
2021-06-21 09:58:02,984.0,861182
2021-06-21 09:58:03,984.5,861466
2021-06-21 09:58:04,984.0,861690
2021-06-21 09:58:05,984.85,861745
2021-06-21 09:58:07,984.85,861745
2021-06-21 09:58:08,984.85,861745
2021-06-21 09:58:10,984.6,861785
2021-06-21 09:58:11,984.6,861785
2021-06-21 09:58:12,984.6,861785
2021-06-21 09:58:13,984.6,861785
2021-06-21 09:58:14,984.6,861785
2021-06-21 09:58:15,984.25,861786
2021-06-21 09:58:16,984.05,861796
2021-06-21 09:58:17,984.5,861910
2021-06-21 09:58:18,984.8,862310
2021-06-21 09:58:19,984.8,862310
2021-06-21 09:58:20,984.6,862317
2021-06-21 09:58:21,984.1,862323
2021-06-21 09:58:22,984.05,862343
2021-06-21 09:58:23,984.15,862445
2021-06-21 09:58:24,984.15,862481
2021-06-21 09:58:25,984.25,862771
2021-06-21 09:58:26,984.25,862771
2021-06-21 09:58:27,984.2,862823
2021-06-21 09:58:28,984.2,862823
2021-06-21 09:58:29,984.2,862973
2021-06-21 09:58:30,984.15,863466
2021-06-21 09:58:31,984.15,863466
2021-06-21 09:58:33,983.95,871326
2021-06-21 09:58:34,983.95,871326
2021-06-21 09:58:35,984.1,871471
2021-06-21 09:58:36,984.2,871562
2021-06-21 09:58:37,984.25,871898
2021-06-21 09:58:38,984.25,871898
2021-06-21 09:58:39,984.3,872043
2021-06-21 09:58:40,984.4,872451
2021-06-21 09:58:42,984.4,872559
2021-06-21 09:58:43,984.5,872609
2021-06-21 09:58:44,984.85,872705
2021-06-21 09:58:46,984.85,872710
2021-06-21 09:58:45,984.85,872710
2021-06-21 09:58:47,984.85,872710
2021-06-21 09:58:48,984.85,872710
2021-06-21 09:58:49,984.85,872710
2021-06-21 09:58:51,984.7,872734
2021-06-21 09:58:52,984.7,872734
2021-06-21 09:58:53,984.2,872925
2021-06-21 09:58:54,984.2,872925
2021-06-21 09:58:55,984.2,872925
2021-06-21 09:58:56,984.35,873333
2021-06-21 09:58:57,984.95,875358
2021-06-21 09:58:58,984.35,875534
2021-06-21 09:58:59,984.35,875534
2021-06-21 09:59:00,984.7,875645
2021-06-21 09:59:01,984.3,875695
2021-06-21 09:59:02,984.3,875695
2021-06-21 09:59:03,984.3,875695
2021-06-21 09:59:04,984.3,875695
2021-06-21 09:59:05,984.3,875695
2021-06-21 09:59:06,984.3,875695
2021-06-21 09:59:07,984.3,875705
2021-06-21 09:59:08,984.3,875705
2021-06-21 09:59:09,984.85,875706
2021-06-21 09:59:10,984.65,875806
2021-06-21 09:59:11,984.65,875806
2021-06-21 09:59:12,984.65,875876
2021-06-21 09:59:14,984.85,875877
2021-06-21 09:59:15,984.85,875877
2021-06-21 09:59:16,984.85,875878
2021-06-21 09:59:17,984.85,875878
2021-06-21 09:59:19,984.85,875878
2021-06-21 09:59:20,984.65,875958
2021-06-21 09:59:21,984.75,876478
2021-06-21 09:59:22,984.75,876479
2021-06-21 09:59:23,984.75,876479
2021-06-21 09:59:24,984.75,876479
2021-06-21 09:59:25,984.75,876479
2021-06-21 09:59:26,984.75,876479
2021-06-21 09:59:27,985.0,876712
2021-06-21 09:59:28,985.0,876712
2021-06-21 09:59:29,985.0,876712
2021-06-21 09:59:30,985.0,876712
2021-06-21 09:59:31,985.6,876732
2021-06-21 09:59:32,985.6,876732
2021-06-21 09:59:33,985.6,876732
2021-06-21 09:59:34,985.6,876732
2021-06-21 09:59:36,985.6,876732
2021-06-21 09:59:37,985.6,876732
2021-06-21 09:59:39,985.65,876742
2021-06-21 09:59:40,985.65,876742
2021-06-21 09:59:41,984.5,878131
2021-06-21 09:59:42,985.1,878195
2021-06-21 09:59:43,985.1,878195
2021-06-21 09:59:44,985.3,878255
2021-06-21 09:59:45,985.3,878255
2021-06-21 09:59:46,985.3,878255
2021-06-21 09:59:47,984.95,878315
2021-06-21 09:59:48,984.95,878315
2021-06-21 09:59:49,985.0,878320
2021-06-21 09:59:50,984.95,878425
2021-06-21 09:59:51,984.95,878455
2021-06-21 09:59:52,985.05,879030
2021-06-21 09:59:53,985.05,879030
2021-06-21 09:59:54,985.05,879030
2021-06-21 09:59:55,985.35,879040
2021-06-21 09:59:56,985.35,879062
2021-06-21 09:59:57,985.35,879062
2021-06-21 09:59:58,985.35,879062
2021-06-21 09:59:59,985.35,879277
2021-06-21 10:00:00,985.6,879328
2021-06-21 10:00:01,985.6,879377
2021-06-21 10:00:02,985.6,879377
2021-06-21 10:00:03,985.6,879377
2021-06-21 10:00:06,985.6,879477
2021-06-21 10:00:06,985.6,879479
2021-06-21 10:00:08,985.5,879804
2021-06-21 10:00:09,985.8,879805
2021-06-21 10:00:10,985.6,879852
2021-06-21 10:00:11,985.6,879857
2021-06-21 10:00:12,985.8,879859
2021-06-21 10:00:13,985.8,879861
2021-06-21 10:00:14,985.1,881861
2021-06-21 10:00:15,985.1,881861
2021-06-21 10:00:16,985.6,881883
2021-06-21 10:00:18,985.8,881944
2021-06-21 10:00:18,985.8,881944
2021-06-21 10:00:19,985.8,881944
2021-06-21 10:00:20,985.8,881954
2021-06-21 10:00:21,985.8,881959
2021-06-21 10:00:22,985.75,881969
2021-06-21 10:00:23,985.7,882013
2021-06-21 10:00:24,985.7,882013
2021-06-21 10:00:25,985.65,882280
2021-06-21 10:00:26,985.65,882280
2021-06-21 10:00:27,985.65,882280
2021-06-21 10:00:29,985.6,882299
2021-06-21 10:00:30,985.6,882299
2021-06-21 10:00:31,985.6,882299
2021-06-21 10:00:32,985.6,882299
2021-06-21 10:00:33,985.6,882304
2021-06-21 10:00:34,985.6,882304
2021-06-21 10:00:37,985.65,882765
2021-06-21 10:00:38,985.65,882767
2021-06-21 10:00:40,985.65,882835
2021-06-21 10:00:41,985.9,885416
2021-06-21 10:00:41,985.9,885416
2021-06-21 10:00:42,985.7,885476
2021-06-21 10:00:44,985.9,885477
2021-06-21 10:00:45,985.9,885512
2021-06-21 10:00:46,986.0,885626
2021-06-21 10:00:47,986.0,886047
2021-06-21 10:00:49,986.0,886152
2021-06-21 10:00:51,986.0,886687
2021-06-21 10:00:52,985.9,886697
2021-06-21 10:00:52,985.9,886707
2021-06-21 10:00:54,986.0,886714
2021-06-21 10:00:55,986.5,888586
2021-06-21 10:00:56,987.0,890803
2021-06-21 10:00:57,986.9,891068
2021-06-21 10:00:58,986.9,891068
2021-06-21 10:00:59,986.4,891306
2021-06-21 10:01:00,986.4,891306
2021-06-21 10:01:01,986.4,891306
2021-06-21 10:01:02,986.7,891319
2021-06-21 10:01:04,986.15,891329
2021-06-21 10:01:05,986.0,891330
2021-06-21 10:01:06,986.55,891418
2021-06-21 10:01:08,986.65,891423
2021-06-21 10:01:08,986.65,891423
2021-06-21 10:01:09,986.75,891505
2021-06-21 10:01:10,986.75,891505
2021-06-21 10:01:11,986.5,891563
2021-06-21 10:01:12,986.55,891663
2021-06-21 10:01:14,986.9,891688
2021-06-21 10:01:16,987.0,892784
2021-06-21 10:01:17,987.1,892812
2021-06-21 10:01:18,986.8,893004
2021-06-21 10:01:19,987.0,893263
2021-06-21 10:01:21,987.0,893414
2021-06-21 10:01:21,987.0,893374
2021-06-21 10:01:23,987.0,893440
2021-06-21 10:01:23,986.75,893445
2021-06-21 10:01:24,987.0,893657
2021-06-21 10:01:25,987.0,893757
2021-06-21 10:01:26,986.75,893767
2021-06-21 10:01:27,986.55,893892
2021-06-21 10:01:28,986.9,893903
2021-06-21 10:01:29,986.9,894035
2021-06-21 10:01:30,986.55,894050
2021-06-21 10:01:31,986.9,894060
2021-06-21 10:01:33,986.9,894121
2021-06-21 10:01:33,986.9,894143
2021-06-21 10:01:34,986.9,894154
2021-06-21 10:01:36,986.9,894164
2021-06-21 10:01:37,986.6,894385
2021-06-21 10:01:38,986.6,894385
2021-06-21 10:01:39,987.9,896054
2021-06-21 10:01:40,987.95,896435
2021-06-21 10:01:44,987.7,898022
2021-06-21 10:01:45,987.85,898137
2021-06-21 10:01:46,988.0,898937
2021-06-21 10:01:47,987.9,899037
2021-06-21 10:01:48,988.0,899379
2021-06-21 10:01:49,988.0,899579
2021-06-21 10:01:51,988.0,899692
2021-06-21 10:01:52,988.0,899692
2021-06-21 10:01:52,987.85,899722
2021-06-21 10:01:53,987.85,899722
2021-06-21 10:01:54,987.9,899944
2021-06-21 10:01:55,987.9,899944
2021-06-21 10:01:56,987.9,900054
2021-06-21 10:01:57,987.5,900324
2021-06-21 10:01:59,987.3,900584
2021-06-21 10:02:00,987.85,900645
2021-06-21 10:02:00,987.85,900655
2021-06-21 10:02:01,987.85,901146
2021-06-21 10:02:02,987.85,901146
2021-06-21 10:02:04,987.5,901158
2021-06-21 10:02:04,987.5,901158
2021-06-21 10:02:06,987.6,901226
2021-06-21 10:02:11,987.5,902279
2021-06-21 10:02:12,987.5,902279
2021-06-21 10:02:12,987.5,902279
2021-06-21 10:02:13,986.9,902359
2021-06-21 10:02:14,986.75,902460
2021-06-21 10:02:18,986.75,902521
2021-06-21 10:02:19,987.0,902522
2021-06-21 10:02:20,986.75,902839
2021-06-21 10:02:21,986.75,902839
2021-06-21 10:02:21,986.75,902839
2021-06-21 10:02:22,987.15,902841
2021-06-21 10:02:24,987.0,902896
2021-06-21 10:02:24,987.0,902896
2021-06-21 10:02:25,987.2,902931
2021-06-21 10:02:26,987.2,902931
2021-06-21 10:02:27,987.15,902961
2021-06-21 10:02:28,987.0,903194
2021-06-21 10:02:29,986.75,903208
2021-06-21 10:02:30,986.75,903208
2021-06-21 10:02:31,986.75,903208
2021-06-21 10:02:32,986.75,903208
2021-06-21 10:02:33,986.55,903233
2021-06-21 10:02:34,986.55,903233
2021-06-21 10:02:35,986.55,903233
2021-06-21 10:02:36,986.5,903333
2021-06-21 10:02:37,986.5,903340
2021-06-21 10:02:38,986.5,903365
2021-06-21 10:02:40,986.95,903366
2021-06-21 10:02:41,987.5,904319
2021-06-21 10:02:41,986.85,904329
2021-06-21 10:02:42,987.4,904375
2021-06-21 10:02:43,986.85,904625
2021-06-21 10:02:44,987.35,904875
2021-06-21 10:02:45,987.1,904880
2021-06-21 10:02:47,987.2,905010
2021-06-21 10:02:48,986.9,905111
2021-06-21 10:02:49,987.0,905114
2021-06-21 10:02:50,987.45,906470
2021-06-21 10:02:51,987.45,906470
2021-06-21 10:02:51,987.05,906970
2021-06-21 10:02:52,987.6,906974
2021-06-21 10:02:53,987.45,907175
2021-06-21 10:02:55,987.5,907178
2021-06-21 10:02:56,987.2,907328
2021-06-21 10:02:56,987.2,907328
2021-06-21 10:02:57,987.6,907374
2021-06-21 10:02:58,987.6,907377
2021-06-21 10:03:00,987.3,907387
2021-06-21 10:03:01,987.6,907389
2021-06-21 10:03:02,987.6,907417
2021-06-21 10:03:03,987.6,907423
2021-06-21 10:03:04,987.6,908856
2021-06-21 10:03:04,987.45,908858
2021-06-21 10:03:05,987.75,908859
2021-06-21 10:03:06,987.7,908964
2021-06-21 10:03:07,987.5,908983
2021-06-21 10:03:08,987.5,908994
2021-06-21 10:03:10,987.5,909247
2021-06-21 10:03:11,987.5,909247
2021-06-21 10:03:12,987.45,909277
2021-06-21 10:03:13,987.5,909285
2021-06-21 10:03:14,987.6,909286
2021-06-21 10:03:15,987.85,909288
2021-06-21 10:03:17,987.75,909339
2021-06-21 10:03:18,987.65,909342
2021-06-21 10:03:19,987.65,909342
2021-06-21 10:03:20,987.65,909343
2021-06-21 10:03:21,987.9,909543
2021-06-21 10:03:22,987.65,909635
2021-06-21 10:03:23,987.65,909649
2021-06-21 10:03:25,987.65,909649
2021-06-21 10:03:26,987.45,909752
2021-06-21 10:03:27,987.45,909752
2021-06-21 10:03:28,987.6,909802
2021-06-21 10:03:29,987.6,909802
2021-06-21 10:03:29,987.6,909802
2021-06-21 10:03:30,987.6,909802
2021-06-21 10:03:31,987.55,909860
2021-06-21 10:03:32,987.55,909860
2021-06-21 10:03:33,987.1,910986
2021-06-21 10:03:34,987.65,911341
2021-06-21 10:03:35,987.65,911341
2021-06-21 10:03:36,987.65,911341
2021-06-21 10:03:37,987.65,911341
2021-06-21 10:03:39,987.0,911369
2021-06-21 10:03:40,987.0,911369
2021-06-21 10:03:41,987.5,911374
2021-06-21 10:03:42,987.5,911374
2021-06-21 10:03:43,987.5,911374
2021-06-21 10:03:43,987.5,911374
2021-06-21 10:03:44,987.5,911374
2021-06-21 10:03:45,987.1,911625
2021-06-21 10:03:46,987.1,911694
2021-06-21 10:03:47,987.1,911694
2021-06-21 10:03:49,987.1,911835
2021-06-21 10:03:50,987.4,911838
2021-06-21 10:03:50,987.4,911838
2021-06-21 10:03:51,987.4,911838
2021-06-21 10:03:52,987.4,911850
2021-06-21 10:03:53,987.05,911891
2021-06-21 10:03:54,987.1,911894
2021-06-21 10:03:55,987.1,911926
2021-06-21 10:03:56,987.1,911926
2021-06-21 10:03:58,987.7,912226
2021-06-21 10:03:59,987.9,912846
2021-06-21 10:04:00,987.9,912946
2021-06-21 10:04:01,987.9,912946
2021-06-21 10:04:01,987.9,912946
2021-06-21 10:04:02,987.9,912961
2021-06-21 10:04:03,987.9,912961
2021-06-21 10:04:04,987.45,913016
2021-06-21 10:04:05,987.45,913017
2021-06-21 10:04:06,987.2,913523
2021-06-21 10:04:07,987.85,913603
2021-06-21 10:04:09,987.6,913606
2021-06-21 10:04:10,987.6,913606
2021-06-21 10:04:10,987.8,913616
2021-06-21 10:04:11,987.65,913639
2021-06-21 10:04:12,987.4,913660
2021-06-21 10:04:13,987.3,913686
2021-06-21 10:04:14,987.2,913786
2021-06-21 10:04:15,987.2,913786
2021-06-21 10:04:16,987.2,914186
2021-06-21 10:04:17,987.2,914707
2021-06-21 10:04:19,987.2,914717
2021-06-21 10:04:20,986.75,916592
2021-06-21 10:04:21,986.95,916605
2021-06-21 10:04:22,986.8,917146
2021-06-21 10:04:23,986.8,917146
2021-06-21 10:04:23,986.8,917146
2021-06-21 10:04:26,986.35,917156
2021-06-21 10:04:27,986.35,917156
2021-06-21 10:04:28,986.35,917156
2021-06-21 10:04:29,986.35,917156
2021-06-21 10:04:29,986.35,917156
2021-06-21 10:04:30,986.35,917156
2021-06-21 10:04:31,986.35,917156
2021-06-21 10:04:32,986.35,917156
2021-06-21 10:04:33,986.8,917208
2021-06-21 10:04:34,986.8,917208
2021-06-21 10:04:36,986.55,917238
2021-06-21 10:04:37,986.6,917436
2021-06-21 10:04:38,986.6,917436
2021-06-21 10:04:39,986.7,917526
2021-06-21 10:04:40,986.3,917665
2021-06-21 10:04:40,986.3,917665
2021-06-21 10:04:41,986.3,917665
2021-06-21 10:04:42,986.3,917665
2021-06-21 10:04:44,986.3,917665
2021-06-21 10:04:45,986.3,917665
2021-06-21 10:04:46,986.3,917665
2021-06-21 10:04:47,987.35,917875
2021-06-21 10:04:47,986.75,917876
2021-06-21 10:04:48,986.75,917876
2021-06-21 10:04:49,986.75,917876
2021-06-21 10:04:51,986.95,917886
2021-06-21 10:04:52,986.45,917887
2021-06-21 10:04:51,986.95,917886
2021-06-21 10:04:53,986.45,917887
2021-06-21 10:04:54,986.7,917888
2021-06-21 10:04:56,986.7,917892
2021-06-21 10:04:57,986.95,918507
2021-06-21 10:04:59,986.95,918507
2021-06-21 10:05:00,986.95,918507
2021-06-21 10:05:01,987.3,919017
2021-06-21 10:05:02,987.2,919019
2021-06-21 10:05:03,987.2,919147
2021-06-21 10:05:03,987.2,919147
2021-06-21 10:05:04,986.65,919180
2021-06-21 10:05:05,987.0,919210
2021-06-21 10:05:06,987.0,919210
2021-06-21 10:05:08,987.0,919210
2021-06-21 10:05:09,987.1,919345
2021-06-21 10:05:10,987.2,919466
2021-06-21 10:05:11,987.0,919467
2021-06-21 10:05:11,987.0,919467
2021-06-21 10:05:12,987.3,919567
2021-06-21 10:05:13,987.3,919567
2021-06-21 10:05:14,987.3,919567
2021-06-21 10:05:15,987.45,919617
2021-06-21 10:05:17,987.45,919617
2021-06-21 10:05:19,987.45,919617
2021-06-21 10:05:19,987.45,919617
2021-06-21 10:05:20,987.45,919617
2021-06-21 10:05:21,987.45,919617
2021-06-21 10:05:23,987.5,919817
2021-06-21 10:05:24,987.2,919934
2021-06-21 10:05:25,987.45,919954
2021-06-21 10:05:26,987.45,919954
2021-06-21 10:05:27,987.2,919976
2021-06-21 10:05:28,987.5,920074
2021-06-21 10:05:28,987.5,920074
2021-06-21 10:05:30,987.2,920125
2021-06-21 10:05:30,987.5,920127
2021-06-21 10:05:31,987.5,920127
2021-06-21 10:05:32,987.5,920127
2021-06-21 10:05:33,987.45,920137
2021-06-21 10:05:34,987.45,920137
2021-06-21 10:05:35,987.0,920142
2021-06-21 10:05:36,987.0,920142
2021-06-21 10:05:38,987.0,920404
2021-06-21 10:05:39,987.3,920675
2021-06-21 10:05:40,987.3,920675
2021-06-21 10:05:41,987.4,920741
2021-06-21 10:05:43,987.4,920741
2021-06-21 10:05:43,987.4,920741
2021-06-21 10:05:44,987.35,920821
2021-06-21 10:05:46,987.35,920821
2021-06-21 10:05:47,987.35,920821
2021-06-21 10:05:48,987.4,920980
2021-06-21 10:05:49,987.35,921005
2021-06-21 10:05:50,987.35,921015
2021-06-21 10:05:51,987.3,922409
2021-06-21 10:05:51,987.3,922409
2021-06-21 10:05:53,987.3,922454
2021-06-21 10:05:53,987.3,922454
2021-06-21 10:05:54,987.3,922554
2021-06-21 10:05:56,987.05,922634
2021-06-21 10:05:57,987.1,922684
2021-06-21 10:05:58,987.1,922684
2021-06-21 10:05:59,987.15,922700
2021-06-21 10:06:00,987.15,922700
2021-06-21 10:06:01,987.15,922700
2021-06-21 10:06:02,987.15,922700
2021-06-21 10:06:03,987.15,922700
2021-06-21 10:06:03,987.15,922700
2021-06-21 10:06:04,987.15,922700
2021-06-21 10:06:05,987.15,922700
2021-06-21 10:06:07,987.15,922700
2021-06-21 10:06:08,987.15,922850
2021-06-21 10:06:09,987.05,922870
2021-06-21 10:06:10,987.05,922870
2021-06-21 10:06:11,987.0,925232
2021-06-21 10:06:12,987.0,925232
2021-06-21 10:06:13,987.0,925232
2021-06-21 10:06:14,987.0,925232
2021-06-21 10:06:16,987.15,925523
2021-06-21 10:06:17,987.0,925526
2021-06-21 10:06:18,987.0,925526
2021-06-21 10:06:20,987.2,925547
2021-06-21 10:06:20,987.2,925543
2021-06-21 10:06:21,987.0,925554
2021-06-21 10:06:23,987.0,925554
2021-06-21 10:06:24,986.5,925684
2021-06-21 10:06:25,986.5,925684
2021-06-21 10:06:26,986.5,925684
2021-06-21 10:06:27,986.6,925734
2021-06-21 10:06:28,986.7,925779
2021-06-21 10:06:28,986.7,925779
2021-06-21 10:06:29,987.0,925782
2021-06-21 10:06:30,987.0,925782
2021-06-21 10:06:32,987.0,925782
2021-06-21 10:06:33,987.0,925782
2021-06-21 10:06:34,987.0,925792
2021-06-21 10:06:35,987.0,925792
2021-06-21 10:06:36,987.0,925792
2021-06-21 10:06:37,986.95,925892
2021-06-21 10:06:37,986.95,925892
2021-06-21 10:06:38,986.95,925892
2021-06-21 10:06:39,986.65,925902
2021-06-21 10:06:40,986.95,925912
2021-06-21 10:06:41,986.95,925914
2021-06-21 10:06:43,986.95,925914
2021-06-21 10:06:44,986.95,925914
2021-06-21 10:06:45,986.95,925914
2021-06-21 10:06:46,986.9,925924
2021-06-21 10:06:47,986.9,925924
2021-06-21 10:06:47,986.9,925924
2021-06-21 10:06:48,986.6,925934
2021-06-21 10:06:49,986.6,925934
2021-06-21 10:06:51,986.9,925944
2021-06-21 10:06:52,986.9,925944
2021-06-21 10:06:53,986.9,925944
2021-06-21 10:06:53,987.0,926945
2021-06-21 10:06:54,987.0,926945
2021-06-21 10:06:56,986.6,926965
2021-06-21 10:06:57,987.0,927015
2021-06-21 10:06:58,987.0,927016
2021-06-21 10:06:59,987.0,927016
2021-06-21 10:07:00,987.0,927016
2021-06-21 10:07:01,987.0,927116
2021-06-21 10:07:01,987.0,927116
2021-06-21 10:07:02,987.0,927116
2021-06-21 10:07:03,987.0,927116
2021-06-21 10:07:05,986.65,927117
2021-06-21 10:07:06,986.7,927230
2021-06-21 10:07:07,986.7,927230
2021-06-21 10:07:08,986.7,927230
2021-06-21 10:07:09,986.6,927232
2021-06-21 10:07:10,986.9,927807
2021-06-21 10:07:10,986.9,927807
2021-06-21 10:07:11,986.45,927875
2021-06-21 10:07:13,986.45,927875
2021-06-21 10:07:14,986.45,927875
2021-06-21 10:07:15,986.65,927918
2021-06-21 10:07:16,986.65,927918
2021-06-21 10:07:17,986.5,928008
2021-06-21 10:07:18,986.5,928058
2021-06-21 10:07:18,986.5,928058
2021-06-21 10:07:20,986.5,928058
2021-06-21 10:07:22,986.55,928161
2021-06-21 10:07:23,986.55,928161
2021-06-21 10:07:24,986.55,928161
2021-06-21 10:07:24,986.55,928161
2021-06-21 10:07:25,986.6,928261
2021-06-21 10:07:27,986.6,928261
2021-06-21 10:07:28,986.6,928261
2021-06-21 10:07:29,986.95,928274
2021-06-21 10:07:29,986.95,928274
2021-06-21 10:07:30,986.95,928414
2021-06-21 10:07:31,986.95,928414
2021-06-21 10:07:32,986.95,928414
2021-06-21 10:07:33,986.95,928414
2021-06-21 10:07:35,986.95,928465
2021-06-21 10:07:36,986.95,928465
2021-06-21 10:07:37,986.65,928715
2021-06-21 10:07:38,986.65,928715
2021-06-21 10:07:38,986.65,928715
2021-06-21 10:07:40,986.95,928725
2021-06-21 10:07:41,986.95,928741
2021-06-21 10:07:42,986.95,928743
2021-06-21 10:07:43,986.95,928763
2021-06-21 10:07:44,986.7,928813
2021-06-21 10:07:45,986.7,928813
2021-06-21 10:07:46,986.7,928818
2021-06-21 10:07:47,986.7,928820
2021-06-21 10:07:48,986.9,928919
2021-06-21 10:07:49,986.9,928919
2021-06-21 10:07:50,986.9,928919
2021-06-21 10:07:51,986.9,928964
2021-06-21 10:07:52,986.9,928984
2021-06-21 10:07:53,986.95,929104
2021-06-21 10:07:54,986.95,929304
2021-06-21 10:07:55,986.95,929304
2021-06-21 10:07:56,986.95,929304
2021-06-21 10:07:57,986.95,929304
2021-06-21 10:07:58,986.95,929354
2021-06-21 10:07:59,986.95,929354
2021-06-21 10:08:00,986.95,929354
2021-06-21 10:08:01,986.95,929354
2021-06-21 10:08:03,987.0,934621
2021-06-21 10:08:04,987.0,934621
2021-06-21 10:08:05,987.0,934621
2021-06-21 10:08:06,986.85,934661
2021-06-21 10:08:07,986.85,934661
2021-06-21 10:08:08,986.65,934761
2021-06-21 10:08:08,986.65,934761
2021-06-21 10:08:10,987.0,935840
2021-06-21 10:08:11,987.0,935840
2021-06-21 10:08:12,987.0,935840
2021-06-21 10:08:13,987.95,940231
2021-06-21 10:08:13,987.9,940251
2021-06-21 10:08:14,987.45,940351
2021-06-21 10:08:15,987.95,940395
2021-06-21 10:08:16,987.95,940395
2021-06-21 10:08:17,987.95,940395
2021-06-21 10:08:18,987.9,941368
2021-06-21 10:08:20,987.4,941373
2021-06-21 10:08:21,987.85,941388
2021-06-21 10:08:22,987.5,941688
2021-06-21 10:08:23,987.5,941688
2021-06-21 10:08:24,987.7,941788
2021-06-21 10:08:24,987.7,941788
2021-06-21 10:08:25,987.5,941994
2021-06-21 10:08:27,987.5,941994
2021-06-21 10:08:28,987.5,941994
2021-06-21 10:08:30,987.4,942011
2021-06-21 10:08:31,987.4,942011
2021-06-21 10:08:32,987.35,942136
2021-06-21 10:08:33,987.35,942136
2021-06-21 10:08:34,987.4,942145
2021-06-21 10:08:35,987.4,942145
2021-06-21 10:08:36,987.4,942145
2021-06-21 10:08:37,987.75,942245
2021-06-21 10:08:38,987.65,942310
2021-06-21 10:08:39,987.65,942310
2021-06-21 10:08:40,987.45,942366
2021-06-21 10:08:41,987.45,942619
2021-06-21 10:08:43,987.75,942731
2021-06-21 10:08:44,987.75,942731
2021-06-21 10:08:45,987.75,942734
2021-06-21 10:08:46,987.8,943012
2021-06-21 10:08:47,987.6,943013
2021-06-21 10:08:48,987.6,943013
2021-06-21 10:08:49,987.6,943013
2021-06-21 10:08:50,987.6,943013
2021-06-21 10:08:51,987.75,943073
2021-06-21 10:08:52,987.8,943090
2021-06-21 10:08:53,987.8,943211
2021-06-21 10:08:54,987.5,943220
2021-06-21 10:08:55,987.8,943241
2021-06-21 10:08:56,987.8,943241
2021-06-21 10:08:57,987.6,943266
2021-06-21 10:08:58,987.55,943325
2021-06-21 10:08:59,987.55,943325
2021-06-21 10:09:01,987.8,943542
2021-06-21 10:09:02,987.9,943622
2021-06-21 10:09:03,987.9,943622
2021-06-21 10:09:04,987.7,943917
2021-06-21 10:09:05,987.75,943927
2021-06-21 10:09:06,987.75,943927
2021-06-21 10:09:07,987.8,943937
2021-06-21 10:09:08,987.9,944037
2021-06-21 10:09:09,987.9,944037
2021-06-21 10:09:10,987.5,944064
2021-06-21 10:09:11,987.85,944164
2021-06-21 10:09:12,987.85,944706
2021-06-21 10:09:13,987.85,944706
2021-06-21 10:09:14,987.5,944756
2021-06-21 10:09:15,987.5,944857
2021-06-21 10:09:16,987.5,944857
2021-06-21 10:09:17,987.5,944857
2021-06-21 10:09:19,987.5,944861
2021-06-21 10:09:21,987.5,944887
2021-06-21 10:09:22,987.5,944887
2021-06-21 10:09:24,987.75,944912
