timestamp,ltp,volume
2021-06-21 09:16:41,648.1,333025
2021-06-21 09:16:41,648.1,333025
2021-06-21 09:16:42,648.75,335468
2021-06-21 09:16:43,649.05,338613
2021-06-21 09:16:44,648.85,339841
2021-06-21 09:16:45,649.2,342724
2021-06-21 09:16:47,649.1,348562
2021-06-21 09:16:48,648.3,358397
2021-06-21 09:16:49,648.85,363087
2021-06-21 09:16:50,648.7,368625
2021-06-21 09:16:53,648.4,375300
2021-06-21 09:16:54,649.0,378678
2021-06-21 09:16:55,649.55,382877
2021-06-21 09:16:56,649.25,383456
2021-06-21 09:16:57,649.25,383646
2021-06-21 09:16:58,649.1,386496
2021-06-21 09:16:59,649.35,390148
2021-06-21 09:17:00,648.45,395495
2021-06-21 09:17:01,648.65,399288
2021-06-21 09:17:02,648.5,400411
2021-06-21 09:17:03,648.5,402282
2021-06-21 09:17:04,648.05,404736
2021-06-21 09:17:05,648.4,404778
2021-06-21 09:17:06,648.0,405998
2021-06-21 09:17:09,648.05,411043
2021-06-21 09:17:11,648.0,414624
2021-06-21 09:17:13,648.3,443227
2021-06-21 09:17:14,648.4,443601
2021-06-21 09:17:15,648.0,444829
2021-06-21 09:17:16,648.3,447194
2021-06-21 09:17:17,648.3,448684
2021-06-21 09:17:18,648.0,452234
2021-06-21 09:17:19,648.75,453214
2021-06-21 09:17:20,648.65,453685
2021-06-21 09:17:21,648.75,455478
2021-06-21 09:17:22,648.8,455915
2021-06-21 09:17:23,648.8,456355
2021-06-21 09:17:24,649.0,461958
2021-06-21 09:17:25,648.95,463779
2021-06-21 09:17:26,649.3,464149
2021-06-21 09:17:27,649.35,464710
2021-06-21 09:17:28,649.0,465003
2021-06-21 09:17:29,649.1,468317
2021-06-21 09:17:30,649.1,468441
2021-06-21 09:17:31,649.55,470132
2021-06-21 09:17:32,649.1,471652
2021-06-21 09:17:34,649.7,472949
2021-06-21 09:17:35,649.45,473420
2021-06-21 09:17:37,649.8,479840
2021-06-21 09:17:38,650.0,481364
2021-06-21 09:17:40,650.0,481976
2021-06-21 09:17:41,650.0,482819
2021-06-21 09:17:42,649.65,489315
2021-06-21 09:17:43,649.7,490772
2021-06-21 09:17:44,650.0,491561
2021-06-21 09:17:44,650.1,492162
2021-06-21 09:17:46,650.5,493738
2021-06-21 09:17:47,650.3,495466
2021-06-21 09:17:48,650.25,496618
2021-06-21 09:17:49,650.1,498417
2021-06-21 09:17:50,650.25,499978
2021-06-21 09:17:51,650.6,503583
2021-06-21 09:17:51,650.6,503683
2021-06-21 09:17:52,650.6,504588
2021-06-21 09:17:53,650.5,510089
2021-06-21 09:17:54,650.4,510758
2021-06-21 09:17:56,650.75,513978
2021-06-21 09:17:56,650.55,514035
2021-06-21 09:17:58,650.95,516034
2021-06-21 09:17:58,651.0,517102
2021-06-21 09:17:59,651.05,519275
2021-06-21 09:18:00,650.85,523314
2021-06-21 09:18:01,650.95,523566
2021-06-21 09:18:03,650.95,524406
2021-06-21 09:18:04,650.95,525476
2021-06-21 09:18:06,650.5,528006
2021-06-21 09:18:07,650.35,530018
2021-06-21 09:18:08,650.25,532288
2021-06-21 09:18:08,650.5,532506
2021-06-21 09:18:09,650.5,534775
2021-06-21 09:18:11,650.35,539885
2021-06-21 09:18:11,650.45,539992
2021-06-21 09:18:13,650.45,542503
2021-06-21 09:18:14,650.45,542792
2021-06-21 09:18:15,650.2,543726
2021-06-21 09:18:15,650.6,544825
2021-06-21 09:18:16,650.25,545701
2021-06-21 09:18:18,650.7,547907
2021-06-21 09:18:19,651.25,551557
2021-06-21 09:18:20,651.05,551766
2021-06-21 09:18:21,651.2,552409
2021-06-21 09:18:21,651.45,552405
2021-06-21 09:18:22,651.2,552498
2021-06-21 09:18:24,651.3,554790
2021-06-21 09:18:24,651.35,555065
2021-06-21 09:18:25,651.35,555234
2021-06-21 09:18:27,651.8,561527
2021-06-21 09:18:29,651.7,563232
2021-06-21 09:18:29,651.65,563635
2021-06-21 09:18:31,651.5,564727
2021-06-21 09:18:32,651.0,565320
2021-06-21 09:18:32,651.35,565619
2021-06-21 09:18:33,651.1,566625
2021-06-21 09:18:34,651.0,569209
2021-06-21 09:18:35,651.15,571307
2021-06-21 09:18:36,650.7,571831
2021-06-21 09:18:39,651.0,574931
2021-06-21 09:18:40,651.2,575207
2021-06-21 09:18:41,651.0,576022
2021-06-21 09:18:43,650.95,578801
2021-06-21 09:18:43,650.95,578801
2021-06-21 09:18:45,651.35,581854
2021-06-21 09:18:45,651.0,581654
2021-06-21 09:18:47,651.15,582730
2021-06-21 09:18:47,651.6,585177
2021-06-21 09:18:49,651.9,586487
2021-06-21 09:18:50,651.9,587207
2021-06-21 09:18:52,651.95,590397
2021-06-21 09:18:53,652.35,590912
2021-06-21 09:18:54,652.35,592413
2021-06-21 09:18:55,652.35,593357
2021-06-21 09:18:56,652.3,594390
2021-06-21 09:18:58,652.0,598265
2021-06-21 09:18:58,652.0,598309
2021-06-21 09:19:00,652.3,599324
2021-06-21 09:19:01,652.0,599844
2021-06-21 09:19:02,652.3,601234
2021-06-21 09:19:03,652.75,602249
2021-06-21 09:19:03,652.8,602354
2021-06-21 09:19:04,652.55,603032
2021-06-21 09:19:07,652.9,606056
2021-06-21 09:19:10,653.4,614017
2021-06-21 09:19:11,653.0,615206
2021-06-21 09:19:13,653.45,618008
2021-06-21 09:19:13,653.45,618276
2021-06-21 09:19:15,653.05,619781
2021-06-21 09:19:16,653.75,620445
2021-06-21 09:19:17,653.7,621799
2021-06-21 09:19:18,653.7,622684
2021-06-21 09:19:18,653.8,622893
2021-06-21 09:19:20,654.0,625945
2021-06-21 09:19:21,653.55,628800
2021-06-21 09:19:22,653.65,628895
2021-06-21 09:19:23,654.25,632167
2021-06-21 09:19:23,654.25,632187
2021-06-21 09:19:24,654.0,632752
2021-06-21 09:19:25,654.3,633842
2021-06-21 09:19:26,653.9,635589
2021-06-21 09:19:27,654.4,636889
2021-06-21 09:19:28,654.35,637922
2021-06-21 09:19:30,654.55,643574
2021-06-21 09:19:31,654.75,645024
2021-06-21 09:19:31,654.3,645076
2021-06-21 09:19:32,654.8,646622
2021-06-21 09:19:33,654.8,646994
2021-06-21 09:19:34,654.75,647454
2021-06-21 09:19:35,654.3,650688
2021-06-21 09:19:36,654.45,653335
2021-06-21 09:19:37,654.8,654694
2021-06-21 09:19:39,654.75,656591
2021-06-21 09:19:39,654.75,656591
2021-06-21 09:19:40,654.65,656908
2021-06-21 09:19:41,654.75,659607
2021-06-21 09:19:42,654.35,662492
2021-06-21 09:19:43,654.7,663566
2021-06-21 09:19:44,654.65,663788
2021-06-21 09:19:45,654.55,665439
2021-06-21 09:19:46,654.8,667645
2021-06-21 09:19:47,654.45,668665
2021-06-21 09:19:48,654.6,669656
2021-06-21 09:19:51,654.55,672831
2021-06-21 09:19:52,654.15,675221
2021-06-21 09:19:52,654.15,675221
2021-06-21 09:19:53,654.4,676059
2021-06-21 09:19:55,654.15,680547
2021-06-21 09:19:56,653.85,681305
2021-06-21 09:19:57,654.35,686459
2021-06-21 09:19:58,654.0,687082
2021-06-21 09:19:59,654.3,692482
2021-06-21 09:20:00,654.0,693121
2021-06-21 09:20:01,653.95,695952
2021-06-21 09:20:02,654.15,700399
2021-06-21 09:20:02,653.9,703617
2021-06-21 09:20:03,653.8,705787
2021-06-21 09:20:05,653.95,710748
2021-06-21 09:20:06,654.2,712472
2021-06-21 09:20:06,654.4,712597
2021-06-21 09:20:07,654.15,713860
2021-06-21 09:20:09,653.9,715101
2021-06-21 09:20:10,653.85,718959
2021-06-21 09:20:11,654.0,720874
2021-06-21 09:20:12,653.8,722304
2021-06-21 09:20:13,654.0,728420
2021-06-21 09:20:14,654.65,734869
2021-06-21 09:20:15,654.0,738555
2021-06-21 09:20:15,654.0,739256
2021-06-21 09:20:16,653.8,740177
2021-06-21 09:20:18,654.0,745837
2021-06-21 09:20:18,654.0,745920
2021-06-21 09:20:20,653.65,748044
2021-06-21 09:20:21,654.0,748473
2021-06-21 09:20:22,653.65,750352
2021-06-21 09:20:23,653.5,751887
2021-06-21 09:20:24,653.8,752141
2021-06-21 09:20:24,653.45,753095
2021-06-21 09:20:26,653.7,753689
2021-06-21 09:20:26,653.45,753739
2021-06-21 09:20:28,653.65,760835
2021-06-21 09:20:29,654.55,766279
2021-06-21 09:20:30,654.85,774667
2021-06-21 09:20:31,654.75,777671
2021-06-21 09:20:32,654.75,777945
2021-06-21 09:20:33,654.8,778225
2021-06-21 09:20:34,654.85,780346
2021-06-21 09:20:35,655.1,782204
2021-06-21 09:20:36,655.45,786501
2021-06-21 09:20:37,655.4,787048
2021-06-21 09:20:38,655.4,787637
2021-06-21 09:20:39,655.2,789041
2021-06-21 09:20:40,655.75,790785
2021-06-21 09:20:41,656.4,796686
2021-06-21 09:20:43,656.55,801296
2021-06-21 09:20:44,656.3,803395
2021-06-21 09:20:45,656.3,805403
2021-06-21 09:20:46,656.35,806119
2021-06-21 09:20:47,656.8,809983
2021-06-21 09:20:48,657.0,815981
2021-06-21 09:20:48,657.05,816167
2021-06-21 09:20:49,657.3,818520
2021-06-21 09:20:53,657.65,824787
2021-06-21 09:20:53,657.6,825037
2021-06-21 09:20:54,658.25,844697
2021-06-21 09:20:55,658.05,847208
2021-06-21 09:20:57,658.15,851960
2021-06-21 09:20:58,658.0,852466
2021-06-21 09:20:59,658.2,854480
2021-06-21 09:21:00,657.5,856743
2021-06-21 09:21:01,657.8,857111
2021-06-21 09:21:02,658.0,860178
2021-06-21 09:21:03,658.0,861393
2021-06-21 09:21:03,657.75,861487
2021-06-21 09:21:04,657.9,864474
2021-06-21 09:21:06,657.8,868486
2021-06-21 09:21:07,658.2,870335
2021-06-21 09:21:08,657.95,871293
2021-06-21 09:21:09,657.6,872849
2021-06-21 09:21:10,658.0,875348
2021-06-21 09:21:11,657.8,877374
2021-06-21 09:21:12,657.75,878373
2021-06-21 09:21:15,657.6,886060
2021-06-21 09:21:15,657.55,886459
2021-06-21 09:21:16,657.7,889312
2021-06-21 09:21:18,657.4,892775
2021-06-21 09:21:18,657.35,893408
2021-06-21 09:21:19,657.25,894897
2021-06-21 09:21:21,657.15,897193
2021-06-21 09:21:22,657.3,897982
2021-06-21 09:21:24,657.15,900309
2021-06-21 09:21:24,657.25,898573
2021-06-21 09:21:27,657.5,904605
2021-06-21 09:21:28,657.15,905674
2021-06-21 09:21:29,657.6,906316
2021-06-21 09:21:30,657.35,906895
2021-06-21 09:21:30,657.5,906979
2021-06-21 09:21:31,657.45,907781
2021-06-21 09:21:33,657.7,910837
2021-06-21 09:21:34,657.6,911436
2021-06-21 09:21:35,657.65,913177
2021-06-21 09:21:36,657.7,914449
2021-06-21 09:21:37,658.2,919488
2021-06-21 09:21:39,658.4,920746
2021-06-21 09:21:39,658.2,920430
2021-06-21 09:21:42,658.8,923717
2021-06-21 09:21:43,658.45,924214
2021-06-21 09:21:44,659.0,925671
2021-06-21 09:21:45,658.8,927571
2021-06-21 09:21:47,659.1,929146
2021-06-21 09:21:46,659.15,928507
2021-06-21 09:21:48,658.95,931743
2021-06-21 09:21:48,658.95,931865
2021-06-21 09:21:50,659.05,933286
2021-06-21 09:21:51,659.4,936259
2021-06-21 09:21:52,659.1,940115
2021-06-21 09:21:53,659.1,940920
2021-06-21 09:21:54,659.45,944199
2021-06-21 09:21:55,659.3,945781
2021-06-21 09:21:57,659.45,946169
2021-06-21 09:21:58,659.15,948245
2021-06-21 09:21:59,659.45,949869
2021-06-21 09:22:00,659.45,950607
2021-06-21 09:22:01,659.25,951638
2021-06-21 09:22:02,659.45,953893
2021-06-21 09:22:03,659.45,955619
2021-06-21 09:22:04,659.75,957777
2021-06-21 09:22:05,659.85,967871
2021-06-21 09:22:06,659.8,971380
2021-06-21 09:22:07,659.6,971603
2021-06-21 09:22:08,659.65,972020
2021-06-21 09:22:09,659.8,976777
2021-06-21 09:22:10,660.15,978268
2021-06-21 09:22:10,660.15,978268
2021-06-21 09:22:11,660.7,981808
2021-06-21 09:22:12,660.4,983518
2021-06-21 09:22:14,660.85,987941
2021-06-21 09:22:15,660.6,990929
2021-06-21 09:22:16,661.0,992343
2021-06-21 09:22:17,660.5,996131
2021-06-21 09:22:18,660.85,1001120
2021-06-21 09:22:19,660.95,1002357
2021-06-21 09:22:20,659.85,1011134
2021-06-21 09:22:21,660.1,1013572
2021-06-21 09:22:21,660.1,1013622
2021-06-21 09:22:22,659.5,1022568
2021-06-21 09:22:23,659.9,1024592
2021-06-21 09:22:25,660.5,1028379
2021-06-21 09:22:26,660.0,1029838
2021-06-21 09:22:27,659.85,1036056
2021-06-21 09:22:28,659.8,1037241
2021-06-21 09:22:28,659.8,1038681
2021-06-21 09:22:29,659.75,1039348
2021-06-21 09:22:30,659.85,1040330
2021-06-21 09:22:31,660.25,1042936
2021-06-21 09:22:32,660.3,1044142
2021-06-21 09:22:33,659.75,1045126
2021-06-21 09:22:35,659.7,1052165
2021-06-21 09:22:36,659.7,1053998
2021-06-21 09:22:37,659.3,1055852
2021-06-21 09:22:38,659.7,1058214
2021-06-21 09:22:39,659.9,1058858
2021-06-21 09:22:40,659.7,1059777
2021-06-21 09:22:41,659.5,1060653
2021-06-21 09:22:42,659.6,1061609
2021-06-21 09:22:43,659.5,1064528
2021-06-21 09:22:44,659.5,1065715
2021-06-21 09:22:45,659.5,1068655
2021-06-21 09:22:46,659.4,1069473
2021-06-21 09:22:47,659.5,1070944
2021-06-21 09:22:48,659.25,1076797
2021-06-21 09:22:49,659.0,1078054
2021-06-21 09:22:50,659.4,1078541
2021-06-21 09:22:52,658.95,1085671
2021-06-21 09:22:53,658.7,1085875
2021-06-21 09:22:54,659.15,1088032
2021-06-21 09:22:55,659.5,1092465
2021-06-21 09:22:56,659.6,1093724
2021-06-21 09:22:57,659.9,1101335
2021-06-21 09:22:58,660.0,1105172
2021-06-21 09:22:58,660.0,1105447
2021-06-21 09:23:00,660.3,1107851
2021-06-21 09:23:01,659.9,1110296
2021-06-21 09:23:02,660.25,1110989
2021-06-21 09:23:02,659.6,1111435
2021-06-21 09:23:03,659.35,1112625
2021-06-21 09:23:04,659.3,1114121
2021-06-21 09:23:05,659.35,1114876
2021-06-21 09:23:06,659.6,1115148
2021-06-21 09:23:07,659.45,1117010
2021-06-21 09:23:08,659.25,1117413
2021-06-21 09:23:09,659.15,1117718
2021-06-21 09:23:10,659.15,1119901
2021-06-21 09:23:11,659.55,1122249
2021-06-21 09:23:12,659.6,1124051
2021-06-21 09:23:13,659.1,1125021
2021-06-21 09:23:14,659.3,1125267
2021-06-21 09:23:15,659.3,1125792
2021-06-21 09:23:16,659.75,1127534
2021-06-21 09:23:17,659.35,1127863
2021-06-21 09:23:18,659.55,1130273
2021-06-21 09:23:20,659.15,1130984
2021-06-21 09:23:21,659.05,1131570
2021-06-21 09:23:22,659.25,1133400
2021-06-21 09:23:23,659.5,1134336
2021-06-21 09:23:24,659.5,1137473
2021-06-21 09:23:25,659.45,1137809
2021-06-21 09:23:26,659.6,1138055
2021-06-21 09:23:27,659.4,1139531
2021-06-21 09:23:28,659.9,1141037
2021-06-21 09:23:28,659.55,1141309
2021-06-21 09:23:29,659.6,1141999
2021-06-21 09:23:30,660.0,1145540
2021-06-21 09:23:31,659.4,1148125
2021-06-21 09:23:32,659.4,1148880
2021-06-21 09:23:33,659.45,1149263
2021-06-21 09:23:34,659.65,1149949
2021-06-21 09:23:35,659.6,1151792
2021-06-21 09:23:36,660.0,1155636
2021-06-21 09:23:38,659.65,1156340
2021-06-21 09:23:39,659.6,1156651
2021-06-21 09:23:40,659.55,1158180
2021-06-21 09:23:41,659.55,1158480
2021-06-21 09:23:42,659.9,1158681
2021-06-21 09:23:43,659.55,1159282
2021-06-21 09:23:44,659.9,1159901
2021-06-21 09:23:45,659.85,1161458
2021-06-21 09:23:46,659.8,1161764
2021-06-21 09:23:46,659.65,1161820
2021-06-21 09:23:47,659.3,1167716
2021-06-21 09:23:48,658.8,1171576
2021-06-21 09:23:49,659.0,1172207
2021-06-21 09:23:50,658.7,1172629
2021-06-21 09:23:51,659.0,1174242
2021-06-21 09:23:52,659.05,1174679
2021-06-21 09:23:53,659.2,1175025
2021-06-21 09:23:54,659.0,1175714
2021-06-21 09:23:55,659.0,1175734
2021-06-21 09:23:56,659.0,1176901
2021-06-21 09:23:57,658.5,1178406
2021-06-21 09:23:58,659.0,1179193
2021-06-21 09:23:59,658.85,1181336
2021-06-21 09:24:00,658.5,1182382
2021-06-21 09:24:01,658.45,1183350
2021-06-21 09:24:02,658.4,1184804
2021-06-21 09:24:03,658.9,1186043
2021-06-21 09:24:04,658.6,1186670
2021-06-21 09:24:05,658.55,1186772
2021-06-21 09:24:06,658.8,1189346
2021-06-21 09:24:07,658.45,1189905
2021-06-21 09:24:08,658.25,1191180
2021-06-21 09:24:09,658.45,1192360
2021-06-21 09:24:10,658.15,1193926
2021-06-21 09:24:11,658.05,1194990
2021-06-21 09:24:13,658.0,1200671
2021-06-21 09:24:14,657.65,1202917
2021-06-21 09:24:15,657.15,1205704
2021-06-21 09:24:16,657.0,1207400
2021-06-21 09:24:17,656.3,1211972
2021-06-21 09:24:18,656.3,1212795
2021-06-21 09:24:19,656.85,1214377
2021-06-21 09:24:20,656.55,1217374
2021-06-21 09:24:21,656.45,1222100
2021-06-21 09:24:22,657.15,1222942
2021-06-21 09:24:23,657.2,1225208
2021-06-21 09:24:23,656.85,1225162
2021-06-21 09:24:25,656.75,1226252
2021-06-21 09:24:26,656.85,1227925
2021-06-21 09:24:27,657.25,1229470
2021-06-21 09:24:28,657.75,1231533
2021-06-21 09:24:29,657.75,1233055
2021-06-21 09:24:30,657.8,1234081
2021-06-21 09:24:31,658.1,1234715
2021-06-21 09:24:32,658.05,1234878
2021-06-21 09:24:33,657.75,1235261
2021-06-21 09:24:34,657.6,1236419
2021-06-21 09:24:35,657.9,1237942
2021-06-21 09:24:36,658.4,1240079
2021-06-21 09:24:37,658.9,1244204
2021-06-21 09:24:37,658.9,1244204
2021-06-21 09:24:39,658.45,1245358
2021-06-21 09:24:40,658.55,1246478
2021-06-21 09:24:41,659.05,1248589
2021-06-21 09:24:42,658.75,1248706
2021-06-21 09:24:43,659.35,1249730
2021-06-21 09:24:44,659.05,1249784
2021-06-21 09:24:45,659.05,1250572
2021-06-21 09:24:45,659.4,1250708
2021-06-21 09:24:46,658.95,1251633
2021-06-21 09:24:49,659.25,1253329
2021-06-21 09:24:50,659.0,1254208
2021-06-21 09:24:51,658.95,1255538
2021-06-21 09:24:52,658.8,1255961
2021-06-21 09:24:53,658.8,1256726
2021-06-21 09:24:54,658.85,1257789
2021-06-21 09:24:55,658.6,1258902
2021-06-21 09:24:56,658.3,1259077
2021-06-21 09:24:57,658.35,1260186
2021-06-21 09:24:58,658.2,1260777
2021-06-21 09:24:58,658.2,1260777
2021-06-21 09:25:00,658.85,1262841
2021-06-21 09:25:01,658.9,1265540
2021-06-21 09:25:02,658.6,1271225
2021-06-21 09:25:03,658.6,1271345
2021-06-21 09:25:04,658.5,1271834
2021-06-21 09:25:05,658.8,1272039
2021-06-21 09:25:06,659.0,1274130
2021-06-21 09:25:06,659.0,1274130
2021-06-21 09:25:07,659.3,1274720
2021-06-21 09:25:08,659.4,1275055
2021-06-21 09:25:09,658.85,1276444
2021-06-21 09:25:10,658.85,1276655
2021-06-21 09:25:12,658.7,1277278
2021-06-21 09:25:13,658.95,1277831
2021-06-21 09:25:15,659.05,1282027
2021-06-21 09:25:16,659.0,1282802
2021-06-21 09:25:17,658.6,1283239
2021-06-21 09:25:18,658.5,1283363
2021-06-21 09:25:19,658.65,1285011
2021-06-21 09:25:20,658.55,1285472
2021-06-21 09:25:21,658.25,1286136
2021-06-21 09:25:22,658.5,1287499
2021-06-21 09:25:23,658.25,1287873
2021-06-21 09:25:24,658.15,1288048
2021-06-21 09:25:25,658.2,1288890
2021-06-21 09:25:26,658.5,1289377
2021-06-21 09:25:27,658.3,1289664
2021-06-21 09:25:28,658.25,1290405
2021-06-21 09:25:29,658.25,1290628
2021-06-21 09:25:30,658.45,1291238
2021-06-21 09:25:31,658.75,1295423
2021-06-21 09:25:32,658.65,1296552
2021-06-21 09:25:33,658.45,1296728
2021-06-21 09:25:34,658.75,1297333
2021-06-21 09:25:35,658.7,1297701
2021-06-21 09:25:35,658.95,1297754
2021-06-21 09:25:36,658.7,1298660
2021-06-21 09:25:37,658.75,1299050
2021-06-21 09:25:38,658.55,1299607
2021-06-21 09:25:39,658.55,1299847
2021-06-21 09:25:40,658.95,1306621
2021-06-21 09:25:42,659.2,1306678
2021-06-21 09:25:43,658.8,1307000
2021-06-21 09:25:44,658.45,1309239
2021-06-21 09:25:45,658.75,1309852
2021-06-21 09:25:46,658.75,1309952
2021-06-21 09:25:47,658.45,1311441
2021-06-21 09:25:47,658.7,1311487
2021-06-21 09:25:48,658.55,1312000
2021-06-21 09:25:49,658.9,1312126
2021-06-21 09:25:50,658.8,1313680
2021-06-21 09:25:53,658.35,1316204
2021-06-21 09:25:54,658.7,1316486
2021-06-21 09:25:55,658.4,1316673
2021-06-21 09:25:56,658.85,1317609
2021-06-21 09:25:57,658.35,1318375
2021-06-21 09:25:58,658.4,1318633
2021-06-21 09:25:59,658.65,1319499
2021-06-21 09:26:00,658.5,1319527
2021-06-21 09:26:01,658.85,1321541
2021-06-21 09:26:02,658.4,1321589
2021-06-21 09:26:03,658.9,1322280
2021-06-21 09:26:04,658.55,1322962
2021-06-21 09:26:05,658.55,1323306
2021-06-21 09:26:06,658.5,1323793
2021-06-21 09:26:07,658.55,1324115
2021-06-21 09:26:08,658.55,1324421
2021-06-21 09:26:09,658.8,1324431
2021-06-21 09:26:09,658.8,1324431
2021-06-21 09:26:11,658.15,1328147
2021-06-21 09:26:12,657.6,1334592
2021-06-21 09:26:13,657.8,1336565
2021-06-21 09:26:14,657.75,1337548
2021-06-21 09:26:15,657.25,1338222
2021-06-21 09:26:16,657.3,1339153
2021-06-21 09:26:17,657.35,1339314
2021-06-21 09:26:18,657.15,1342888
2021-06-21 09:26:19,657.75,1344671
2021-06-21 09:26:20,657.7,1344784
2021-06-21 09:26:21,657.0,1347291
2021-06-21 09:26:22,657.3,1348788
2021-06-21 09:26:23,657.85,1350463
2021-06-21 09:26:24,658.0,1352561
2021-06-21 09:26:25,657.95,1352924
2021-06-21 09:26:26,657.95,1355525
2021-06-21 09:26:27,658.45,1356977
2021-06-21 09:26:28,658.1,1357528
2021-06-21 09:26:29,657.8,1361264
2021-06-21 09:26:30,657.7,1361391
2021-06-21 09:26:31,657.7,1361628
2021-06-21 09:26:32,658.0,1361926
2021-06-21 09:26:33,657.65,1362268
2021-06-21 09:26:34,657.7,1362561
2021-06-21 09:26:35,657.95,1365434
2021-06-21 09:26:36,657.85,1365526
2021-06-21 09:26:37,657.75,1365759
2021-06-21 09:26:39,658.0,1366229
2021-06-21 09:26:40,657.65,1366955
2021-06-21 09:26:41,657.6,1367063
2021-06-21 09:26:42,657.95,1367436
2021-06-21 09:26:43,657.5,1367584
2021-06-21 09:26:44,658.1,1370471
2021-06-21 09:26:45,657.3,1374499
2021-06-21 09:26:46,657.35,1374857
2021-06-21 09:26:47,657.35,1375649
2021-06-21 09:26:48,657.2,1377390
2021-06-21 09:26:49,657.0,1379281
2021-06-21 09:26:50,657.2,1380779
2021-06-21 09:26:51,657.0,1381124
2021-06-21 09:26:52,657.3,1382631
2021-06-21 09:26:53,657.2,1382797
2021-06-21 09:26:54,657.15,1383123
2021-06-21 09:26:55,657.0,1383645
2021-06-21 09:26:56,656.95,1383676
2021-06-21 09:26:57,656.9,1384131
2021-06-21 09:26:58,656.85,1385370
2021-06-21 09:26:59,656.65,1385623
2021-06-21 09:27:00,656.65,1385961
2021-06-21 09:27:01,656.6,1386423
2021-06-21 09:27:02,656.95,1386887
2021-06-21 09:27:03,656.75,1388530
2021-06-21 09:27:04,657.1,1389001
2021-06-21 09:27:05,656.9,1389530
2021-06-21 09:27:06,656.85,1389866
2021-06-21 09:27:07,657.2,1391150
2021-06-21 09:27:08,657.25,1391373
2021-06-21 09:27:09,657.25,1392024
2021-06-21 09:27:10,657.1,1392758
2021-06-21 09:27:11,656.6,1392924
2021-06-21 09:27:12,656.85,1393282
2021-06-21 09:27:13,656.55,1394668
2021-06-21 09:27:14,656.7,1394843
2021-06-21 09:27:15,656.85,1395168
2021-06-21 09:27:16,656.9,1395799
2021-06-21 09:27:17,657.0,1397149
2021-06-21 09:27:18,657.2,1398002
2021-06-21 09:27:19,656.6,1405572
2021-06-21 09:27:20,656.75,1406456
2021-06-21 09:27:21,656.85,1406474
2021-06-21 09:27:22,656.85,1407021
2021-06-21 09:27:23,656.85,1407094
2021-06-21 09:27:24,657.0,1410098
2021-06-21 09:27:27,657.85,1415168
2021-06-21 09:27:29,658.45,1425967
2021-06-21 09:27:30,658.5,1426267
2021-06-21 09:27:31,658.4,1427120
2021-06-21 09:27:32,658.7,1430262
2021-06-21 09:27:33,658.45,1430655
2021-06-21 09:27:34,659.0,1432005
2021-06-21 09:27:35,658.95,1432582
2021-06-21 09:27:36,658.95,1432757
2021-06-21 09:27:37,659.0,1438418
2021-06-21 09:27:38,659.15,1439557
2021-06-21 09:27:39,659.35,1440141
2021-06-21 09:27:40,659.2,1440486
2021-06-21 09:27:41,659.15,1440652
2021-06-21 09:27:42,658.75,1442687
2021-06-21 09:27:43,658.65,1443035
2021-06-21 09:27:44,658.4,1443311
2021-06-21 09:27:45,658.9,1444321
2021-06-21 09:27:46,658.55,1444841
2021-06-21 09:27:47,658.6,1444905
2021-06-21 09:27:49,658.8,1445814
2021-06-21 09:27:50,658.65,1446121
2021-06-21 09:27:51,658.65,1446284
2021-06-21 09:27:52,658.65,1446357
2021-06-21 09:27:53,658.55,1446666
2021-06-21 09:27:54,658.55,1446959
2021-06-21 09:27:55,658.65,1449448
2021-06-21 09:27:56,658.9,1449787
2021-06-21 09:27:57,658.95,1451481
2021-06-21 09:27:58,658.95,1451485
2021-06-21 09:27:59,658.75,1451927
2021-06-21 09:28:00,658.75,1451947
2021-06-21 09:28:01,659.15,1453060
2021-06-21 09:28:02,658.75,1453415
2021-06-21 09:28:03,658.95,1454374
2021-06-21 09:28:04,658.95,1454558
2021-06-21 09:28:05,659.0,1454570
2021-06-21 09:28:06,658.75,1454928
2021-06-21 09:28:07,659.0,1455004
2021-06-21 09:28:08,658.75,1455138
2021-06-21 09:28:09,658.55,1455330
2021-06-21 09:28:10,658.45,1455512
2021-06-21 09:28:11,658.55,1455634
2021-06-21 09:28:12,658.0,1457943
2021-06-21 09:28:13,658.25,1458134
2021-06-21 09:28:14,657.9,1458581
2021-06-21 09:28:15,657.85,1459357
2021-06-21 09:28:16,657.85,1459711
2021-06-21 09:28:17,658.1,1459811
2021-06-21 09:28:18,658.2,1459904
2021-06-21 09:28:19,658.05,1459948
2021-06-21 09:28:20,658.1,1460686
2021-06-21 09:28:21,658.1,1461111
2021-06-21 09:28:22,658.1,1461111
2021-06-21 09:28:23,658.1,1461300
2021-06-21 09:28:24,658.05,1461495
2021-06-21 09:28:25,658.05,1461638
2021-06-21 09:28:26,658.4,1464354
2021-06-21 09:28:28,658.1,1464977
2021-06-21 09:28:29,658.65,1466364
2021-06-21 09:28:30,658.5,1466389
2021-06-21 09:28:31,658.2,1466825
2021-06-21 09:28:32,658.6,1468582
2021-06-21 09:28:33,658.25,1469703
2021-06-21 09:28:34,658.95,1471295
2021-06-21 09:28:35,658.65,1471477
2021-06-21 09:28:36,658.55,1471640
2021-06-21 09:28:37,658.95,1472182
2021-06-21 09:28:38,658.7,1472510
2021-06-21 09:28:39,658.7,1472732
2021-06-21 09:28:40,659.0,1473003
2021-06-21 09:28:41,659.45,1480347
2021-06-21 09:28:42,658.95,1480825
2021-06-21 09:28:43,658.9,1481241
2021-06-21 09:28:44,659.2,1482008
2021-06-21 09:28:45,658.75,1482182
2021-06-21 09:28:46,658.6,1482409
2021-06-21 09:28:47,658.9,1482504
2021-06-21 09:28:48,658.6,1482857
2021-06-21 09:28:49,658.65,1484042
2021-06-21 09:28:50,658.75,1484163
2021-06-21 09:28:51,658.65,1484178
2021-06-21 09:28:52,658.65,1484630
2021-06-21 09:28:53,658.5,1485194
2021-06-21 09:28:54,658.1,1485908
2021-06-21 09:28:55,658.45,1486056
2021-06-21 09:28:56,658.45,1487171
2021-06-21 09:28:57,658.45,1487228
2021-06-21 09:28:58,658.45,1487642
2021-06-21 09:29:00,658.1,1488212
2021-06-21 09:29:00,658.25,1488461
2021-06-21 09:29:01,658.45,1488583
2021-06-21 09:29:02,658.15,1488596
2021-06-21 09:29:03,658.25,1489535
2021-06-21 09:29:04,658.6,1490274
2021-06-21 09:29:05,658.6,1490293
2021-06-21 09:29:06,658.3,1490494
2021-06-21 09:29:07,658.65,1490573
2021-06-21 09:29:08,658.15,1491729
2021-06-21 09:29:09,658.45,1491854
2021-06-21 09:29:10,658.35,1493925
2021-06-21 09:29:11,658.35,1494226
2021-06-21 09:29:12,658.5,1494543
2021-06-21 09:29:13,658.35,1495841
2021-06-21 09:29:14,658.3,1495939
2021-06-21 09:29:15,658.3,1495976
2021-06-21 09:29:17,658.3,1496426
2021-06-21 09:29:18,658.25,1496781
2021-06-21 09:29:19,658.25,1496798
2021-06-21 09:29:19,658.45,1496800
2021-06-21 09:29:20,658.3,1497052
2021-06-21 09:29:21,658.45,1497279
2021-06-21 09:29:22,658.25,1497425
2021-06-21 09:29:23,658.25,1497717
2021-06-21 09:29:24,658.5,1498100
2021-06-21 09:29:25,658.4,1498329
2021-06-21 09:29:26,658.4,1498439
2021-06-21 09:29:27,658.5,1498996
2021-06-21 09:29:28,658.55,1499380
2021-06-21 09:29:30,658.95,1500300
2021-06-21 09:29:31,659.0,1500358
2021-06-21 09:29:32,658.75,1500405
2021-06-21 09:29:33,658.7,1500564
2021-06-21 09:29:34,658.65,1501611
2021-06-21 09:29:34,658.65,1501611
2021-06-21 09:29:35,658.6,1501660
2021-06-21 09:29:36,658.75,1501800
2021-06-21 09:29:37,658.65,1501957
2021-06-21 09:29:38,658.95,1501971
2021-06-21 09:29:39,658.65,1502500
2021-06-21 09:29:40,658.7,1502758
2021-06-21 09:29:41,659.0,1502787
2021-06-21 09:29:42,659.0,1502990
2021-06-21 09:29:43,658.8,1505418
2021-06-21 09:29:44,659.0,1506694
2021-06-21 09:29:45,659.0,1511003
2021-06-21 09:29:47,658.25,1512724
2021-06-21 09:29:49,658.55,1513207
2021-06-21 09:29:51,658.25,1513413
2021-06-21 09:29:52,658.25,1513744
2021-06-21 09:29:53,658.25,1514933
2021-06-21 09:29:54,658.45,1515284
2021-06-21 09:29:55,658.45,1515357
2021-06-21 09:29:56,658.45,1515496
2021-06-21 09:29:56,658.45,1515586
2021-06-21 09:29:57,658.45,1515709
2021-06-21 09:29:58,658.25,1515892
2021-06-21 09:29:59,658.25,1515962
2021-06-21 09:30:01,658.45,1516319
2021-06-21 09:30:06,658.45,1517774
2021-06-21 09:30:07,658.1,1519906
2021-06-21 09:30:08,658.1,1521473
2021-06-21 09:30:09,658.35,1522102
2021-06-21 09:30:10,658.25,1526545
2021-06-21 09:30:11,657.9,1526705
2021-06-21 09:30:12,658.35,1527255
2021-06-21 09:30:13,657.95,1527414
2021-06-21 09:30:14,658.35,1527449
2021-06-21 09:30:15,657.8,1527967
2021-06-21 09:30:16,657.8,1528091
2021-06-21 09:30:17,658.4,1528853
2021-06-21 09:30:18,658.05,1529220
2021-06-21 09:30:19,658.0,1529390
2021-06-21 09:30:21,658.15,1533303
2021-06-21 09:30:22,657.95,1533563
2021-06-21 09:30:23,657.85,1533658
2021-06-21 09:30:24,657.55,1534526
2021-06-21 09:30:25,657.75,1534716
2021-06-21 09:30:26,657.65,1534766
2021-06-21 09:30:26,657.25,1534966
2021-06-21 09:30:27,657.3,1535563
2021-06-21 09:30:28,657.25,1535619
2021-06-21 09:30:29,657.55,1535886
2021-06-21 09:30:30,657.5,1536394
2021-06-21 09:30:31,657.55,1536464
2021-06-21 09:30:32,657.55,1537719
2021-06-21 09:30:33,657.95,1538766
2021-06-21 09:30:35,657.65,1539357
2021-06-21 09:30:36,658.0,1539561
2021-06-21 09:30:37,658.4,1545653
2021-06-21 09:30:38,658.4,1545655
2021-06-21 09:30:39,658.05,1548554
2021-06-21 09:30:39,658.1,1549108
2021-06-21 09:30:41,658.1,1549289
2021-06-21 09:30:41,658.1,1549289
2021-06-21 09:30:42,657.85,1549974
2021-06-21 09:30:43,657.85,1550059
2021-06-21 09:30:44,657.6,1550167
2021-06-21 09:30:45,657.6,1550252
2021-06-21 09:30:46,657.35,1550687
2021-06-21 09:30:47,657.45,1550758
2021-06-21 09:30:48,657.4,1551209
2021-06-21 09:30:49,657.35,1551836
2021-06-21 09:30:50,657.65,1553442
2021-06-21 09:30:51,657.55,1553598
2021-06-21 09:30:52,657.9,1553634
2021-06-21 09:30:54,657.55,1554150
2021-06-21 09:30:55,657.85,1554250
2021-06-21 09:30:56,657.95,1556103
2021-06-21 09:30:57,658.3,1556277
2021-06-21 09:30:58,657.9,1556533
2021-06-21 09:30:59,657.75,1557258
2021-06-21 09:31:00,657.85,1557439
2021-06-21 09:31:01,657.75,1558470
2021-06-21 09:31:02,658.35,1560046
2021-06-21 09:31:03,658.35,1560384
2021-06-21 09:31:04,657.95,1561758
2021-06-21 09:31:06,657.95,1561886
2021-06-21 09:31:07,658.0,1562012
2021-06-21 09:31:08,657.9,1563234
2021-06-21 09:31:09,657.7,1563675
2021-06-21 09:31:10,657.95,1563937
2021-06-21 09:31:11,657.6,1564021
2021-06-21 09:31:12,657.6,1564264
2021-06-21 09:31:12,657.6,1564264
2021-06-21 09:31:13,657.95,1564311
2021-06-21 09:31:14,657.6,1564488
2021-06-21 09:31:15,658.0,1566025
2021-06-21 09:31:17,657.9,1566438
2021-06-21 09:31:18,657.6,1567040
2021-06-21 09:31:20,657.85,1567261
2021-06-21 09:31:21,657.1,1593036
2021-06-21 09:31:22,657.0,1594066
2021-06-21 09:31:23,656.85,1594996
2021-06-21 09:31:24,656.85,1595481
2021-06-21 09:31:25,656.8,1595680
2021-06-21 09:31:26,656.9,1595865
2021-06-21 09:31:27,657.25,1595999
2021-06-21 09:31:28,656.85,1596190
2021-06-21 09:31:29,657.0,1596246
2021-06-21 09:31:30,656.8,1596419
2021-06-21 09:31:31,656.85,1597072
2021-06-21 09:31:32,656.85,1599498
2021-06-21 09:31:33,657.1,1599705
2021-06-21 09:31:34,657.0,1599765
2021-06-21 09:31:35,656.85,1600048
2021-06-21 09:31:35,657.05,1600148
2021-06-21 09:31:36,656.85,1600315
2021-06-21 09:31:37,657.05,1600351
2021-06-21 09:31:38,656.85,1600568
2021-06-21 09:31:39,656.9,1600749
2021-06-21 09:31:40,656.85,1601009
2021-06-21 09:31:41,656.85,1601211
2021-06-21 09:31:42,656.8,1601311
2021-06-21 09:31:44,657.2,1601725
2021-06-21 09:31:45,657.85,1602680
2021-06-21 09:31:46,657.75,1603110
2021-06-21 09:31:46,657.5,1603142
2021-06-21 09:31:47,657.5,1603370
2021-06-21 09:31:48,657.7,1603541
2021-06-21 09:31:50,657.5,1604353
2021-06-21 09:31:51,657.25,1605833
2021-06-21 09:31:52,657.2,1605937
2021-06-21 09:31:52,657.15,1605959
2021-06-21 09:31:53,657.15,1606201
2021-06-21 09:31:54,657.1,1606324
2021-06-21 09:31:55,657.4,1606488
2021-06-21 09:31:56,657.0,1606956
2021-06-21 09:31:57,657.0,1607167
2021-06-21 09:31:58,657.0,1607581
2021-06-21 09:31:59,657.3,1607910
2021-06-21 09:32:00,657.05,1608249
2021-06-21 09:32:02,657.0,1608884
2021-06-21 09:32:03,657.35,1609080
2021-06-21 09:32:03,657.35,1609288
2021-06-21 09:32:05,657.0,1610311
2021-06-21 09:32:06,657.15,1611457
2021-06-21 09:32:07,657.0,1611467
2021-06-21 09:32:08,657.15,1611506
2021-06-21 09:32:09,657.15,1611805
2021-06-21 09:32:10,657.25,1612434
2021-06-21 09:32:11,657.1,1612451
2021-06-21 09:32:12,657.25,1613405
2021-06-21 09:32:13,657.25,1613915
2021-06-21 09:32:14,657.25,1614168
2021-06-21 09:32:14,657.25,1614168
2021-06-21 09:32:15,657.25,1614168
2021-06-21 09:32:16,657.5,1614169
2021-06-21 09:32:17,657.6,1615392
2021-06-21 09:32:20,658.1,1621791
2021-06-21 09:32:21,658.05,1622090
2021-06-21 09:32:22,657.9,1622467
2021-06-21 09:32:23,657.85,1622761
2021-06-21 09:32:23,657.85,1622821
2021-06-21 09:32:24,657.85,1622868
2021-06-21 09:32:25,657.6,1622933
2021-06-21 09:32:27,657.45,1623426
2021-06-21 09:32:28,657.4,1623585
2021-06-21 09:32:29,657.9,1625327
2021-06-21 09:32:31,658.0,1625461
2021-06-21 09:32:32,657.8,1625614
2021-06-21 09:32:33,657.65,1625630
2021-06-21 09:32:35,657.5,1626589
2021-06-21 09:32:36,657.6,1627446
2021-06-21 09:32:36,657.6,1627446
2021-06-21 09:32:37,657.75,1629001
2021-06-21 09:32:38,657.9,1629112
2021-06-21 09:32:39,658.1,1629869
2021-06-21 09:32:40,658.0,1630005
2021-06-21 09:32:42,657.75,1630119
2021-06-21 09:32:43,657.75,1630244
2021-06-21 09:32:44,657.65,1630436
2021-06-21 09:32:45,657.85,1630583
2021-06-21 09:32:46,657.6,1632033
2021-06-21 09:32:47,657.45,1632213
2021-06-21 09:32:49,657.45,1633107
2021-06-21 09:32:50,657.4,1633171
2021-06-21 09:32:51,657.4,1633357
2021-06-21 09:32:52,657.3,1633687
2021-06-21 09:32:52,657.25,1633827
2021-06-21 09:32:53,657.6,1633976
2021-06-21 09:32:54,657.3,1634159
2021-06-21 09:32:55,657.6,1634359
2021-06-21 09:32:56,657.3,1634456
2021-06-21 09:32:57,657.3,1634552
2021-06-21 09:32:58,657.3,1634552
2021-06-21 09:33:00,657.5,1634766
2021-06-21 09:33:01,656.8,1641967
2021-06-21 09:33:01,656.8,1641968
2021-06-21 09:33:02,656.8,1641975
2021-06-21 09:33:03,656.8,1642902
2021-06-21 09:33:05,657.3,1644173
2021-06-21 09:33:06,657.1,1644178
2021-06-21 09:33:07,657.3,1644953
2021-06-21 09:33:08,657.3,1645147
2021-06-21 09:33:08,657.3,1645147
2021-06-21 09:33:09,657.4,1645322
2021-06-21 09:33:10,657.65,1646543
2021-06-21 09:33:11,658.15,1649382
2021-06-21 09:33:12,658.05,1649532
2021-06-21 09:33:14,658.35,1650470
2021-06-21 09:33:15,658.45,1656483
2021-06-21 09:33:16,658.65,1660664
2021-06-21 09:33:16,658.95,1660680
2021-06-21 09:33:17,658.65,1660906
2021-06-21 09:33:18,658.9,1661167
2021-06-21 09:33:19,658.95,1661293
2021-06-21 09:33:20,658.9,1661551
2021-06-21 09:33:21,658.75,1661709
2021-06-21 09:33:22,659.7,1669098
2021-06-21 09:33:24,659.4,1669233
2021-06-21 09:33:25,659.45,1669447
2021-06-21 09:33:26,659.75,1669813
2021-06-21 09:33:27,660.05,1682694
2021-06-21 09:33:28,660.05,1683423
2021-06-21 09:33:29,660.35,1684187
2021-06-21 09:33:30,660.4,1685726
2021-06-21 09:33:31,660.5,1686456
2021-06-21 09:33:32,660.3,1686602
2021-06-21 09:33:33,660.45,1687381
2021-06-21 09:33:33,660.45,1687381
2021-06-21 09:33:34,660.4,1687749
2021-06-21 09:33:36,660.65,1688269
2021-06-21 09:33:37,660.7,1690122
2021-06-21 09:33:38,660.7,1691176
2021-06-21 09:33:39,661.0,1691907
2021-06-21 09:33:40,661.0,1693114
2021-06-21 09:33:41,661.0,1696846
2021-06-21 09:33:42,660.85,1697836
2021-06-21 09:33:43,661.0,1698202
2021-06-21 09:33:44,660.95,1698344
2021-06-21 09:33:45,661.55,1702296
2021-06-21 09:33:46,661.6,1703257
2021-06-21 09:33:47,661.0,1703710
2021-06-21 09:33:47,661.4,1703720
2021-06-21 09:33:48,661.4,1704093
2021-06-21 09:33:49,661.2,1705599
2021-06-21 09:33:51,661.15,1706145
2021-06-21 09:33:52,661.2,1707240
2021-06-21 09:33:53,661.45,1708111
2021-06-21 09:33:53,661.6,1709222
2021-06-21 09:33:54,661.5,1709492
2021-06-21 09:33:56,661.8,1713447
2021-06-21 09:33:57,661.55,1713840
2021-06-21 09:33:58,661.6,1714609
2021-06-21 09:33:59,661.6,1714881
2021-06-21 09:34:00,662.15,1724768
2021-06-21 09:34:01,662.4,1728275
2021-06-21 09:34:02,662.5,1731623
2021-06-21 09:34:02,662.7,1731693
2021-06-21 09:34:03,662.25,1733891
2021-06-21 09:34:04,662.05,1734712
2021-06-21 09:34:06,662.3,1735719
2021-06-21 09:34:07,662.35,1736483
2021-06-21 09:34:08,662.5,1737773
2021-06-21 09:34:09,662.1,1738363
2021-06-21 09:34:10,662.15,1739235
2021-06-21 09:34:11,662.15,1740184
2021-06-21 09:34:12,662.25,1741096
2021-06-21 09:34:13,662.5,1744551
2021-06-21 09:34:13,662.2,1744773
2021-06-21 09:34:14,662.35,1745037
2021-06-21 09:34:15,662.45,1747014
2021-06-21 09:34:16,662.5,1747497
2021-06-21 09:34:17,662.45,1747812
2021-06-21 09:34:18,661.85,1751409
2021-06-21 09:34:20,662.1,1751952
2021-06-21 09:34:21,662.2,1752843
2021-06-21 09:34:22,661.6,1753298
2021-06-21 09:34:23,661.75,1753413
2021-06-21 09:34:24,661.75,1754255
2021-06-21 09:34:25,662.1,1754678
2021-06-21 09:34:26,661.7,1755773
2021-06-21 09:34:27,661.75,1755969
2021-06-21 09:34:28,662.05,1756486
2021-06-21 09:34:29,661.9,1757165
2021-06-21 09:34:30,662.05,1761280
2021-06-21 09:34:31,662.4,1761842
2021-06-21 09:34:32,662.1,1762348
2021-06-21 09:34:33,662.1,1763721
2021-06-21 09:34:35,662.05,1764920
2021-06-21 09:34:36,661.9,1766240
2021-06-21 09:34:38,661.9,1766849
2021-06-21 09:34:39,662.35,1767234
2021-06-21 09:34:41,662.4,1768099
2021-06-21 09:34:42,662.15,1768265
2021-06-21 09:34:43,662.0,1769025
2021-06-21 09:34:44,662.0,1769272
2021-06-21 09:34:44,661.9,1769351
2021-06-21 09:34:45,662.0,1770768
2021-06-21 09:34:46,662.25,1771645
2021-06-21 09:34:48,662.0,1772056
2021-06-21 09:34:49,661.9,1772680
2021-06-21 09:34:49,662.25,1772965
2021-06-21 09:34:51,662.25,1773750
2021-06-21 09:34:52,662.4,1774643
2021-06-21 09:34:53,662.4,1774643
2021-06-21 09:34:54,662.0,1774983
2021-06-21 09:34:55,662.15,1775261
2021-06-21 09:34:55,661.95,1775262
2021-06-21 09:34:56,662.25,1776153
2021-06-21 09:34:57,662.3,1776563
2021-06-21 09:34:58,662.1,1776802
2021-06-21 09:35:00,661.75,1780874
2021-06-21 09:35:01,661.8,1781151
2021-06-21 09:35:02,661.85,1781183
2021-06-21 09:35:03,661.85,1781419
2021-06-21 09:35:04,661.8,1782195
2021-06-21 09:35:05,661.8,1782422
2021-06-21 09:35:07,661.85,1782846
2021-06-21 09:35:07,662.1,1782971
2021-06-21 09:35:08,662.15,1784451
2021-06-21 09:35:10,661.85,1785932
2021-06-21 09:35:10,662.0,1786130
2021-06-21 09:35:11,662.15,1787859
2021-06-21 09:35:13,661.8,1788387
2021-06-21 09:35:13,661.8,1788458
2021-06-21 09:35:14,662.05,1790577
2021-06-21 09:35:16,662.05,1790848
2021-06-21 09:35:17,662.05,1790979
2021-06-21 09:35:18,662.05,1791123
2021-06-21 09:35:19,662.15,1791290
2021-06-21 09:35:20,662.15,1791705
2021-06-21 09:35:22,662.2,1793287
2021-06-21 09:35:23,662.25,1794163
2021-06-21 09:35:24,662.35,1794330
2021-06-21 09:35:25,662.7,1799399
2021-06-21 09:35:25,662.45,1800194
2021-06-21 09:35:26,662.45,1800419
2021-06-21 09:35:27,662.25,1803004
2021-06-21 09:35:29,662.7,1803504
2021-06-21 09:35:30,662.45,1803628
2021-06-21 09:35:32,662.5,1804337
2021-06-21 09:35:33,662.45,1804943
2021-06-21 09:35:34,662.45,1805218
2021-06-21 09:35:35,662.7,1805541
2021-06-21 09:35:36,662.7,1805544
2021-06-21 09:35:37,662.7,1805942
2021-06-21 09:35:39,662.7,1806491
2021-06-21 09:35:40,662.45,1806827
2021-06-21 09:35:41,662.55,1806914
2021-06-21 09:35:42,662.7,1807393
2021-06-21 09:35:43,662.7,1807443
2021-06-21 09:35:44,662.7,1808031
2021-06-21 09:35:45,662.65,1808216
2021-06-21 09:35:45,662.85,1808821
2021-06-21 09:35:47,662.9,1809849
2021-06-21 09:35:48,662.65,1809953
2021-06-21 09:35:49,662.7,1810176
2021-06-21 09:35:50,662.65,1810700
2021-06-21 09:35:51,662.5,1811414
2021-06-21 09:35:52,662.5,1813134
2021-06-21 09:35:53,662.85,1813578
2021-06-21 09:35:54,662.5,1815342
2021-06-21 09:35:54,662.2,1815347
2021-06-21 09:35:55,662.55,1815661
2021-06-21 09:35:56,662.55,1817090
2021-06-21 09:35:58,661.7,1824927
2021-06-21 09:35:59,661.25,1830546
2021-06-21 09:36:00,661.25,1830814
2021-06-21 09:36:00,661.35,1831026
2021-06-21 09:36:01,661.6,1831558
2021-06-21 09:36:03,661.65,1831559
2021-06-21 09:36:03,661.35,1831737
2021-06-21 09:36:05,661.6,1832018
2021-06-21 09:36:06,661.15,1832725
2021-06-21 09:36:07,661.15,1832987
2021-06-21 09:36:08,661.05,1836400
2021-06-21 09:36:10,661.15,1836552
2021-06-21 09:36:11,661.3,1836660
2021-06-21 09:36:13,661.55,1837020
2021-06-21 09:36:14,661.55,1837285
2021-06-21 09:36:15,661.4,1837456
2021-06-21 09:36:16,661.35,1837511
2021-06-21 09:36:17,661.25,1837623
2021-06-21 09:36:18,661.3,1838783
2021-06-21 09:36:19,661.6,1839251
2021-06-21 09:36:20,661.45,1839789
2021-06-21 09:36:21,661.2,1840005
2021-06-21 09:36:22,661.5,1840656
2021-06-21 09:36:23,661.1,1841282
2021-06-21 09:36:24,661.5,1841682
2021-06-21 09:36:25,661.05,1842065
2021-06-21 09:36:26,661.25,1842603
2021-06-21 09:36:27,661.25,1842890
2021-06-21 09:36:28,660.65,1844512
2021-06-21 09:36:29,660.9,1844662
2021-06-21 09:36:30,660.15,1845117
2021-06-21 09:36:31,660.1,1846207
2021-06-21 09:36:32,660.35,1847066
2021-06-21 09:36:33,660.0,1847524
2021-06-21 09:36:34,660.0,1848523
2021-06-21 09:36:35,660.0,1848606
2021-06-21 09:36:36,660.45,1851580
2021-06-21 09:36:37,660.4,1851661
2021-06-21 09:36:38,660.0,1851982
2021-06-21 09:36:39,660.05,1853160
2021-06-21 09:36:40,660.15,1853319
2021-06-21 09:36:42,660.3,1856382
2021-06-21 09:36:43,660.25,1856792
2021-06-21 09:36:44,660.7,1857434
2021-06-21 09:36:45,660.7,1857434
2021-06-21 09:36:46,660.55,1857838
2021-06-21 09:36:47,660.15,1858353
2021-06-21 09:36:48,660.4,1859037
2021-06-21 09:36:49,660.15,1859313
2021-06-21 09:36:50,660.15,1859639
2021-06-21 09:36:51,660.15,1860118
2021-06-21 09:36:52,660.45,1860462
2021-06-21 09:36:53,660.5,1860817
2021-06-21 09:36:54,660.5,1861142
2021-06-21 09:36:55,660.35,1861392
2021-06-21 09:36:56,660.7,1861452
2021-06-21 09:36:57,661.2,1867651
2021-06-21 09:36:58,660.7,1867817
2021-06-21 09:36:59,660.55,1868321
2021-06-21 09:37:00,660.65,1868425
2021-06-21 09:37:03,660.6,1869121
2021-06-21 09:37:04,660.6,1869476
2021-06-21 09:37:04,660.85,1869687
2021-06-21 09:37:06,660.85,1870039
2021-06-21 09:37:06,660.6,1870045
2021-06-21 09:37:07,660.9,1870087
2021-06-21 09:37:08,660.9,1870622
2021-06-21 09:37:10,660.6,1870914
2021-06-21 09:37:11,660.85,1870925
2021-06-21 09:37:12,660.75,1871042
2021-06-21 09:37:13,660.9,1871192
2021-06-21 09:37:15,660.6,1871564
2021-06-21 09:37:16,660.6,1871700
2021-06-21 09:37:17,660.5,1871932
2021-06-21 09:37:18,660.55,1872012
2021-06-21 09:37:19,660.25,1872205
2021-06-21 09:37:20,660.55,1873013
2021-06-21 09:37:21,660.55,1873023
2021-06-21 09:37:22,660.3,1873028
2021-06-21 09:37:23,660.3,1873028
2021-06-21 09:37:24,660.6,1874517
2021-06-21 09:37:25,660.25,1874654
2021-06-21 09:37:26,660.3,1874770
2021-06-21 09:37:27,660.3,1874780
2021-06-21 09:37:28,660.2,1875047
2021-06-21 09:37:29,660.4,1875300
2021-06-21 09:37:30,660.5,1875440
2021-06-21 09:37:31,660.15,1875800
2021-06-21 09:37:32,660.5,1876526
2021-06-21 09:37:33,660.5,1876526
2021-06-21 09:37:34,660.55,1876738
2021-06-21 09:37:35,660.5,1876890
2021-06-21 09:37:36,660.3,1877012
2021-06-21 09:37:37,660.3,1877425
2021-06-21 09:37:38,660.55,1877710
2021-06-21 09:37:39,660.55,1877733
2021-06-21 09:37:40,660.5,1877886
2021-06-21 09:37:41,660.6,1878559
2021-06-21 09:37:42,660.6,1878560
2021-06-21 09:37:43,660.5,1878776
2021-06-21 09:37:45,660.5,1879602
2021-06-21 09:37:46,660.6,1879712
2021-06-21 09:37:47,660.8,1880048
2021-06-21 09:37:48,660.8,1880398
2021-06-21 09:37:49,660.5,1881013
2021-06-21 09:37:50,660.6,1881416
2021-06-21 09:37:51,660.55,1883066
2021-06-21 09:37:52,660.8,1883134
2021-06-21 09:37:54,660.55,1883648
2021-06-21 09:37:55,660.55,1884467
2021-06-21 09:37:56,660.55,1884467
2021-06-21 09:37:57,660.55,1884546
2021-06-21 09:37:58,660.55,1884760
2021-06-21 09:37:59,660.55,1884858
2021-06-21 09:38:00,660.55,1884981
2021-06-21 09:38:01,660.8,1885294
2021-06-21 09:38:02,660.7,1885405
2021-06-21 09:38:03,660.65,1885983
2021-06-21 09:38:04,660.8,1886240
2021-06-21 09:38:05,660.55,1886383
2021-06-21 09:38:06,661.1,1890004
2021-06-21 09:38:07,661.45,1890504
2021-06-21 09:38:09,661.3,1891032
2021-06-21 09:38:10,660.95,1891245
2021-06-21 09:38:11,661.3,1891746
2021-06-21 09:38:12,661.3,1891779
2021-06-21 09:38:13,661.2,1891794
2021-06-21 09:38:14,661.3,1891926
2021-06-21 09:38:15,661.3,1892200
2021-06-21 09:38:16,661.45,1892929
2021-06-21 09:38:17,661.05,1893714
2021-06-21 09:38:18,661.1,1894053
2021-06-21 09:38:19,661.2,1894611
2021-06-21 09:38:20,661.5,1897275
2021-06-21 09:38:21,661.5,1897330
2021-06-21 09:38:22,661.5,1897372
2021-06-21 09:38:23,661.45,1897464
2021-06-21 09:38:24,661.45,1897464
2021-06-21 09:38:25,661.65,1898147
2021-06-21 09:38:26,661.95,1899825
2021-06-21 09:38:27,662.1,1902773
2021-06-21 09:38:28,662.0,1903054
2021-06-21 09:38:29,662.05,1903563
2021-06-21 09:38:30,662.05,1904286
2021-06-21 09:38:31,662.45,1904639
2021-06-21 09:38:32,662.35,1905009
2021-06-21 09:38:33,662.35,1905458
2021-06-21 09:38:34,662.2,1908116
2021-06-21 09:38:35,662.3,1909813
2021-06-21 09:38:36,662.3,1909957
2021-06-21 09:38:37,661.7,1912055
2021-06-21 09:38:38,661.7,1912782
2021-06-21 09:38:39,661.4,1913926
2021-06-21 09:38:40,661.4,1913994
2021-06-21 09:38:41,661.45,1914096
2021-06-21 09:38:42,662.1,1915197
2021-06-21 09:38:43,661.75,1915217
2021-06-21 09:38:44,661.65,1915232
2021-06-21 09:38:45,661.9,1915363
2021-06-21 09:38:46,661.6,1915615
2021-06-21 09:38:47,661.55,1915822
2021-06-21 09:38:48,661.55,1915822
2021-06-21 09:38:49,661.75,1916032
2021-06-21 09:38:50,661.5,1916213
2021-06-21 09:38:51,662.7,1919324
2021-06-21 09:38:52,662.7,1919324
2021-06-21 09:38:53,662.25,1919801
2021-06-21 09:38:54,662.65,1920202
2021-06-21 09:38:55,662.25,1921344
2021-06-21 09:38:56,661.9,1923763
2021-06-21 09:38:57,662.05,1923879
2021-06-21 09:38:58,661.5,1925973
2021-06-21 09:38:59,661.45,1926228
2021-06-21 09:39:00,661.4,1926856
2021-06-21 09:39:01,661.35,1927287
2021-06-21 09:39:02,661.5,1927624
2021-06-21 09:39:03,661.95,1927675
2021-06-21 09:39:04,661.7,1927800
2021-06-21 09:39:05,662.0,1927836
2021-06-21 09:39:06,661.9,1927947
2021-06-21 09:39:07,661.9,1927947
2021-06-21 09:39:09,661.9,1928125
2021-06-21 09:39:08,661.9,1928125
2021-06-21 09:39:10,661.95,1928421
2021-06-21 09:39:11,661.5,1930368
2021-06-21 09:39:13,661.75,1931032
2021-06-21 09:39:12,661.45,1930612
2021-06-21 09:39:14,661.4,1931169
2021-06-21 09:39:15,661.4,1931200
2021-06-21 09:39:16,661.45,1931495
2021-06-21 09:39:17,661.6,1931672
2021-06-21 09:39:18,661.9,1932076
2021-06-21 09:39:19,661.85,1932117
2021-06-21 09:39:20,661.7,1932324
2021-06-21 09:39:21,661.75,1932774
2021-06-21 09:39:22,661.7,1932809
2021-06-21 09:39:25,661.95,1937611
2021-06-21 09:39:25,661.95,1937611
2021-06-21 09:39:26,661.9,1937730
2021-06-21 09:39:27,662.3,1937975
2021-06-21 09:39:28,662.0,1938512
2021-06-21 09:39:29,662.2,1938842
2021-06-21 09:39:30,662.2,1938842
2021-06-21 09:39:31,662.25,1939050
2021-06-21 09:39:32,662.45,1939191
2021-06-21 09:39:33,662.45,1939454
2021-06-21 09:39:34,662.55,1940287
2021-06-21 09:39:35,662.7,1940332
2021-06-21 09:39:36,662.6,1943430
2021-06-21 09:39:38,662.8,1944271
2021-06-21 09:39:38,662.8,1944271
2021-06-21 09:39:39,662.65,1944912
2021-06-21 09:39:40,662.7,1945445
2021-06-21 09:39:41,663.0,1951635
2021-06-21 09:39:42,662.95,1952119
2021-06-21 09:39:43,663.25,1959636
2021-06-21 09:39:44,662.95,1959806
2021-06-21 09:39:45,663.2,1960208
2021-06-21 09:39:46,663.35,1961438
2021-06-21 09:39:48,662.9,1962168
2021-06-21 09:39:49,663.25,1962186
2021-06-21 09:39:49,663.25,1962386
2021-06-21 09:39:50,663.05,1964141
2021-06-21 09:39:51,662.75,1964554
2021-06-21 09:39:52,662.75,1965185
2021-06-21 09:39:53,663.15,1965361
2021-06-21 09:39:54,662.75,1966859
2021-06-21 09:39:55,662.75,1967580
2021-06-21 09:39:56,663.0,1967870
2021-06-21 09:39:57,663.1,1967945
2021-06-21 09:39:58,663.05,1968209
2021-06-21 09:39:59,663.0,1968329
2021-06-21 09:40:01,662.75,1968601
2021-06-21 09:40:01,662.75,1968663
2021-06-21 09:40:02,663.1,1969464
2021-06-21 09:40:03,662.9,1970033
2021-06-21 09:40:04,663.2,1970170
2021-06-21 09:40:05,663.0,1970623
2021-06-21 09:40:06,663.4,1973244
2021-06-21 09:40:07,663.4,1973333
2021-06-21 09:40:08,663.4,1973468
2021-06-21 09:40:09,663.4,1974128
2021-06-21 09:40:10,663.4,1974597
2021-06-21 09:40:11,663.05,1974880
2021-06-21 09:40:12,663.45,1975080
2021-06-21 09:40:13,663.05,1975727
2021-06-21 09:40:14,663.5,1977523
2021-06-21 09:40:15,663.4,1977552
2021-06-21 09:40:16,663.25,1977727
2021-06-21 09:40:17,663.4,1977900
2021-06-21 09:40:19,663.15,1977962
2021-06-21 09:40:21,663.15,1978806
2021-06-21 09:40:22,663.15,1980159
2021-06-21 09:40:23,663.0,1980960
2021-06-21 09:40:24,663.0,1983196
2021-06-21 09:40:25,663.0,1983530
2021-06-21 09:40:26,663.0,1983909
2021-06-21 09:40:27,662.8,1984093
2021-06-21 09:40:28,662.9,1984439
2021-06-21 09:40:29,663.0,1984967
2021-06-21 09:40:32,663.1,1986021
2021-06-21 09:40:33,662.75,1986459
2021-06-21 09:40:34,663.1,1987149
2021-06-21 09:40:35,662.7,1989071
2021-06-21 09:40:36,662.95,1989423
2021-06-21 09:40:38,662.3,1990212
2021-06-21 09:40:38,662.3,1990212
2021-06-21 09:40:39,662.6,1990308
2021-06-21 09:40:40,662.5,1990565
2021-06-21 09:40:41,662.5,1990565
2021-06-21 09:40:42,662.3,1991481
2021-06-21 09:40:43,662.65,1991482
2021-06-21 09:40:44,662.35,1991493
2021-06-21 09:40:45,662.4,1991835
2021-06-21 09:40:46,662.35,1992061
2021-06-21 09:40:47,662.35,1992198
2021-06-21 09:40:48,662.35,1992198
2021-06-21 09:40:49,662.35,1992401
2021-06-21 09:40:50,662.3,1992753
2021-06-21 09:40:53,662.15,1994230
2021-06-21 09:40:54,662.0,1994470
2021-06-21 09:40:55,662.1,1994728
2021-06-21 09:40:56,662.0,1994868
2021-06-21 09:40:57,662.0,1995213
2021-06-21 09:40:58,662.4,1997599
2021-06-21 09:40:59,662.35,1997751
2021-06-21 09:41:01,662.5,1998174
2021-06-21 09:41:02,662.15,1998189
2021-06-21 09:41:02,662.25,1998353
2021-06-21 09:41:03,662.45,1999180
2021-06-21 09:41:04,662.5,1999395
2021-06-21 09:41:05,662.5,1999413
2021-06-21 09:41:06,662.5,1999704
2021-06-21 09:41:07,662.5,1999959
2021-06-21 09:41:08,662.6,2000174
2021-06-21 09:41:09,662.45,2000714
2021-06-21 09:41:10,662.5,2000826
2021-06-21 09:41:11,662.45,2001121
2021-06-21 09:41:13,662.6,2001657
2021-06-21 09:41:14,662.6,2001876
2021-06-21 09:41:16,662.7,2003967
2021-06-21 09:41:16,663.0,2004042
2021-06-21 09:41:17,662.75,2005485
2021-06-21 09:41:18,662.75,2005522
2021-06-21 09:41:19,662.75,2005645
2021-06-21 09:41:20,663.1,2006339
2021-06-21 09:41:22,663.2,2007260
2021-06-21 09:41:23,663.5,2008800
2021-06-21 09:41:24,664.4,2020110
2021-06-21 09:41:25,663.85,2021266
2021-06-21 09:41:27,664.0,2022451
2021-06-21 09:41:27,664.0,2022451
2021-06-21 09:41:28,664.15,2022815
2021-06-21 09:41:30,664.6,2023351
2021-06-21 09:41:31,664.75,2024597
2021-06-21 09:41:32,664.85,2025488
2021-06-21 09:41:33,664.9,2026466
2021-06-21 09:41:34,664.75,2026684
2021-06-21 09:41:35,664.65,2026928
2021-06-21 09:41:36,665.35,2042344
2021-06-21 09:41:37,665.35,2044734
2021-06-21 09:41:38,665.0,2044887
2021-06-21 09:41:39,665.35,2045219
2021-06-21 09:41:41,665.0,2046718
2021-06-21 09:41:42,665.4,2049159
2021-06-21 09:41:43,665.95,2054464
2021-06-21 09:41:44,665.65,2055662
2021-06-21 09:41:44,665.65,2055692
2021-06-21 09:41:45,665.85,2056644
2021-06-21 09:41:47,665.8,2058439
2021-06-21 09:41:48,665.85,2058854
2021-06-21 09:41:50,666.0,2060790
2021-06-21 09:41:51,665.7,2061092
2021-06-21 09:41:52,665.85,2064396
2021-06-21 09:41:54,665.15,2066659
2021-06-21 09:41:54,665.45,2066388
2021-06-21 09:41:55,665.45,2066828
2021-06-21 09:41:56,665.1,2066839
2021-06-21 09:41:57,665.15,2068352
2021-06-21 09:41:59,665.75,2069649
2021-06-21 09:42:00,665.8,2070358
2021-06-21 09:42:01,665.95,2081358
2021-06-21 09:42:02,665.9,2081785
2021-06-21 09:42:03,666.2,2082431
2021-06-21 09:42:04,665.85,2083035
2021-06-21 09:42:05,666.2,2084099
2021-06-21 09:42:06,666.0,2084983
2021-06-21 09:42:07,666.0,2085347
2021-06-21 09:42:08,666.45,2086664
2021-06-21 09:42:09,666.1,2088055
2021-06-21 09:42:11,666.6,2089451
2021-06-21 09:42:12,666.3,2090799
2021-06-21 09:42:13,666.3,2090862
2021-06-21 09:42:14,666.3,2091928
2021-06-21 09:42:15,666.4,2093758
2021-06-21 09:42:17,666.55,2094009
2021-06-21 09:42:17,666.55,2094579
2021-06-21 09:42:18,666.8,2094870
2021-06-21 09:42:19,666.55,2095119
2021-06-21 09:42:20,666.9,2095537
2021-06-21 09:42:21,666.6,2095762
2021-06-21 09:42:23,666.35,2098568
2021-06-21 09:42:25,666.8,2102616
2021-06-21 09:42:27,666.7,2103916
2021-06-21 09:42:29,666.4,2104363
2021-06-21 09:42:30,666.5,2104814
2021-06-21 09:42:31,666.25,2107021
2021-06-21 09:42:31,666.4,2106892
2021-06-21 09:42:32,666.45,2107359
2021-06-21 09:42:34,666.3,2109737
2021-06-21 09:42:35,666.0,2109985
2021-06-21 09:42:36,666.25,2111111
2021-06-21 09:42:37,666.0,2112475
2021-06-21 09:42:38,666.1,2112611
2021-06-21 09:42:39,665.9,2113408
2021-06-21 09:42:40,665.8,2113783
2021-06-21 09:42:42,665.95,2113818
2021-06-21 09:42:43,665.9,2114781
2021-06-21 09:42:43,665.55,2115281
2021-06-21 09:42:44,665.5,2116063
2021-06-21 09:42:45,665.2,2116423
2021-06-21 09:42:46,665.2,2117223
2021-06-21 09:42:47,665.05,2117527
2021-06-21 09:42:48,665.0,2118391
2021-06-21 09:42:49,665.0,2118703
2021-06-21 09:42:50,665.05,2119048
2021-06-21 09:42:51,665.2,2120314
2021-06-21 09:42:52,664.65,2125962
2021-06-21 09:42:53,664.95,2127871
2021-06-21 09:42:56,665.0,2130582
2021-06-21 09:42:57,664.7,2131252
2021-06-21 09:42:58,665.05,2131936
2021-06-21 09:42:59,664.9,2134190
2021-06-21 09:43:00,665.1,2135080
2021-06-21 09:43:01,665.05,2135175
2021-06-21 09:43:02,665.3,2135382
2021-06-21 09:43:03,665.2,2136850
2021-06-21 09:43:04,665.0,2137324
2021-06-21 09:43:06,665.25,2137916
2021-06-21 09:43:07,664.85,2139177
2021-06-21 09:43:08,665.1,2139401
2021-06-21 09:43:08,665.5,2139451
2021-06-21 09:43:10,665.3,2141193
2021-06-21 09:43:11,665.5,2142325
2021-06-21 09:43:12,665.2,2143446
2021-06-21 09:43:12,665.15,2143470
2021-06-21 09:43:13,666.0,2148750
2021-06-21 09:43:14,666.0,2149028
2021-06-21 09:43:15,666.0,2149715
2021-06-21 09:43:16,666.0,2150009
2021-06-21 09:43:18,666.0,2150483
2021-06-21 09:43:19,665.9,2153273
2021-06-21 09:43:19,665.85,2153773
2021-06-21 09:43:20,666.3,2154462
2021-06-21 09:43:21,666.0,2155131
2021-06-21 09:43:22,665.9,2156906
2021-06-21 09:43:23,666.3,2157159
2021-06-21 09:43:26,666.0,2157728
2021-06-21 09:43:27,665.85,2158043
2021-06-21 09:43:28,666.0,2158647
2021-06-21 09:43:29,665.7,2158931
2021-06-21 09:43:30,665.8,2159036
2021-06-21 09:43:31,665.7,2159042
2021-06-21 09:43:32,665.85,2159122
2021-06-21 09:43:33,665.7,2159222
2021-06-21 09:43:34,666.05,2159938
2021-06-21 09:43:35,666.25,2160258
2021-06-21 09:43:36,666.0,2160268
2021-06-21 09:43:37,665.8,2160319
2021-06-21 09:43:38,665.8,2160357
2021-06-21 09:43:39,665.6,2163345
2021-06-21 09:43:40,665.8,2163438
2021-06-21 09:43:41,665.55,2163838
2021-06-21 09:43:42,665.65,2164666
2021-06-21 09:43:43,665.7,2164766
2021-06-21 09:43:44,665.25,2164889
2021-06-21 09:43:46,665.15,2164961
2021-06-21 09:43:47,665.4,2165261
2021-06-21 09:43:48,665.25,2166536
2021-06-21 09:43:49,665.0,2166764
2021-06-21 09:43:50,665.3,2166807
2021-06-21 09:43:51,665.3,2166875
2021-06-21 09:43:51,665.3,2166875
2021-06-21 09:43:52,665.05,2167330
2021-06-21 09:43:53,665.45,2168015
2021-06-21 09:43:54,665.0,2168095
2021-06-21 09:43:55,665.0,2168224
2021-06-21 09:43:57,665.0,2172950
2021-06-21 09:43:58,664.8,2173919
2021-06-21 09:43:59,664.65,2174048
2021-06-21 09:44:00,664.55,2174413
2021-06-21 09:44:01,664.55,2174609
2021-06-21 09:44:03,664.65,2174657
2021-06-21 09:44:04,664.5,2174933
2021-06-21 09:44:05,664.45,2174993
2021-06-21 09:44:07,664.45,2175058
2021-06-21 09:44:09,664.65,2179299
2021-06-21 09:44:10,664.7,2179412
2021-06-21 09:44:11,664.5,2179416
2021-06-21 09:44:12,664.65,2179480
2021-06-21 09:44:13,664.45,2180731
2021-06-21 09:44:14,664.7,2180925
2021-06-21 09:44:15,664.65,2181653
2021-06-21 09:44:15,664.3,2181148
2021-06-21 09:44:16,664.65,2181653
2021-06-21 09:44:17,664.3,2181872
2021-06-21 09:44:18,664.55,2181912
2021-06-21 09:44:19,664.05,2184634
2021-06-21 09:44:20,664.0,2186863
2021-06-21 09:44:22,664.2,2187274
2021-06-21 09:44:23,664.0,2187396
2021-06-21 09:44:24,664.05,2187621
2021-06-21 09:44:25,664.1,2187633
2021-06-21 09:44:25,664.0,2187836
2021-06-21 09:44:26,664.7,2188958
2021-06-21 09:44:27,664.6,2189597
2021-06-21 09:44:28,665.0,2189702
2021-06-21 09:44:29,665.0,2191345
2021-06-21 09:44:30,665.2,2191697
2021-06-21 09:44:31,665.15,2192946
2021-06-21 09:44:32,665.4,2193085
2021-06-21 09:44:34,665.0,2193485
2021-06-21 09:44:34,665.05,2193574
2021-06-21 09:44:35,664.7,2193585
2021-06-21 09:44:36,664.7,2193797
2021-06-21 09:44:38,664.7,2194266
2021-06-21 09:44:38,664.9,2194579
2021-06-21 09:44:40,664.7,2194925
2021-06-21 09:44:42,664.95,2195199
2021-06-21 09:44:43,664.95,2195199
2021-06-21 09:44:44,665.15,2195889
2021-06-21 09:44:45,664.95,2195970
2021-06-21 09:44:46,665.15,2196048
2021-06-21 09:44:46,665.15,2196048
2021-06-21 09:44:48,664.85,2197364
2021-06-21 09:44:49,665.1,2198013
2021-06-21 09:44:50,665.2,2198370
2021-06-21 09:44:51,664.85,2198458
2021-06-21 09:44:51,664.75,2198478
2021-06-21 09:44:52,665.05,2199189
2021-06-21 09:44:53,664.8,2199215
2021-06-21 09:44:54,664.7,2199692
2021-06-21 09:44:56,664.8,2199737
2021-06-21 09:44:57,664.8,2199942
2021-06-21 09:44:58,664.75,2200694
2021-06-21 09:44:59,664.95,2201556
2021-06-21 09:44:59,664.95,2201556
2021-06-21 09:45:01,665.25,2202230
2021-06-21 09:45:02,665.0,2202784
2021-06-21 09:45:03,665.0,2202784
2021-06-21 09:45:03,665.0,2202844
2021-06-21 09:45:04,664.95,2203002
2021-06-21 09:45:05,664.8,2203017
2021-06-21 09:45:06,664.8,2203036
2021-06-21 09:45:07,664.7,2203425
2021-06-21 09:45:08,664.8,2205244
2021-06-21 09:45:09,664.45,2206273
2021-06-21 09:45:14,663.8,2211613
2021-06-21 09:45:15,663.2,2214158
2021-06-21 09:45:16,662.85,2217851
2021-06-21 09:45:17,662.8,2218079
2021-06-21 09:45:18,662.85,2218253
2021-06-21 09:45:19,662.95,2220829
2021-06-21 09:45:20,662.65,2221073
2021-06-21 09:45:21,662.6,2222578
2021-06-21 09:45:21,662.6,2222578
2021-06-21 09:45:22,662.55,2222736
2021-06-21 09:45:23,662.6,2223034
2021-06-21 09:45:24,663.2,2223393
2021-06-21 09:45:26,663.5,2224562
2021-06-21 09:45:27,663.3,2224886
2021-06-21 09:45:28,662.85,2225804
2021-06-21 09:45:29,662.85,2226337
2021-06-21 09:45:31,663.0,2226948
2021-06-21 09:45:31,663.0,2226948
2021-06-21 09:45:32,662.8,2227008
2021-06-21 09:45:33,663.1,2227110
2021-06-21 09:45:34,662.8,2227493
2021-06-21 09:45:35,662.95,2227900
2021-06-21 09:45:36,662.95,2228029
2021-06-21 09:45:37,662.7,2228063
2021-06-21 09:45:38,662.65,2228207
2021-06-21 09:45:40,662.7,2228422
2021-06-21 09:45:41,662.6,2228460
2021-06-21 09:45:41,662.6,2228460
2021-06-21 09:45:43,662.6,2228742
2021-06-21 09:45:44,662.8,2230108
2021-06-21 09:45:45,662.7,2230337
2021-06-21 09:45:46,662.8,2230648
2021-06-21 09:45:47,662.9,2230778
2021-06-21 09:45:48,662.9,2230890
2021-06-21 09:45:49,662.7,2231118
2021-06-21 09:45:50,662.6,2231214
2021-06-21 09:45:51,662.6,2231304
2021-06-21 09:45:51,662.7,2231327
2021-06-21 09:45:53,662.6,2231400
2021-06-21 09:45:53,662.6,2231460
2021-06-21 09:45:55,662.85,2232076
2021-06-21 09:45:56,662.6,2232194
2021-06-21 09:45:57,662.6,2232304
2021-06-21 09:45:58,662.6,2232380
2021-06-21 09:45:59,662.5,2233365
2021-06-21 09:46:00,662.7,2234284
2021-06-21 09:46:01,662.8,2234482
2021-06-21 09:46:02,662.6,2236519
2021-06-21 09:46:03,662.95,2236562
2021-06-21 09:46:04,662.6,2236634
2021-06-21 09:46:05,662.6,2236816
2021-06-21 09:46:06,662.9,2237716
2021-06-21 09:46:07,662.5,2237726
2021-06-21 09:46:08,662.5,2239671
2021-06-21 09:46:09,662.4,2240222
2021-06-21 09:46:10,662.45,2241378
2021-06-21 09:46:11,662.55,2241630
2021-06-21 09:46:11,662.9,2241633
2021-06-21 09:46:12,662.9,2241651
2021-06-21 09:46:13,662.85,2241744
2021-06-21 09:46:15,662.5,2241776
2021-06-21 09:46:15,662.5,2241816
2021-06-21 09:46:17,662.6,2242301
2021-06-21 09:46:18,662.4,2243941
2021-06-21 09:46:19,662.3,2244068
2021-06-21 09:46:19,662.45,2244382
2021-06-21 09:46:20,662.25,2245465
2021-06-21 09:46:21,662.2,2246701
2021-06-21 09:46:23,662.3,2247537
2021-06-21 09:46:24,662.35,2248616
2021-06-21 09:46:25,662.05,2249654
2021-06-21 09:46:26,662.35,2249656
2021-06-21 09:46:27,662.2,2249740
2021-06-21 09:46:28,662.2,2250003
2021-06-21 09:46:28,662.35,2251134
2021-06-21 09:46:30,662.35,2251347
2021-06-21 09:46:31,662.35,2251507
2021-06-21 09:46:32,662.35,2251517
2021-06-21 09:46:33,662.5,2252398
2021-06-21 09:46:33,662.55,2252399
2021-06-21 09:46:34,662.45,2253768
2021-06-21 09:46:35,662.2,2253892
2021-06-21 09:46:37,662.3,2253918
2021-06-21 09:46:38,662.35,2253973
2021-06-21 09:46:38,662.4,2254237
2021-06-21 09:46:40,662.7,2254869
2021-06-21 09:46:41,662.2,2256724
2021-06-21 09:46:42,662.35,2256769
2021-06-21 09:46:43,662.2,2257400
2021-06-21 09:46:44,662.2,2258155
2021-06-21 09:46:45,662.2,2258226
2021-06-21 09:46:46,662.2,2258278
2021-06-21 09:46:47,662.0,2258447
2021-06-21 09:46:48,662.1,2258483
2021-06-21 09:46:49,662.0,2258959
2021-06-21 09:46:50,662.3,2259209
2021-06-21 09:46:52,662.1,2259264
2021-06-21 09:46:53,662.35,2259320
2021-06-21 09:46:54,662.1,2259358
2021-06-21 09:46:55,662.1,2259617
2021-06-21 09:46:56,662.6,2260974
2021-06-21 09:46:57,662.15,2261174
2021-06-21 09:46:58,662.1,2261184
2021-06-21 09:46:59,662.25,2261214
2021-06-21 09:47:00,662.2,2261344
2021-06-21 09:47:01,662.2,2261390
2021-06-21 09:47:01,662.2,2261390
2021-06-21 09:47:02,662.1,2261558
2021-06-21 09:47:05,662.0,2262623
2021-06-21 09:47:06,661.9,2268772
2021-06-21 09:47:07,662.0,2269051
2021-06-21 09:47:08,662.0,2269215
2021-06-21 09:47:09,662.1,2269353
2021-06-21 09:47:10,662.0,2269408
2021-06-21 09:47:11,662.0,2269576
2021-06-21 09:47:12,662.05,2269768
2021-06-21 09:47:12,662.0,2269678
2021-06-21 09:47:13,662.05,2269768
2021-06-21 09:47:15,662.1,2273695
2021-06-21 09:47:16,662.1,2273790
2021-06-21 09:47:17,662.1,2274392
2021-06-21 09:47:18,662.05,2274965
2021-06-21 09:47:19,662.05,2275336
2021-06-21 09:47:20,662.0,2275410
2021-06-21 09:47:21,662.05,2275553
2021-06-21 09:47:21,662.05,2275553
2021-06-21 09:47:22,662.05,2276156
2021-06-21 09:47:23,662.05,2276191
2021-06-21 09:47:26,662.05,2276492
2021-06-21 09:47:27,662.2,2277023
2021-06-21 09:47:28,662.0,2277090
2021-06-21 09:47:29,662.0,2277311
2021-06-21 09:47:30,662.0,2277527
2021-06-21 09:47:31,662.1,2277717
2021-06-21 09:47:32,662.15,2278496
2021-06-21 09:47:33,662.15,2278566
2021-06-21 09:47:33,662.15,2278566
2021-06-21 09:47:34,662.3,2278683
2021-06-21 09:47:36,662.3,2279011
2021-06-21 09:47:37,662.3,2279521
2021-06-21 09:47:38,662.4,2279634
2021-06-21 09:47:40,662.4,2280055
2021-06-21 09:47:41,662.55,2280556
2021-06-21 09:47:42,662.7,2281619
2021-06-21 09:47:43,662.35,2282014
2021-06-21 09:47:44,662.35,2282076
2021-06-21 09:47:45,662.3,2282271
2021-06-21 09:47:45,662.3,2282271
2021-06-21 09:47:46,662.75,2282592
2021-06-21 09:47:48,662.7,2282633
2021-06-21 09:47:49,662.4,2282876
2021-06-21 09:47:50,662.4,2282896
2021-06-21 09:47:51,662.35,2285119
2021-06-21 09:47:52,662.8,2285244
2021-06-21 09:47:52,662.75,2285280
2021-06-21 09:47:54,662.6,2285302
2021-06-21 09:47:55,662.8,2285734
2021-06-21 09:47:56,662.6,2285885
2021-06-21 09:47:57,662.8,2286496
2021-06-21 09:47:58,662.45,2286685
2021-06-21 09:47:59,662.45,2286774
2021-06-21 09:48:00,662.45,2287697
2021-06-21 09:48:01,662.45,2287727
2021-06-21 09:48:02,662.3,2288039
2021-06-21 09:48:03,662.25,2292862
2021-06-21 09:48:04,662.25,2294014
2021-06-21 09:48:05,662.25,2294014
2021-06-21 09:48:07,662.0,2294112
2021-06-21 09:48:08,662.25,2296025
2021-06-21 09:48:09,662.25,2296025
2021-06-21 09:48:10,662.6,2296257
2021-06-21 09:48:11,662.7,2296478
2021-06-21 09:48:12,662.5,2296497
2021-06-21 09:48:13,662.7,2296572
2021-06-21 09:48:14,662.7,2296731
2021-06-21 09:48:15,662.7,2296731
2021-06-21 09:48:16,662.5,2296748
2021-06-21 09:48:17,662.4,2296854
2021-06-21 09:48:18,662.2,2297093
2021-06-21 09:48:19,662.25,2297414
2021-06-21 09:48:20,662.15,2298418
2021-06-21 09:48:21,662.05,2298738
2021-06-21 09:48:22,662.4,2298945
2021-06-21 09:48:23,662.4,2299062
2021-06-21 09:48:24,662.4,2299062
2021-06-21 09:48:25,662.4,2300028
2021-06-21 09:48:26,662.4,2300038
2021-06-21 09:48:27,662.25,2300069
2021-06-21 09:48:28,662.3,2300209
2021-06-21 09:48:29,662.55,2301609
2021-06-21 09:48:30,662.5,2302037
2021-06-21 09:48:31,662.55,2302361
2021-06-21 09:48:32,662.6,2302471
2021-06-21 09:48:33,662.9,2302681
2021-06-21 09:48:34,662.55,2302798
2021-06-21 09:48:35,662.6,2302824
2021-06-21 09:48:36,662.6,2302856
2021-06-21 09:48:37,662.9,2303125
2021-06-21 09:48:38,662.9,2303134
2021-06-21 09:48:39,662.55,2303252
2021-06-21 09:48:40,662.9,2303491
2021-06-21 09:48:41,662.9,2304122
2021-06-21 09:48:42,662.85,2304530
2021-06-21 09:48:44,662.55,2305165
2021-06-21 09:48:45,662.55,2305175
2021-06-21 09:48:46,662.5,2305502
2021-06-21 09:48:47,662.4,2305700
2021-06-21 09:48:48,662.4,2305768
2021-06-21 09:48:49,662.4,2306831
2021-06-21 09:48:50,662.4,2306831
2021-06-21 09:48:51,662.3,2306841
2021-06-21 09:48:52,662.15,2307171
2021-06-21 09:48:54,662.4,2307378
2021-06-21 09:48:55,662.3,2308049
2021-06-21 09:48:56,662.3,2308149
2021-06-21 09:48:57,662.2,2308872
2021-06-21 09:48:58,662.55,2308901
2021-06-21 09:48:59,662.55,2309169
2021-06-21 09:49:00,662.55,2309319
2021-06-21 09:49:01,662.2,2309393
2021-06-21 09:49:02,662.5,2309593
2021-06-21 09:49:03,662.25,2309627
2021-06-21 09:49:04,662.25,2309777
2021-06-21 09:49:05,662.5,2309855
2021-06-21 09:49:06,662.25,2309896
2021-06-21 09:49:07,662.3,2309939
2021-06-21 09:49:08,662.5,2311135
2021-06-21 09:49:09,662.5,2311454
2021-06-21 09:49:10,662.7,2311700
2021-06-21 09:49:11,662.7,2311720
2021-06-21 09:49:12,662.6,2312322
2021-06-21 09:49:13,662.9,2312522
2021-06-21 09:49:14,662.9,2312907
2021-06-21 09:49:15,662.55,2313857
2021-06-21 09:49:16,662.9,2314134
2021-06-21 09:49:17,662.6,2314249
2021-06-21 09:49:18,662.9,2314250
2021-06-21 09:49:19,662.55,2314376
2021-06-21 09:49:20,662.85,2314476
2021-06-21 09:49:21,662.55,2315017
2021-06-21 09:49:22,662.45,2315120
2021-06-21 09:49:23,662.35,2315311
2021-06-21 09:49:24,662.6,2315947
2021-06-21 09:49:25,662.4,2316159
2021-06-21 09:49:26,662.35,2316225
2021-06-21 09:49:28,662.65,2316453
2021-06-21 09:49:29,662.6,2316646
2021-06-21 09:49:30,662.6,2316682
2021-06-21 09:49:31,662.55,2316782
2021-06-21 09:49:32,663.0,2319107
2021-06-21 09:49:33,663.0,2319107
2021-06-21 09:49:34,662.65,2319277
2021-06-21 09:49:35,663.0,2319587
2021-06-21 09:49:36,663.0,2319587
2021-06-21 09:49:37,662.7,2319619
2021-06-21 09:49:38,663.2,2321182
2021-06-21 09:49:39,662.75,2321547
2021-06-21 09:49:40,662.75,2321547
2021-06-21 09:49:41,662.75,2321653
2021-06-21 09:49:42,662.75,2321655
2021-06-21 09:49:43,663.1,2321925
2021-06-21 09:49:44,662.75,2322046
2021-06-21 09:49:45,662.75,2322555
2021-06-21 09:49:46,662.75,2322655
2021-06-21 09:49:47,662.85,2329364
2021-06-21 09:49:48,663.15,2329376
2021-06-21 09:49:49,662.75,2329562
2021-06-21 09:49:50,662.75,2329815
2021-06-21 09:49:51,663.0,2330012
2021-06-21 09:49:52,663.05,2330141
2021-06-21 09:49:53,662.75,2330353
2021-06-21 09:49:54,662.8,2330582
2021-06-21 09:49:55,663.05,2330583
2021-06-21 09:49:56,663.05,2330616
2021-06-21 09:49:57,662.85,2330693
2021-06-21 09:49:58,663.05,2331129
2021-06-21 09:49:59,663.05,2331251
2021-06-21 09:50:00,662.95,2331291
2021-06-21 09:50:01,663.45,2331457
2021-06-21 09:50:02,663.1,2331658
2021-06-21 09:50:03,663.55,2331953
2021-06-21 09:50:04,662.85,2332136
2021-06-21 09:50:05,662.85,2332195
2021-06-21 09:50:06,662.85,2332250
2021-06-21 09:50:07,663.3,2332675
2021-06-21 09:50:08,663.05,2333002
2021-06-21 09:50:09,663.0,2333725
2021-06-21 09:50:10,663.4,2334040
2021-06-21 09:50:11,663.0,2334433
2021-06-21 09:50:12,663.05,2334548
2021-06-21 09:50:13,663.1,2334736
2021-06-21 09:50:14,663.1,2335176
2021-06-21 09:50:15,663.1,2335250
2021-06-21 09:50:17,663.25,2336175
2021-06-21 09:50:17,663.75,2337291
2021-06-21 09:50:18,663.35,2337329
2021-06-21 09:50:19,663.45,2337520
2021-06-21 09:50:20,663.4,2337676
2021-06-21 09:50:21,663.8,2337787
2021-06-21 09:50:23,663.9,2338415
2021-06-21 09:50:23,663.65,2338718
2021-06-21 09:50:24,664.35,2340492
2021-06-21 09:50:26,664.35,2341408
2021-06-21 09:50:28,664.25,2341735
2021-06-21 09:50:28,664.25,2341735
2021-06-21 09:50:29,663.8,2342745
2021-06-21 09:50:30,663.85,2342976
2021-06-21 09:50:32,663.15,2343637
2021-06-21 09:50:33,663.15,2343677
2021-06-21 09:50:35,663.25,2344183
2021-06-21 09:50:36,663.05,2345931
2021-06-21 09:50:37,662.85,2346051
2021-06-21 09:50:39,662.85,2346203
2021-06-21 09:50:39,662.5,2347227
2021-06-21 09:50:40,662.5,2347958
2021-06-21 09:50:42,662.85,2348197
2021-06-21 09:50:42,662.85,2348247
2021-06-21 09:50:43,663.0,2348676
2021-06-21 09:50:44,662.95,2348822
2021-06-21 09:50:45,663.55,2349275
2021-06-21 09:50:46,663.5,2349685
2021-06-21 09:50:47,663.25,2349725
2021-06-21 09:50:48,663.1,2351050
2021-06-21 09:50:49,663.1,2351382
2021-06-21 09:50:50,663.5,2351580
2021-06-21 09:50:51,662.95,2352386
2021-06-21 09:50:53,662.9,2352474
2021-06-21 09:50:53,662.75,2353285
2021-06-21 09:50:55,663.8,2355149
2021-06-21 09:50:55,663.75,2356679
2021-06-21 09:50:56,663.85,2356800
2021-06-21 09:50:57,663.5,2357522
2021-06-21 09:50:58,663.5,2357551
2021-06-21 09:50:59,663.5,2357768
2021-06-21 09:51:00,663.65,2358286
2021-06-21 09:51:01,663.65,2358346
2021-06-21 09:51:02,664.0,2358406
2021-06-21 09:51:03,663.7,2358452
2021-06-21 09:51:04,663.95,2358600
2021-06-21 09:51:05,663.95,2358600
2021-06-21 09:51:09,664.0,2360703
2021-06-21 09:51:09,664.0,2360703
2021-06-21 09:51:10,664.0,2361294
2021-06-21 09:51:11,664.0,2361723
2021-06-21 09:51:12,664.0,2361836
2021-06-21 09:51:13,663.9,2362014
2021-06-21 09:51:15,664.25,2363625
2021-06-21 09:51:16,664.2,2363800
2021-06-21 09:51:17,664.25,2363855
2021-06-21 09:51:19,664.4,2364247
2021-06-21 09:51:19,664.0,2364347
2021-06-21 09:51:20,664.0,2364693
2021-06-21 09:51:22,663.75,2365323
2021-06-21 09:51:23,663.0,2367500
2021-06-21 09:51:24,663.0,2367770
2021-06-21 09:51:25,663.35,2369285
2021-06-21 09:51:26,662.9,2369411
2021-06-21 09:51:27,662.95,2369945
2021-06-21 09:51:30,662.95,2370222
2021-06-21 09:51:30,662.95,2370222
2021-06-21 09:51:31,662.95,2370236
2021-06-21 09:51:32,663.0,2370331
2021-06-21 09:51:33,662.95,2371266
2021-06-21 09:51:34,663.0,2372228
2021-06-21 09:51:35,663.3,2372370
2021-06-21 09:51:36,662.85,2372573
2021-06-21 09:51:38,663.0,2374395
2021-06-21 09:51:40,663.25,2374515
2021-06-21 09:51:40,663.25,2374515
2021-06-21 09:51:41,663.25,2374515
2021-06-21 09:51:42,662.85,2375085
2021-06-21 09:51:43,663.0,2375130
2021-06-21 09:51:44,663.0,2375170
2021-06-21 09:51:46,662.85,2375575
2021-06-21 09:51:47,662.85,2375818
2021-06-21 09:51:48,662.85,2375818
2021-06-21 09:51:49,662.85,2376515
2021-06-21 09:51:51,662.85,2376634
2021-06-21 09:51:52,662.85,2376743
2021-06-21 09:51:53,662.85,2376917
2021-06-21 09:51:54,662.65,2377240
2021-06-21 09:51:55,662.65,2377740
2021-06-21 09:51:56,662.5,2378690
2021-06-21 09:51:57,662.5,2379012
2021-06-21 09:51:58,662.45,2379259
2021-06-21 09:52:00,662.45,2379699
2021-06-21 09:52:00,662.45,2379799
2021-06-21 09:52:01,662.55,2381241
2021-06-21 09:52:02,662.2,2381314
2021-06-21 09:52:03,662.55,2381318
2021-06-21 09:52:04,662.2,2381475
2021-06-21 09:52:05,662.1,2381654
2021-06-21 09:52:06,662.2,2381719
2021-06-21 09:52:07,662.05,2382587
2021-06-21 09:52:09,662.4,2382805
2021-06-21 09:52:09,662.1,2383026
2021-06-21 09:52:10,662.45,2383257
2021-06-21 09:52:11,662.45,2383282
2021-06-21 09:52:12,662.1,2383388
2021-06-21 09:52:13,662.05,2384928
2021-06-21 09:52:14,661.95,2388569
2021-06-21 09:52:15,662.05,2388684
2021-06-21 09:52:16,661.95,2388756
2021-06-21 09:52:17,661.85,2389657
2021-06-21 09:52:18,662.2,2392356
2021-06-21 09:52:20,661.8,2392881
2021-06-21 09:52:21,662.1,2394439
2021-06-21 09:52:22,661.85,2394474
2021-06-21 09:52:24,662.1,2394687
2021-06-21 09:52:25,661.6,2397132
2021-06-21 09:52:26,661.95,2399772
2021-06-21 09:52:26,661.95,2399772
2021-06-21 09:52:27,661.5,2400412
2021-06-21 09:52:28,661.85,2400574
2021-06-21 09:52:29,661.6,2400713
2021-06-21 09:52:30,661.55,2400869
2021-06-21 09:52:32,661.85,2403552
2021-06-21 09:52:33,661.85,2403729
2021-06-21 09:52:34,661.85,2404258
2021-06-21 09:52:35,661.5,2406234
2021-06-21 09:52:36,661.85,2406235
2021-06-21 09:52:37,661.55,2406406
2021-06-21 09:52:37,661.55,2406381
2021-06-21 09:52:38,661.55,2406816
2021-06-21 09:52:39,661.85,2407241
2021-06-21 09:52:41,661.55,2407394
2021-06-21 09:52:42,661.6,2407472
2021-06-21 09:52:42,661.45,2407846
2021-06-21 09:52:43,661.45,2408074
2021-06-21 09:52:44,661.65,2409534
2021-06-21 09:52:45,661.6,2409793
2021-06-21 09:52:46,662.05,2411472
2021-06-21 09:52:48,662.5,2411917
2021-06-21 09:52:49,662.6,2412248
2021-06-21 09:52:50,662.2,2413596
2021-06-21 09:52:51,662.5,2413660
2021-06-21 09:52:52,662.3,2413750
2021-06-21 09:52:54,662.35,2414154
2021-06-21 09:52:55,662.5,2414371
2021-06-21 09:52:55,662.5,2414371
2021-06-21 09:52:56,662.35,2414453
2021-06-21 09:52:57,662.5,2414896
2021-06-21 09:52:58,662.45,2415411
2021-06-21 09:52:59,662.45,2415734
2021-06-21 09:53:01,662.8,2415850
2021-06-21 09:53:02,662.45,2415946
2021-06-21 09:53:03,662.35,2416025
2021-06-21 09:53:03,662.35,2416025
2021-06-21 09:53:04,662.35,2416434
2021-06-21 09:53:05,662.3,2416524
2021-06-21 09:53:06,662.65,2416704
2021-06-21 09:53:08,662.65,2416809
2021-06-21 09:53:09,662.65,2416809
2021-06-21 09:53:10,662.35,2416938
2021-06-21 09:53:10,662.35,2416937
2021-06-21 09:53:11,662.4,2416973
2021-06-21 09:53:12,662.5,2417054
2021-06-21 09:53:13,662.5,2417054
2021-06-21 09:53:14,662.5,2417186
2021-06-21 09:53:15,662.4,2417943
2021-06-21 09:53:16,662.4,2418119
2021-06-21 09:53:17,662.3,2419124
2021-06-21 09:53:21,662.45,2419657
2021-06-21 09:53:21,662.15,2419793
2021-06-21 09:53:23,662.15,2420229
2021-06-21 09:53:24,662.15,2420229
2021-06-21 09:53:25,662.1,2420568
2021-06-21 09:53:25,662.1,2420568
2021-06-21 09:53:26,662.0,2420836
2021-06-21 09:53:27,662.3,2420855
2021-06-21 09:53:28,662.5,2422429
2021-06-21 09:53:30,662.2,2422442
2021-06-21 09:53:31,662.05,2422546
2021-06-21 09:53:32,662.1,2422880
2021-06-21 09:53:33,662.0,2423168
2021-06-21 09:53:34,662.05,2423592
2021-06-21 09:53:35,662.05,2423592
2021-06-21 09:53:36,662.0,2424275
2021-06-21 09:53:37,662.0,2424393
2021-06-21 09:53:38,662.0,2424393
2021-06-21 09:53:39,662.0,2424419
2021-06-21 09:53:40,662.0,2424443
2021-06-21 09:53:41,662.1,2424627
2021-06-21 09:53:43,662.05,2424790
2021-06-21 09:53:44,662.2,2424997
2021-06-21 09:53:45,662.05,2425467
2021-06-21 09:53:45,662.05,2425576
2021-06-21 09:53:46,662.1,2425748
2021-06-21 09:53:47,662.1,2425774
2021-06-21 09:53:50,662.1,2425926
2021-06-21 09:53:50,662.1,2425926
2021-06-21 09:53:51,662.1,2425926
2021-06-21 09:53:52,662.15,2426608
2021-06-21 09:53:53,662.1,2426978
2021-06-21 09:53:54,662.1,2427125
2021-06-21 09:53:56,662.1,2427217
2021-06-21 09:53:57,662.1,2427253
2021-06-21 09:53:57,662.0,2427283
2021-06-21 09:53:58,662.0,2427283
2021-06-21 09:53:59,662.0,2427605
2021-06-21 09:54:00,662.0,2427632
2021-06-21 09:54:01,662.0,2427752
2021-06-21 09:54:02,661.65,2428706
2021-06-21 09:54:03,661.6,2430764
2021-06-21 09:54:05,661.9,2430987
2021-06-21 09:54:06,661.65,2431229
2021-06-21 09:54:06,661.65,2431229
2021-06-21 09:54:07,661.75,2431497
2021-06-21 09:54:08,661.7,2431558
2021-06-21 09:54:09,661.65,2431826
2021-06-21 09:54:10,661.75,2433521
2021-06-21 09:54:11,662.1,2433686
2021-06-21 09:54:12,661.7,2433896
2021-06-21 09:54:13,661.7,2433896
2021-06-21 09:54:14,661.7,2434122
2021-06-21 09:54:15,661.7,2434275
2021-06-21 09:54:16,662.0,2434716
2021-06-21 09:54:17,662.0,2434717
2021-06-21 09:54:19,661.7,2434818
2021-06-21 09:54:20,661.7,2435423
2021-06-21 09:54:20,661.5,2435433
2021-06-21 09:54:21,662.0,2436451
2021-06-21 09:54:23,661.7,2436549
2021-06-21 09:54:24,661.7,2436829
2021-06-21 09:54:25,661.75,2436884
2021-06-21 09:54:26,661.6,2440085
2021-06-21 09:54:27,662.0,2440169
2021-06-21 09:54:28,662.0,2440169
2021-06-21 09:54:29,662.45,2443496
2021-06-21 09:54:30,662.0,2443598
2021-06-21 09:54:32,661.9,2443703
2021-06-21 09:54:33,661.85,2445045
2021-06-21 09:54:33,661.85,2445267
2021-06-21 09:54:34,661.8,2445444
2021-06-21 09:54:35,662.0,2445554
2021-06-21 09:54:36,661.75,2445654
2021-06-21 09:54:38,662.05,2445668
2021-06-21 09:54:39,662.05,2445781
2021-06-21 09:54:40,661.65,2446977
2021-06-21 09:54:41,661.55,2447018
2021-06-21 09:54:42,661.65,2447228
2021-06-21 09:54:42,661.5,2447479
2021-06-21 09:54:43,661.95,2448280
2021-06-21 09:54:44,661.6,2448405
2021-06-21 09:54:45,661.55,2448445
2021-06-21 09:54:46,661.65,2448635
2021-06-21 09:54:48,661.95,2449231
2021-06-21 09:54:49,661.65,2449713
2021-06-21 09:54:50,661.65,2450344
2021-06-21 09:54:51,662.0,2450419
2021-06-21 09:54:52,661.8,2450466
2021-06-21 09:54:53,661.95,2450708
2021-06-21 09:54:55,661.8,2451416
2021-06-21 09:54:56,661.65,2451968
2021-06-21 09:54:56,661.65,2452038
2021-06-21 09:54:58,661.65,2452241
2021-06-21 09:54:59,661.65,2452555
2021-06-21 09:54:59,661.65,2452555
2021-06-21 09:55:01,662.1,2456046
2021-06-21 09:55:02,662.45,2456180
2021-06-21 09:55:03,662.5,2457698
2021-06-21 09:55:04,662.85,2457955
2021-06-21 09:55:05,663.2,2460778
2021-06-21 09:55:06,663.25,2460814
2021-06-21 09:55:08,663.2,2460864
2021-06-21 09:55:09,663.2,2461114
2021-06-21 09:55:10,662.75,2469494
2021-06-21 09:55:11,662.4,2469550
2021-06-21 09:55:12,662.4,2469617
2021-06-21 09:55:13,662.65,2469676
2021-06-21 09:55:13,662.65,2469676
2021-06-21 09:55:14,662.45,2470284
2021-06-21 09:55:15,662.45,2470484
2021-06-21 09:55:16,662.6,2470558
2021-06-21 09:55:18,662.55,2470863
2021-06-21 09:55:19,662.5,2471150
2021-06-21 09:55:19,662.5,2471276
2021-06-21 09:55:20,663.05,2471433
2021-06-21 09:55:21,663.1,2471568
2021-06-21 09:55:22,663.5,2472000
2021-06-21 09:55:23,663.8,2472101
2021-06-21 09:55:25,663.65,2472229
2021-06-21 09:55:26,664.05,2474878
2021-06-21 09:55:27,664.1,2475318
2021-06-21 09:55:28,664.4,2477288
2021-06-21 09:55:29,664.2,2478085
2021-06-21 09:55:30,664.55,2478911
2021-06-21 09:55:31,664.1,2479018
2021-06-21 09:55:32,664.1,2479067
2021-06-21 09:55:33,664.55,2480052
2021-06-21 09:55:34,664.95,2482008
2021-06-21 09:55:35,665.2,2484711
2021-06-21 09:55:36,665.45,2485803
2021-06-21 09:55:36,665.45,2485803
2021-06-21 09:55:38,665.55,2487476
2021-06-21 09:55:39,665.35,2488469
2021-06-21 09:55:41,665.2,2488865
2021-06-21 09:55:42,665.0,2490040
2021-06-21 09:55:43,665.15,2490833
2021-06-21 09:55:44,665.4,2491710
2021-06-21 09:55:44,665.4,2491710
2021-06-21 09:55:45,665.05,2491782
2021-06-21 09:55:46,665.1,2491978
2021-06-21 09:55:47,665.55,2498742
2021-06-21 09:55:49,665.25,2499354
2021-06-21 09:55:50,665.25,2500474
2021-06-21 09:55:51,665.3,2500861
2021-06-21 09:55:52,665.7,2501494
2021-06-21 09:55:53,665.45,2501653
2021-06-21 09:55:53,665.5,2501657
2021-06-21 09:55:54,665.85,2502366
2021-06-21 09:55:55,665.5,2502791
2021-06-21 09:55:56,665.65,2503105
2021-06-21 09:55:58,666.1,2506549
2021-06-21 09:55:59,666.05,2507686
2021-06-21 09:56:00,666.05,2508544
2021-06-21 09:56:00,666.1,2508595
2021-06-21 09:56:01,665.9,2508999
2021-06-21 09:56:03,665.95,2509130
2021-06-21 09:56:04,666.0,2509495
2021-06-21 09:56:05,666.0,2509862
2021-06-21 09:56:06,666.0,2511530
2021-06-21 09:56:06,666.0,2511530
2021-06-21 09:56:07,666.0,2512314
2021-06-21 09:56:10,665.8,2512643
2021-06-21 09:56:11,665.8,2512929
2021-06-21 09:56:11,665.8,2512929
2021-06-21 09:56:12,665.7,2513033
2021-06-21 09:56:13,665.6,2513181
2021-06-21 09:56:14,665.6,2513308
2021-06-21 09:56:15,665.9,2513399
2021-06-21 09:56:16,665.85,2516355
2021-06-21 09:56:18,666.05,2516493
2021-06-21 09:56:19,666.15,2516978
2021-06-21 09:56:20,666.15,2517581
2021-06-21 09:56:22,665.75,2519321
2021-06-21 09:56:23,665.65,2521451
2021-06-21 09:56:23,665.65,2521501
2021-06-21 09:56:24,666.0,2522619
2021-06-21 09:56:26,665.85,2522645
2021-06-21 09:56:27,665.8,2522696
2021-06-21 09:56:28,665.9,2522715
2021-06-21 09:56:28,665.9,2522715
2021-06-21 09:56:29,665.3,2523386
2021-06-21 09:56:30,665.8,2528855
2021-06-21 09:56:32,666.0,2529025
2021-06-21 09:56:33,666.0,2529214
2021-06-21 09:56:34,666.05,2530292
2021-06-21 09:56:36,666.05,2530925
2021-06-21 09:56:36,666.3,2531125
2021-06-21 09:56:37,666.4,2531758
2021-06-21 09:56:38,666.7,2535858
2021-06-21 09:56:39,666.35,2535954
2021-06-21 09:56:41,666.35,2536233
2021-06-21 09:56:42,666.55,2536694
2021-06-21 09:56:44,666.95,2549631
2021-06-21 09:56:44,667.35,2549871
2021-06-21 09:56:45,667.05,2550844
2021-06-21 09:56:47,667.05,2551388
2021-06-21 09:56:48,667.1,2553187
2021-06-21 09:56:49,667.1,2553441
2021-06-21 09:56:50,667.1,2553846
2021-06-21 09:56:51,667.1,2555183
2021-06-21 09:56:51,667.45,2555283
2021-06-21 09:56:52,667.1,2555413
2021-06-21 09:56:54,667.1,2555848
2021-06-21 09:56:55,667.25,2556385
2021-06-21 09:56:56,667.65,2558009
2021-06-21 09:56:57,667.3,2558425
2021-06-21 09:56:58,667.25,2559481
2021-06-21 09:56:59,667.2,2559737
2021-06-21 09:57:00,667.25,2560337
2021-06-21 09:57:01,666.95,2561291
2021-06-21 09:57:02,666.8,2562097
2021-06-21 09:57:03,667.2,2562771
2021-06-21 09:57:04,667.0,2564257
2021-06-21 09:57:05,667.0,2564643
2021-06-21 09:57:07,667.3,2564952
2021-06-21 09:57:08,666.95,2565176
2021-06-21 09:57:09,667.3,2565631
2021-06-21 09:57:10,667.3,2566054
2021-06-21 09:57:11,667.2,2566513
2021-06-21 09:57:13,667.45,2568182
2021-06-21 09:57:14,667.3,2568768
2021-06-21 09:57:15,666.85,2569140
2021-06-21 09:57:16,667.0,2569390
2021-06-21 09:57:17,666.9,2569628
2021-06-21 09:57:19,667.2,2569880
2021-06-21 09:57:20,667.0,2570188
2021-06-21 09:57:21,667.05,2570365
2021-06-21 09:57:21,666.85,2571167
2021-06-21 09:57:22,666.85,2571215
2021-06-21 09:57:23,667.0,2571268
2021-06-21 09:57:24,666.85,2571317
2021-06-21 09:57:25,666.8,2573636
2021-06-21 09:57:27,667.0,2574464
2021-06-21 09:57:27,666.85,2574508
2021-06-21 09:57:30,667.5,2575319
2021-06-21 09:57:31,667.0,2575486
2021-06-21 09:57:31,667.05,2575521
2021-06-21 09:57:33,667.05,2575761
2021-06-21 09:57:34,667.05,2575885
2021-06-21 09:57:35,667.5,2576803
2021-06-21 09:57:36,667.25,2580510
2021-06-21 09:57:37,667.3,2580720
2021-06-21 09:57:39,666.95,2581759
2021-06-21 09:57:41,667.3,2581856
2021-06-21 09:57:42,667.15,2585369
2021-06-21 09:57:43,666.7,2585454
2021-06-21 09:57:44,667.2,2585979
2021-06-21 09:57:45,667.0,2586296
2021-06-21 09:57:46,667.0,2586307
2021-06-21 09:57:47,666.95,2586657
2021-06-21 09:57:48,667.0,2587429
2021-06-21 09:57:49,666.7,2588479
2021-06-21 09:57:50,666.7,2588489
2021-06-21 09:57:51,666.85,2588524
2021-06-21 09:57:52,666.5,2588683
2021-06-21 09:57:55,666.5,2589191
2021-06-21 09:57:56,666.5,2589272
2021-06-21 09:57:57,666.7,2589594
2021-06-21 09:57:58,666.35,2590302
2021-06-21 09:57:59,666.7,2591353
2021-06-21 09:57:59,666.3,2591572
2021-06-21 09:58:01,666.35,2591774
2021-06-21 09:58:02,666.35,2593209
2021-06-21 09:58:02,666.55,2593907
2021-06-21 09:58:03,666.2,2594009
2021-06-21 09:58:05,666.45,2594440
2021-06-21 09:58:06,666.4,2595025
2021-06-21 09:58:07,666.15,2595616
2021-06-21 09:58:08,666.2,2596465
2021-06-21 09:58:09,666.0,2601234
2021-06-21 09:58:10,666.0,2601501
2021-06-21 09:58:11,666.0,2602112
2021-06-21 09:58:12,666.25,2602431
2021-06-21 09:58:13,666.25,2602431
2021-06-21 09:58:14,666.0,2603347
2021-06-21 09:58:15,666.85,2604577
2021-06-21 09:58:16,666.4,2604627
2021-06-21 09:58:17,666.7,2604895
2021-06-21 09:58:18,666.2,2605186
2021-06-21 09:58:19,666.05,2605517
2021-06-21 09:58:20,666.0,2605711
2021-06-21 09:58:21,666.2,2605831
2021-06-21 09:58:22,666.25,2606053
2021-06-21 09:58:23,666.25,2606342
2021-06-21 09:58:24,666.25,2606809
2021-06-21 09:58:25,665.75,2607675
2021-06-21 09:58:26,666.0,2607701
2021-06-21 09:58:27,666.2,2607703
2021-06-21 09:58:27,666.2,2607703
2021-06-21 09:58:28,665.8,2607733
2021-06-21 09:58:29,665.45,2608545
2021-06-21 09:58:30,665.75,2608565
2021-06-21 09:58:31,665.6,2608641
2021-06-21 09:58:33,665.25,2608958
2021-06-21 09:58:35,665.35,2610815
2021-06-21 09:58:36,665.6,2612087
2021-06-21 09:58:37,665.6,2612656
2021-06-21 09:58:38,665.6,2614185
2021-06-21 09:58:38,665.25,2612924
2021-06-21 09:58:39,665.2,2614514
2021-06-21 09:58:40,665.2,2614563
2021-06-21 09:58:41,665.25,2614599
2021-06-21 09:58:42,665.2,2614993
2021-06-21 09:58:45,665.5,2615330
2021-06-21 09:58:46,665.25,2615345
2021-06-21 09:58:47,665.2,2615352
2021-06-21 09:58:48,665.15,2615432
2021-06-21 09:58:49,665.2,2615550
2021-06-21 09:58:50,665.5,2615970
2021-06-21 09:58:51,665.2,2616791
2021-06-21 09:58:52,665.2,2616797
2021-06-21 09:58:53,665.8,2618440
2021-06-21 09:58:55,665.45,2618628
2021-06-21 09:58:56,666.0,2618702
2021-06-21 09:58:57,665.65,2619670
2021-06-21 09:58:59,665.85,2620002
2021-06-21 09:59:00,665.45,2620087
2021-06-21 09:59:03,665.65,2620261
2021-06-21 09:59:04,665.65,2620442
2021-06-21 09:59:05,665.45,2620543
2021-06-21 09:59:06,665.6,2620593
2021-06-21 09:59:07,665.5,2620648
2021-06-21 09:59:08,665.5,2620668
2021-06-21 09:59:09,665.55,2620916
2021-06-21 09:59:10,665.6,2620933
2021-06-21 09:59:11,665.6,2621132
2021-06-21 09:59:12,665.55,2621516
2021-06-21 09:59:13,665.7,2621572
2021-06-21 09:59:14,665.7,2621572
2021-06-21 09:59:15,665.55,2621975
2021-06-21 09:59:16,665.55,2621975
2021-06-21 09:59:17,665.55,2622209
2021-06-21 09:59:18,665.55,2622240
2021-06-21 09:59:19,665.55,2622659
2021-06-21 09:59:20,665.9,2626821
2021-06-21 09:59:21,665.85,2626991
2021-06-21 09:59:22,665.85,2626993
2021-06-21 09:59:23,665.85,2626993
2021-06-21 09:59:24,665.6,2627213
2021-06-21 09:59:26,665.6,2627377
2021-06-21 09:59:27,665.6,2627377
2021-06-21 09:59:28,665.6,2627577
2021-06-21 09:59:29,665.6,2627702
2021-06-21 09:59:30,665.65,2629294
2021-06-21 09:59:31,666.0,2629650
2021-06-21 09:59:32,665.65,2629881
2021-06-21 09:59:33,665.65,2629881
2021-06-21 09:59:35,665.6,2631464
2021-06-21 09:59:36,665.6,2631465
2021-06-21 09:59:37,665.6,2631468
2021-06-21 09:59:38,665.6,2631487
2021-06-21 09:59:39,665.95,2631600
2021-06-21 09:59:40,665.6,2631663
2021-06-21 09:59:41,665.65,2631974
2021-06-21 09:59:43,665.6,2633926
2021-06-21 09:59:44,665.6,2634436
2021-06-21 09:59:45,665.85,2634688
2021-06-21 09:59:46,665.85,2634688
2021-06-21 09:59:47,665.85,2635218
2021-06-21 09:59:48,665.6,2635219
2021-06-21 09:59:49,665.6,2635240
2021-06-21 09:59:50,665.55,2636669
2021-06-21 09:59:51,665.6,2637343
2021-06-21 09:59:52,665.6,2637343
2021-06-21 09:59:53,665.55,2638237
2021-06-21 09:59:54,665.6,2640675
2021-06-21 09:59:55,665.7,2640775
2021-06-21 09:59:56,665.5,2641279
2021-06-21 09:59:57,665.5,2641279
2021-06-21 09:59:58,665.55,2641328
2021-06-21 09:59:59,665.55,2641328
2021-06-21 10:00:00,665.5,2641552
2021-06-21 10:00:01,665.6,2642000
2021-06-21 10:00:02,665.6,2642100
2021-06-21 10:00:03,665.6,2642249
2021-06-21 10:00:04,665.6,2642587
2021-06-21 10:00:05,665.7,2642888
2021-06-21 10:00:07,665.6,2643483
2021-06-21 10:00:08,665.85,2643571
2021-06-21 10:00:09,665.6,2643859
2021-06-21 10:00:11,665.5,2643889
2021-06-21 10:00:12,666.35,2646282
2021-06-21 10:00:13,666.05,2647986
2021-06-21 10:00:14,666.05,2649051
2021-06-21 10:00:15,666.3,2649220
2021-06-21 10:00:16,666.0,2649325
2021-06-21 10:00:17,666.35,2649430
2021-06-21 10:00:18,666.0,2649796
2021-06-21 10:00:19,666.05,2650005
2021-06-21 10:00:20,666.4,2650421
2021-06-21 10:00:21,666.15,2651147
2021-06-21 10:00:22,666.45,2651311
2021-06-21 10:00:23,666.45,2651311
2021-06-21 10:00:24,666.1,2651835
2021-06-21 10:00:25,666.1,2651846
2021-06-21 10:00:26,666.4,2651946
2021-06-21 10:00:27,666.45,2651996
2021-06-21 10:00:28,666.05,2652601
2021-06-21 10:00:29,666.05,2652824
2021-06-21 10:00:30,666.4,2652954
2021-06-21 10:00:32,665.95,2653811
2021-06-21 10:00:33,666.0,2653815
2021-06-21 10:00:34,666.3,2653824
2021-06-21 10:00:36,666.35,2654436
2021-06-21 10:00:37,666.0,2654670
2021-06-21 10:00:38,666.0,2654863
2021-06-21 10:00:39,666.0,2655006
2021-06-21 10:00:40,666.3,2655108
2021-06-21 10:00:41,666.35,2655188
2021-06-21 10:00:42,666.3,2655249
2021-06-21 10:00:43,666.45,2655950
2021-06-21 10:00:45,666.1,2656719
2021-06-21 10:00:46,666.0,2657166
2021-06-21 10:00:47,666.35,2658781
2021-06-21 10:00:48,666.25,2658961
2021-06-21 10:00:49,666.5,2661101
2021-06-21 10:00:50,666.7,2661901
2021-06-21 10:00:51,666.55,2662206
2021-06-21 10:00:52,666.55,2662649
2021-06-21 10:00:53,666.65,2663341
2021-06-21 10:00:54,666.65,2663341
2021-06-21 10:00:55,666.55,2664093
2021-06-21 10:00:56,666.95,2680874
2021-06-21 10:00:57,667.4,2681102
2021-06-21 10:00:58,667.5,2682441
2021-06-21 10:00:59,667.1,2682454
2021-06-21 10:01:00,667.4,2682661
2021-06-21 10:01:01,666.95,2682670
2021-06-21 10:01:02,667.1,2683107
2021-06-21 10:01:03,666.95,2683174
2021-06-21 10:01:04,667.35,2683200
2021-06-21 10:01:05,667.4,2684554
2021-06-21 10:01:06,667.0,2685347
2021-06-21 10:01:07,667.0,2685578
2021-06-21 10:01:08,667.15,2685746
2021-06-21 10:01:10,667.0,2686071
2021-06-21 10:01:10,667.0,2687675
2021-06-21 10:01:11,667.0,2687801
2021-06-21 10:01:12,667.0,2687801
2021-06-21 10:01:13,667.45,2689152
2021-06-21 10:01:16,667.6,2697609
2021-06-21 10:01:18,668.0,2699357
2021-06-21 10:01:19,667.85,2700451
2021-06-21 10:01:22,667.45,2701660
2021-06-21 10:01:23,667.4,2701880
2021-06-21 10:01:24,667.4,2702212
2021-06-21 10:01:25,667.45,2703776
2021-06-21 10:01:26,667.85,2705858
2021-06-21 10:01:27,667.45,2706750
2021-06-21 10:01:28,667.8,2706857
2021-06-21 10:01:29,667.45,2707126
2021-06-21 10:01:30,667.45,2707202
2021-06-21 10:01:32,667.8,2707930
2021-06-21 10:01:33,667.8,2708005
2021-06-21 10:01:33,667.8,2708005
2021-06-21 10:01:34,667.6,2708770
2021-06-21 10:01:35,667.6,2708982
2021-06-21 10:01:36,667.85,2709060
2021-06-21 10:01:37,667.6,2709500
2021-06-21 10:01:38,667.8,2709580
2021-06-21 10:01:39,667.6,2710001
2021-06-21 10:01:40,668.0,2710226
2021-06-21 10:01:41,667.8,2710950
2021-06-21 10:01:42,667.85,2711170
2021-06-21 10:01:43,667.85,2712936
2021-06-21 10:01:44,667.6,2714451
2021-06-21 10:01:45,667.5,2716533
2021-06-21 10:01:46,667.7,2716933
2021-06-21 10:01:47,667.4,2717678
2021-06-21 10:01:48,667.45,2719636
2021-06-21 10:01:49,667.1,2719756
2021-06-21 10:01:50,667.1,2720493
2021-06-21 10:01:51,667.45,2720573
2021-06-21 10:01:52,667.1,2720679
2021-06-21 10:01:53,667.4,2720896
2021-06-21 10:01:54,667.0,2721399
2021-06-21 10:01:56,667.15,2721444
2021-06-21 10:01:57,666.95,2726099
2021-06-21 10:01:58,666.9,2726124
2021-06-21 10:01:59,666.55,2726349
2021-06-21 10:02:00,666.9,2726980
2021-06-21 10:02:01,666.5,2727244
2021-06-21 10:02:02,666.65,2727379
2021-06-21 10:02:03,666.55,2727504
2021-06-21 10:02:04,666.5,2727870
2021-06-21 10:02:05,666.65,2727921
2021-06-21 10:02:06,666.5,2728061
2021-06-21 10:02:07,666.5,2728067
2021-06-21 10:02:08,666.4,2728644
2021-06-21 10:02:11,666.1,2730545
2021-06-21 10:02:11,666.1,2731235
2021-06-21 10:02:14,665.9,2736051
2021-06-21 10:02:15,665.85,2736359
2021-06-21 10:02:14,665.85,2736359
2021-06-21 10:02:16,665.9,2736890
2021-06-21 10:02:17,666.35,2736893
2021-06-21 10:02:18,666.1,2736898
2021-06-21 10:02:19,666.65,2738087
2021-06-21 10:02:20,666.65,2738087
2021-06-21 10:02:21,666.5,2738322
2021-06-21 10:02:22,666.5,2738324
2021-06-21 10:02:23,666.05,2739079
2021-06-21 10:02:24,666.4,2739272
2021-06-21 10:02:25,666.05,2739341
2021-06-21 10:02:27,666.35,2739619
2021-06-21 10:02:28,666.0,2739629
2021-06-21 10:02:30,666.2,2747866
2021-06-21 10:02:32,666.2,2747969
2021-06-21 10:02:33,666.3,2748278
2021-06-21 10:02:33,666.35,2748374
2021-06-21 10:02:34,666.15,2748631
2021-06-21 10:02:35,666.15,2748738
2021-06-21 10:02:36,666.5,2748938
2021-06-21 10:02:37,666.15,2749119
2021-06-21 10:02:38,665.75,2750776
2021-06-21 10:02:39,666.1,2750944
2021-06-21 10:02:41,666.1,2750974
2021-06-21 10:02:41,666.1,2750984
2021-06-21 10:02:42,666.1,2751154
2021-06-21 10:02:43,665.75,2751258
2021-06-21 10:02:44,666.1,2751376
2021-06-21 10:02:45,666.0,2751393
2021-06-21 10:02:46,665.8,2751437
2021-06-21 10:02:47,666.1,2751477
2021-06-21 10:02:48,666.1,2751768
2021-06-21 10:02:49,665.9,2751986
2021-06-21 10:02:52,665.9,2752149
2021-06-21 10:02:52,665.9,2752221
2021-06-21 10:02:54,665.75,2752705
2021-06-21 10:02:55,665.75,2752705
2021-06-21 10:02:56,665.9,2752789
2021-06-21 10:02:59,666.1,2752986
2021-06-21 10:02:59,666.15,2753366
2021-06-21 10:03:00,666.0,2753569
2021-06-21 10:03:01,666.15,2753592
2021-06-21 10:03:02,665.95,2753618
2021-06-21 10:03:03,666.1,2753680
2021-06-21 10:03:05,665.9,2753808
2021-06-21 10:03:06,666.3,2755259
2021-06-21 10:03:07,666.3,2755284
2021-06-21 10:03:08,666.0,2755533
2021-06-21 10:03:10,666.0,2755899
2021-06-21 10:03:10,666.0,2755899
2021-06-21 10:03:11,666.1,2755915
2021-06-21 10:03:14,665.95,2756246
2021-06-21 10:03:15,665.95,2756302
2021-06-21 10:03:17,666.0,2756326
2021-06-21 10:03:18,666.3,2756938
2021-06-21 10:03:19,666.3,2757218
2021-06-21 10:03:19,666.05,2757336
2021-06-21 10:03:20,666.05,2757378
2021-06-21 10:03:21,666.05,2757403
2021-06-21 10:03:22,666.05,2757414
2021-06-21 10:03:23,666.05,2757859
2021-06-21 10:03:24,666.2,2757987
2021-06-21 10:03:25,666.0,2758069
2021-06-21 10:03:27,666.0,2758079
2021-06-21 10:03:28,666.0,2758079
2021-06-21 10:03:29,666.2,2759637
2021-06-21 10:03:30,666.0,2759872
2021-06-21 10:03:30,666.0,2759872
2021-06-21 10:03:31,666.0,2759979
2021-06-21 10:03:32,666.5,2761339
2021-06-21 10:03:33,666.4,2761451
2021-06-21 10:03:34,666.4,2761583
2021-06-21 10:03:35,666.4,2761767
2021-06-21 10:03:36,666.3,2761782
2021-06-21 10:03:37,666.3,2761847
2021-06-21 10:03:38,666.3,2761964
2021-06-21 10:03:39,666.3,2762164
2021-06-21 10:03:40,666.5,2762294
2021-06-21 10:03:41,666.5,2762294
2021-06-21 10:03:42,666.2,2762333
2021-06-21 10:03:43,666.2,2762362
2021-06-21 10:03:44,666.5,2762600
2021-06-21 10:03:45,666.3,2762659
2021-06-21 10:03:46,666.3,2762719
2021-06-21 10:03:48,666.3,2762739
2021-06-21 10:03:49,666.3,2762739
2021-06-21 10:03:50,666.3,2762912
2021-06-21 10:03:51,666.45,2762932
2021-06-21 10:03:52,666.5,2763660
2021-06-21 10:03:53,666.55,2763665
2021-06-21 10:03:53,666.5,2763678
2021-06-21 10:03:54,666.5,2763803
2021-06-21 10:03:56,666.5,2764094
2021-06-21 10:03:57,666.5,2764189
2021-06-21 10:03:58,666.5,2764259
2021-06-21 10:03:59,666.5,2764379
2021-06-21 10:04:00,666.55,2764784
2021-06-21 10:04:01,666.55,2764884
2021-06-21 10:04:02,666.8,2766885
2021-06-21 10:04:02,666.8,2766885
2021-06-21 10:04:03,666.85,2767035
2021-06-21 10:04:04,666.85,2767187
2021-06-21 10:04:05,667.15,2767308
2021-06-21 10:04:06,667.0,2767618
2021-06-21 10:04:07,667.0,2767668
2021-06-21 10:04:08,666.95,2767905
2021-06-21 10:04:09,666.95,2767954
2021-06-21 10:04:10,666.95,2767974
2021-06-21 10:04:11,666.9,2768082
2021-06-21 10:04:12,667.0,2768202
2021-06-21 10:04:14,666.85,2768271
2021-06-21 10:04:14,666.85,2768295
2021-06-21 10:04:15,667.2,2770270
2021-06-21 10:04:16,666.8,2771167
2021-06-21 10:04:18,667.2,2771222
2021-06-21 10:04:18,667.2,2771222
2021-06-21 10:04:19,666.8,2771272
2021-06-21 10:04:20,667.0,2771436
2021-06-21 10:04:22,666.8,2771511
2021-06-21 10:04:23,666.55,2776243
2021-06-21 10:04:23,666.95,2776279
2021-06-21 10:04:25,666.5,2778405
2021-06-21 10:04:27,666.4,2778874
2021-06-21 10:04:27,666.3,2778883
2021-06-21 10:04:29,666.3,2778892
2021-06-21 10:04:30,666.25,2779020
2021-06-21 10:04:31,666.1,2779116
2021-06-21 10:04:32,666.3,2779182
2021-06-21 10:04:32,666.3,2779182
2021-06-21 10:04:33,666.1,2779254
2021-06-21 10:04:34,666.0,2779813
2021-06-21 10:04:35,665.9,2782397
2021-06-21 10:04:36,665.8,2782951
2021-06-21 10:04:38,665.75,2783099
2021-06-21 10:04:39,665.75,2783153
2021-06-21 10:04:40,665.75,2783163
2021-06-21 10:04:41,665.6,2783226
2021-06-21 10:04:42,665.6,2783480
2021-06-21 10:04:43,666.0,2783629
2021-06-21 10:04:44,666.0,2783866
2021-06-21 10:04:45,665.95,2784177
2021-06-21 10:04:47,665.9,2784312
2021-06-21 10:04:48,665.9,2784412
2021-06-21 10:04:49,665.6,2784424
2021-06-21 10:04:51,665.6,2784546
2021-06-21 10:04:52,665.5,2784698
2021-06-21 10:04:53,665.5,2784698
2021-06-21 10:04:54,665.8,2785087
2021-06-21 10:04:55,665.8,2785097
2021-06-21 10:04:56,665.6,2785359
2021-06-21 10:04:57,665.5,2785430
2021-06-21 10:04:58,665.5,2789365
2021-06-21 10:05:00,665.05,2789628
2021-06-21 10:05:02,665.25,2791778
2021-06-21 10:05:02,665.15,2792781
2021-06-21 10:05:03,665.1,2792881
2021-06-21 10:05:05,665.1,2793031
2021-06-21 10:05:05,665.4,2794416
2021-06-21 10:05:06,665.05,2794468
2021-06-21 10:05:07,665.4,2794668
2021-06-21 10:05:08,665.4,2794968
2021-06-21 10:05:09,665.1,2795045
2021-06-21 10:05:11,665.2,2796495
2021-06-21 10:05:13,665.2,2798363
2021-06-21 10:05:14,665.0,2801526
2021-06-21 10:05:15,665.2,2802080
2021-06-21 10:05:16,665.0,2802362
2021-06-21 10:05:17,665.2,2803145
2021-06-21 10:05:18,665.2,2803242
2021-06-21 10:05:18,665.2,2803612
2021-06-21 10:05:19,665.0,2804129
2021-06-21 10:05:20,665.25,2804530
2021-06-21 10:05:21,665.45,2804542
2021-06-21 10:05:22,665.45,2804553
2021-06-21 10:05:25,665.45,2804980
2021-06-21 10:05:26,665.45,2805018
2021-06-21 10:05:27,665.45,2805018
2021-06-21 10:05:27,665.35,2805162
2021-06-21 10:05:28,665.45,2805252
2021-06-21 10:05:29,665.45,2805426
2021-06-21 10:05:30,665.45,2805488
2021-06-21 10:05:32,665.5,2805495
2021-06-21 10:05:33,665.45,2805606
2021-06-21 10:05:34,665.5,2805607
2021-06-21 10:05:35,665.45,2805796
2021-06-21 10:05:36,665.25,2807224
2021-06-21 10:05:37,665.45,2807233
2021-06-21 10:05:38,665.25,2807739
2021-06-21 10:05:39,665.25,2807747
2021-06-21 10:05:40,665.45,2808178
2021-06-21 10:05:42,665.8,2811411
2021-06-21 10:05:42,666.0,2811366
2021-06-21 10:05:44,666.1,2813173
2021-06-21 10:05:45,665.65,2813593
2021-06-21 10:05:45,665.85,2813581
2021-06-21 10:05:46,665.8,2813819
2021-06-21 10:05:48,666.35,2814439
2021-06-21 10:05:49,666.15,2814445
2021-06-21 10:05:50,666.0,2814662
2021-06-21 10:05:51,666.05,2814666
2021-06-21 10:05:52,666.1,2814738
2021-06-21 10:05:53,666.0,2814808
2021-06-21 10:05:54,666.05,2814976
2021-06-21 10:05:55,666.0,2815153
2021-06-21 10:05:56,666.0,2815312
2021-06-21 10:05:58,666.0,2815369
2021-06-21 10:05:58,666.0,2815369
2021-06-21 10:05:59,666.0,2815545
2021-06-21 10:06:00,666.25,2815651
2021-06-21 10:06:01,666.05,2815846
2021-06-21 10:06:02,666.0,2815856
2021-06-21 10:06:03,665.95,2815923
2021-06-21 10:06:04,665.95,2815962
2021-06-21 10:06:05,665.85,2816053
2021-06-21 10:06:07,665.85,2816083
2021-06-21 10:06:08,665.8,2816319
2021-06-21 10:06:09,665.75,2816769
2021-06-21 10:06:10,666.0,2817087
2021-06-21 10:06:12,665.8,2817379
2021-06-21 10:06:11,665.75,2817107
2021-06-21 10:06:13,665.6,2817405
2021-06-21 10:06:14,665.5,2817547
2021-06-21 10:06:15,665.5,2817547
2021-06-21 10:06:16,665.5,2817566
2021-06-21 10:06:17,665.4,2819765
2021-06-21 10:06:17,665.4,2819765
2021-06-21 10:06:19,665.65,2819922
2021-06-21 10:06:20,665.3,2820028
2021-06-21 10:06:21,665.15,2820145
2021-06-21 10:06:22,665.15,2820151
2021-06-21 10:06:23,665.2,2820218
2021-06-21 10:06:24,665.45,2820554
2021-06-21 10:06:25,665.6,2820771
2021-06-21 10:06:26,665.2,2820784
2021-06-21 10:06:26,665.55,2820834
2021-06-21 10:06:27,665.35,2822580
2021-06-21 10:06:28,665.35,2823081
2021-06-21 10:06:29,665.9,2823451
2021-06-21 10:06:30,665.5,2823555
2021-06-21 10:06:32,665.85,2823955
2021-06-21 10:06:33,665.4,2824144
2021-06-21 10:06:34,665.65,2824194
2021-06-21 10:06:35,665.3,2824300
2021-06-21 10:06:36,665.55,2824523
2021-06-21 10:06:36,665.25,2824528
2021-06-21 10:06:37,665.25,2824634
2021-06-21 10:06:38,665.4,2825233
2021-06-21 10:06:39,665.35,2825623
2021-06-21 10:06:40,665.2,2825631
2021-06-21 10:06:42,665.3,2827156
2021-06-21 10:06:43,665.3,2827225
2021-06-21 10:06:44,665.35,2827306
2021-06-21 10:06:45,665.35,2827307
2021-06-21 10:06:46,665.35,2827307
2021-06-21 10:06:47,665.25,2827354
2021-06-21 10:06:49,665.3,2828770
2021-06-21 10:06:50,665.25,2829212
2021-06-21 10:06:51,665.25,2829212
2021-06-21 10:06:52,665.25,2829212
2021-06-21 10:06:53,665.25,2829212
2021-06-21 10:06:53,665.25,2829212
2021-06-21 10:06:55,665.75,2829830
2021-06-21 10:06:56,665.75,2829830
2021-06-21 10:06:57,665.5,2829856
2021-06-21 10:06:58,665.75,2831045
2021-06-21 10:06:59,665.7,2831117
2021-06-21 10:07:00,665.7,2832395
2021-06-21 10:07:01,665.7,2832395
2021-06-21 10:07:01,665.75,2832445
2021-06-21 10:07:02,665.7,2832651
2021-06-21 10:07:04,665.75,2832783
2021-06-21 10:07:05,665.75,2832793
2021-06-21 10:07:06,665.7,2832829
2021-06-21 10:07:08,665.7,2832920
2021-06-21 10:07:08,665.7,2832921
2021-06-21 10:07:10,665.65,2833055
2021-06-21 10:07:11,665.55,2833059
2021-06-21 10:07:11,665.55,2833079
2021-06-21 10:07:12,665.55,2833235
2021-06-21 10:07:13,665.35,2833285
2021-06-21 10:07:14,665.35,2833402
2021-06-21 10:07:15,665.35,2833420
2021-06-21 10:07:16,665.35,2833446
2021-06-21 10:07:17,665.55,2833586
2021-06-21 10:07:18,665.55,2833616
2021-06-21 10:07:20,665.35,2833617
2021-06-21 10:07:21,665.35,2833667
2021-06-21 10:07:22,665.35,2833759
2021-06-21 10:07:22,665.35,2833759
2021-06-21 10:07:24,665.35,2833765
2021-06-21 10:07:24,665.25,2833881
2021-06-21 10:07:26,665.4,2833907
2021-06-21 10:07:26,665.4,2833907
2021-06-21 10:07:27,665.3,2833912
2021-06-21 10:07:28,665.3,2833912
2021-06-21 10:07:29,665.45,2834111
2021-06-21 10:07:30,665.4,2834222
2021-06-21 10:07:31,665.35,2835397
2021-06-21 10:07:32,665.7,2835402
2021-06-21 10:07:33,665.35,2835426
2021-06-21 10:07:35,665.35,2835659
2021-06-21 10:07:35,665.35,2835659
2021-06-21 10:07:37,665.5,2835891
2021-06-21 10:07:38,665.5,2835899
2021-06-21 10:07:39,665.65,2835976
2021-06-21 10:07:40,665.5,2836135
2021-06-21 10:07:41,665.45,2838801
2021-06-21 10:07:42,665.45,2838801
2021-06-21 10:07:43,665.55,2838858
2021-06-21 10:07:44,665.55,2839172
2021-06-21 10:07:45,665.4,2839334
2021-06-21 10:07:46,665.45,2839471
2021-06-21 10:07:46,665.45,2839471
2021-06-21 10:07:47,665.45,2839481
2021-06-21 10:07:48,665.45,2839482
2021-06-21 10:07:49,665.45,2839600
2021-06-21 10:07:51,665.35,2844178
2021-06-21 10:07:52,665.35,2844184
2021-06-21 10:07:53,665.35,2844244
2021-06-21 10:07:54,665.3,2844290
2021-06-21 10:07:55,665.25,2844358
2021-06-21 10:07:56,665.25,2844457
2021-06-21 10:07:57,665.25,2844457
2021-06-21 10:07:58,665.25,2844553
2021-06-21 10:07:59,665.3,2844603
2021-06-21 10:08:00,665.25,2845008
2021-06-21 10:08:01,665.45,2845860
2021-06-21 10:08:02,665.25,2846168
2021-06-21 10:08:03,665.3,2846178
2021-06-21 10:08:04,665.45,2846378
2021-06-21 10:08:04,665.25,2846450
2021-06-21 10:08:06,665.45,2848049
2021-06-21 10:08:07,665.45,2848254
2021-06-21 10:08:08,665.45,2848310
2021-06-21 10:08:09,665.7,2848580
2021-06-21 10:08:09,665.45,2848698
2021-06-21 10:08:10,665.45,2849799
2021-06-21 10:08:11,665.45,2849812
2021-06-21 10:08:12,665.45,2849822
2021-06-21 10:08:13,665.8,2849853
2021-06-21 10:08:14,665.65,2850380
