timestamp,ltp,volume
2021-06-21 09:16:41,1451.45,53020
2021-06-21 09:16:41,1451.45,53020
2021-06-21 09:16:42,1452.65,53850
2021-06-21 09:16:43,1451.95,54009
2021-06-21 09:16:44,1451.1,57664
2021-06-21 09:16:45,1451.95,58333
2021-06-21 09:16:46,1451.25,58392
2021-06-21 09:16:47,1451.5,58973
2021-06-21 09:16:48,1452.1,58974
2021-06-21 09:16:49,1452.0,59070
2021-06-21 09:16:50,1452.0,59347
2021-06-21 09:16:52,1452.2,60198
2021-06-21 09:16:53,1452.1,61333
2021-06-21 09:16:54,1452.05,61440
2021-06-21 09:16:55,1452.05,61574
2021-06-21 09:16:56,1452.05,61686
2021-06-21 09:16:57,1452.05,61896
2021-06-21 09:16:58,1452.1,62480
2021-06-21 09:16:59,1452.15,62493
2021-06-21 09:17:00,1452.15,62496
2021-06-21 09:17:01,1452.05,64498
2021-06-21 09:17:02,1452.0,65207
2021-06-21 09:17:03,1452.15,65302
2021-06-21 09:17:04,1452.0,66545
2021-06-21 09:17:05,1452.0,66566
2021-06-21 09:17:06,1451.9,66788
2021-06-21 09:17:09,1452.0,67893
2021-06-21 09:17:11,1452.0,68718
2021-06-21 09:17:12,1451.25,69489
2021-06-21 09:17:13,1451.9,69499
2021-06-21 09:17:14,1451.6,70860
2021-06-21 09:17:15,1451.4,70862
2021-06-21 09:17:16,1451.45,70948
2021-06-21 09:17:17,1451.3,71236
2021-06-21 09:17:18,1451.0,71251
2021-06-21 09:17:19,1451.35,71283
2021-06-21 09:17:21,1451.5,72732
2021-06-21 09:17:22,1451.0,72827
2021-06-21 09:17:23,1451.7,72829
2021-06-21 09:17:24,1451.7,72858
2021-06-21 09:17:25,1451.1,72868
2021-06-21 09:17:26,1451.7,72928
2021-06-21 09:17:27,1451.0,73600
2021-06-21 09:17:28,1451.6,73671
2021-06-21 09:17:29,1451.6,73812
2021-06-21 09:17:30,1451.6,73852
2021-06-21 09:17:31,1451.6,74303
2021-06-21 09:17:32,1451.15,74591
2021-06-21 09:17:33,1451.85,74605
2021-06-21 09:17:34,1451.15,75500
2021-06-21 09:17:35,1451.3,75641
2021-06-21 09:17:36,1451.0,75953
2021-06-21 09:17:37,1451.0,76211
2021-06-21 09:17:38,1451.3,76376
2021-06-21 09:17:39,1451.45,76765
2021-06-21 09:17:40,1451.45,76790
2021-06-21 09:17:41,1451.45,76901
2021-06-21 09:17:42,1451.9,76952
2021-06-21 09:17:43,1451.9,76952
2021-06-21 09:17:44,1451.45,76986
2021-06-21 09:17:45,1451.9,76999
2021-06-21 09:17:46,1451.5,77001
2021-06-21 09:17:47,1452.1,77364
2021-06-21 09:17:48,1452.75,77376
2021-06-21 09:17:49,1452.75,77408
2021-06-21 09:17:50,1452.75,77408
2021-06-21 09:17:52,1452.65,77826
2021-06-21 09:17:53,1452.65,77921
2021-06-21 09:17:54,1452.65,78142
2021-06-21 09:17:55,1452.75,78306
2021-06-21 09:17:57,1452.25,78736
2021-06-21 09:17:58,1452.9,78741
2021-06-21 09:17:59,1452.05,79980
2021-06-21 09:17:59,1451.4,80061
2021-06-21 09:18:00,1450.95,84137
2021-06-21 09:18:01,1450.9,84139
2021-06-21 09:18:02,1451.05,84458
2021-06-21 09:18:03,1450.0,86311
2021-06-21 09:18:04,1451.0,86466
2021-06-21 09:18:05,1450.9,86536
2021-06-21 09:18:06,1451.2,86839
2021-06-21 09:18:07,1452.1,88059
2021-06-21 09:18:09,1451.85,88129
2021-06-21 09:18:10,1451.2,88135
2021-06-21 09:18:11,1451.9,88979
2021-06-21 09:18:12,1451.7,89085
2021-06-21 09:18:13,1452.0,89091
2021-06-21 09:18:14,1452.0,89111
2021-06-21 09:18:15,1452.15,89376
2021-06-21 09:18:16,1452.15,89434
2021-06-21 09:18:17,1452.15,89723
2021-06-21 09:18:18,1452.3,90343
2021-06-21 09:18:20,1454.0,90647
2021-06-21 09:18:21,1453.75,91060
2021-06-21 09:18:23,1453.75,91061
2021-06-21 09:18:24,1453.75,91073
2021-06-21 09:18:24,1453.75,91062
2021-06-21 09:18:25,1453.2,91283
2021-06-21 09:18:27,1453.8,91578
2021-06-21 09:18:28,1454.0,91685
2021-06-21 09:18:29,1453.8,91710
2021-06-21 09:18:30,1453.25,91952
2021-06-21 09:18:31,1453.95,92164
2021-06-21 09:18:33,1453.95,92266
2021-06-21 09:18:34,1453.95,92487
2021-06-21 09:18:35,1453.9,92559
2021-06-21 09:18:36,1453.2,93239
2021-06-21 09:18:37,1453.75,93447
2021-06-21 09:18:38,1452.5,93494
2021-06-21 09:18:39,1453.65,93550
2021-06-21 09:18:40,1453.7,93605
2021-06-21 09:18:41,1453.7,93605
2021-06-21 09:18:42,1453.25,93737
2021-06-21 09:18:44,1453.25,93839
2021-06-21 09:18:45,1453.1,93853
2021-06-21 09:18:45,1453.25,93923
2021-06-21 09:18:46,1453.25,93955
2021-06-21 09:18:47,1453.35,94231
2021-06-21 09:18:48,1453.35,94373
2021-06-21 09:18:49,1453.35,94540
2021-06-21 09:18:50,1453.35,94551
2021-06-21 09:18:51,1454.9,94709
2021-06-21 09:18:52,1454.25,94763
2021-06-21 09:18:53,1454.4,94946
2021-06-21 09:18:55,1454.4,95773
2021-06-21 09:18:56,1454.5,95788
2021-06-21 09:18:58,1455.4,97371
2021-06-21 09:18:58,1455.4,97371
2021-06-21 09:18:59,1455.4,97390
2021-06-21 09:19:00,1455.4,97439
2021-06-21 09:19:02,1455.0,97583
2021-06-21 09:19:03,1455.0,97917
2021-06-21 09:19:04,1455.4,97920
2021-06-21 09:19:05,1455.4,97948
2021-06-21 09:19:06,1455.4,97961
2021-06-21 09:19:07,1455.55,98206
2021-06-21 09:19:08,1455.25,98470
2021-06-21 09:19:09,1455.55,98471
2021-06-21 09:19:10,1455.4,98563
2021-06-21 09:19:11,1455.55,98576
2021-06-21 09:19:12,1455.5,98586
2021-06-21 09:19:13,1455.5,98695
2021-06-21 09:19:14,1455.5,98867
2021-06-21 09:19:15,1455.5,99185
2021-06-21 09:19:16,1455.5,99185
2021-06-21 09:19:17,1455.5,99458
2021-06-21 09:19:18,1455.35,99696
2021-06-21 09:19:19,1455.45,99807
2021-06-21 09:19:20,1455.5,99903
2021-06-21 09:19:21,1455.5,100113
2021-06-21 09:19:22,1455.5,100156
2021-06-21 09:19:24,1455.55,100212
2021-06-21 09:19:24,1455.55,100222
2021-06-21 09:19:25,1455.6,100759
2021-06-21 09:19:26,1456.0,100902
2021-06-21 09:19:27,1456.0,100903
2021-06-21 09:19:29,1456.7,101003
2021-06-21 09:19:30,1456.7,101024
2021-06-21 09:19:31,1456.7,101030
2021-06-21 09:19:31,1456.7,101030
2021-06-21 09:19:32,1456.7,101062
2021-06-21 09:19:33,1457.35,101235
2021-06-21 09:19:34,1456.5,101297
2021-06-21 09:19:35,1456.25,101387
2021-06-21 09:19:36,1456.5,101409
2021-06-21 09:19:37,1456.7,101665
2021-06-21 09:19:40,1457.45,102788
2021-06-21 09:19:41,1457.0,103114
2021-06-21 09:19:42,1457.35,103134
2021-06-21 09:19:43,1457.35,103192
2021-06-21 09:19:44,1457.1,103244
2021-06-21 09:19:45,1457.1,103405
2021-06-21 09:19:46,1457.55,103451
2021-06-21 09:19:47,1457.15,103810
2021-06-21 09:19:48,1457.2,103831
2021-06-21 09:19:49,1457.2,103852
2021-06-21 09:19:50,1457.2,103885
2021-06-21 09:19:51,1457.1,105011
2021-06-21 09:19:53,1456.7,106845
2021-06-21 09:19:54,1456.75,107101
2021-06-21 09:19:55,1457.1,107227
2021-06-21 09:19:56,1456.25,107423
2021-06-21 09:19:57,1456.2,107441
2021-06-21 09:19:58,1456.35,107759
2021-06-21 09:19:59,1456.35,107825
2021-06-21 09:20:00,1456.8,108124
2021-06-21 09:20:01,1456.45,108138
2021-06-21 09:20:02,1453.95,109099
2021-06-21 09:20:03,1454.35,109283
2021-06-21 09:20:04,1454.25,109452
2021-06-21 09:20:05,1453.4,109586
2021-06-21 09:20:06,1453.65,109717
2021-06-21 09:20:06,1453.65,109717
2021-06-21 09:20:07,1453.65,109866
2021-06-21 09:20:08,1453.75,109959
2021-06-21 09:20:09,1453.0,110061
2021-06-21 09:20:10,1453.45,110271
2021-06-21 09:20:11,1453.45,110297
2021-06-21 09:20:12,1453.45,110341
2021-06-21 09:20:13,1453.45,110475
2021-06-21 09:20:14,1453.45,110506
2021-06-21 09:20:16,1453.4,111073
2021-06-21 09:20:17,1453.4,111097
2021-06-21 09:20:18,1453.4,111177
2021-06-21 09:20:19,1453.4,111214
2021-06-21 09:20:20,1453.4,111320
2021-06-21 09:20:21,1453.4,111561
2021-06-21 09:20:22,1453.55,112059
2021-06-21 09:20:23,1453.6,112116
2021-06-21 09:20:24,1453.15,112303
2021-06-21 09:20:25,1453.55,112326
2021-06-21 09:20:26,1453.55,112326
2021-06-21 09:20:27,1453.65,112392
2021-06-21 09:20:28,1453.4,112434
2021-06-21 09:20:29,1453.65,112446
2021-06-21 09:20:30,1453.85,112981
2021-06-21 09:20:31,1454.45,113187
2021-06-21 09:20:32,1454.6,113659
2021-06-21 09:20:33,1455.0,113681
2021-06-21 09:20:34,1454.8,114021
2021-06-21 09:20:35,1455.0,114125
2021-06-21 09:20:36,1455.35,114150
2021-06-21 09:20:37,1455.35,114431
2021-06-21 09:20:38,1455.05,115043
2021-06-21 09:20:39,1455.15,115046
2021-06-21 09:20:40,1455.35,115099
2021-06-21 09:20:41,1455.35,115099
2021-06-21 09:20:42,1455.65,115285
2021-06-21 09:20:43,1455.85,115300
2021-06-21 09:20:44,1455.85,115348
2021-06-21 09:20:45,1455.85,115353
2021-06-21 09:20:45,1455.85,115353
2021-06-21 09:20:46,1455.85,115364
2021-06-21 09:20:47,1455.7,115425
2021-06-21 09:20:48,1455.7,115514
2021-06-21 09:20:50,1455.7,115728
2021-06-21 09:20:51,1455.65,115834
2021-06-21 09:20:53,1455.4,116047
2021-06-21 09:20:53,1455.65,116053
2021-06-21 09:20:54,1455.65,116058
2021-06-21 09:20:55,1454.85,116525
2021-06-21 09:20:56,1455.35,116745
2021-06-21 09:20:57,1454.9,117039
2021-06-21 09:20:58,1454.6,117402
2021-06-21 09:20:59,1455.5,118498
2021-06-21 09:21:00,1455.65,118607
2021-06-21 09:21:01,1456.0,119061
2021-06-21 09:21:02,1455.85,119087
2021-06-21 09:21:03,1456.05,119212
2021-06-21 09:21:04,1456.05,119456
2021-06-21 09:21:05,1456.1,119479
2021-06-21 09:21:06,1456.1,119484
2021-06-21 09:21:07,1456.1,119536
2021-06-21 09:21:08,1455.65,119558
2021-06-21 09:21:09,1456.0,119656
2021-06-21 09:21:10,1456.0,119669
2021-06-21 09:21:11,1456.0,119767
2021-06-21 09:21:12,1455.6,120527
2021-06-21 09:21:13,1455.0,120548
2021-06-21 09:21:14,1455.6,121119
2021-06-21 09:21:16,1455.65,121165
2021-06-21 09:21:17,1455.65,121189
2021-06-21 09:21:17,1455.1,121187
2021-06-21 09:21:18,1455.65,121386
2021-06-21 09:21:19,1455.65,121504
2021-06-21 09:21:20,1455.65,121532
2021-06-21 09:21:21,1457.25,122889
2021-06-21 09:21:22,1456.55,122910
2021-06-21 09:21:23,1457.1,122989
2021-06-21 09:21:24,1456.5,123072
2021-06-21 09:21:25,1456.8,123125
2021-06-21 09:21:26,1456.75,123226
2021-06-21 09:21:28,1456.7,123280
2021-06-21 09:21:29,1456.3,123313
2021-06-21 09:21:30,1456.35,123464
2021-06-21 09:21:31,1456.1,123509
2021-06-21 09:21:32,1456.35,124143
2021-06-21 09:21:33,1456.05,124290
2021-06-21 09:21:34,1456.05,124425
2021-06-21 09:21:35,1455.65,124502
2021-06-21 09:21:36,1455.2,124677
2021-06-21 09:21:37,1455.3,124907
2021-06-21 09:21:38,1455.3,125009
2021-06-21 09:21:39,1455.05,125071
2021-06-21 09:21:40,1455.65,125552
2021-06-21 09:21:41,1455.15,125858
2021-06-21 09:21:42,1454.6,126231
2021-06-21 09:21:43,1455.4,126382
2021-06-21 09:21:44,1455.3,126447
2021-06-21 09:21:45,1455.3,126751
2021-06-21 09:21:46,1454.7,127018
2021-06-21 09:21:47,1453.55,127642
2021-06-21 09:21:47,1453.55,127642
2021-06-21 09:21:48,1454.3,127778
2021-06-21 09:21:49,1454.0,127978
2021-06-21 09:21:50,1454.0,128133
2021-06-21 09:21:51,1454.0,128134
2021-06-21 09:21:52,1453.75,128601
2021-06-21 09:21:54,1453.9,128654
2021-06-21 09:21:55,1453.9,128912
2021-06-21 09:21:56,1453.6,128957
2021-06-21 09:21:56,1454.0,128980
2021-06-21 09:21:57,1454.0,128984
2021-06-21 09:21:58,1453.9,129036
2021-06-21 09:21:59,1453.9,129228
2021-06-21 09:22:00,1455.45,130168
2021-06-21 09:22:01,1455.3,130794
2021-06-21 09:22:02,1455.0,131121
2021-06-21 09:22:04,1455.5,131319
2021-06-21 09:22:05,1455.45,131425
2021-06-21 09:22:06,1455.45,131523
2021-06-21 09:22:06,1454.25,131550
2021-06-21 09:22:08,1454.0,131594
2021-06-21 09:22:09,1454.4,131614
2021-06-21 09:22:10,1454.0,131646
2021-06-21 09:22:11,1454.4,131790
2021-06-21 09:22:12,1454.4,131876
2021-06-21 09:22:13,1454.25,132182
2021-06-21 09:22:13,1454.35,132696
2021-06-21 09:22:15,1454.5,132949
2021-06-21 09:22:15,1454.5,133059
2021-06-21 09:22:16,1454.5,133760
2021-06-21 09:22:18,1454.0,133902
2021-06-21 09:22:19,1454.0,134004
2021-06-21 09:22:20,1454.0,134061
2021-06-21 09:22:21,1454.0,134161
2021-06-21 09:22:22,1454.0,134281
2021-06-21 09:22:23,1454.0,134289
2021-06-21 09:22:24,1453.85,134930
2021-06-21 09:22:25,1453.65,135753
2021-06-21 09:22:26,1453.95,136206
2021-06-21 09:22:27,1453.95,136428
2021-06-21 09:22:28,1454.0,136583
2021-06-21 09:22:29,1453.95,136826
2021-06-21 09:22:29,1454.4,137702
2021-06-21 09:22:31,1454.6,138454
2021-06-21 09:22:32,1454.6,138585
2021-06-21 09:22:34,1454.2,138711
2021-06-21 09:22:35,1454.0,138828
2021-06-21 09:22:36,1454.0,138860
2021-06-21 09:22:37,1454.25,139189
2021-06-21 09:22:38,1454.8,139547
2021-06-21 09:22:39,1454.6,139665
2021-06-21 09:22:40,1454.8,139730
2021-06-21 09:22:41,1455.25,139816
2021-06-21 09:22:42,1455.35,140075
2021-06-21 09:22:43,1454.8,140122
2021-06-21 09:22:44,1454.25,140218
2021-06-21 09:22:45,1454.3,140397
2021-06-21 09:22:46,1454.35,142054
2021-06-21 09:22:46,1454.35,142251
2021-06-21 09:22:47,1453.85,142658
2021-06-21 09:22:48,1453.8,142759
2021-06-21 09:22:50,1453.95,143570
2021-06-21 09:22:51,1453.85,143748
2021-06-21 09:22:52,1453.85,143765
2021-06-21 09:22:53,1453.85,143839
2021-06-21 09:22:54,1453.85,144237
2021-06-21 09:22:56,1454.0,144822
2021-06-21 09:22:57,1453.95,144866
2021-06-21 09:22:58,1453.55,144902
2021-06-21 09:22:59,1454.0,144930
2021-06-21 09:23:03,1453.85,145104
2021-06-21 09:23:04,1453.85,145191
2021-06-21 09:23:05,1453.55,145447
2021-06-21 09:23:06,1453.05,145597
2021-06-21 09:23:07,1453.75,145598
2021-06-21 09:23:08,1453.75,145663
2021-06-21 09:23:09,1453.75,145789
2021-06-21 09:23:10,1453.75,145789
2021-06-21 09:23:11,1453.75,145901
2021-06-21 09:23:12,1453.75,145961
2021-06-21 09:23:13,1453.75,145966
2021-06-21 09:23:15,1454.0,147037
2021-06-21 09:23:16,1453.95,147062
2021-06-21 09:23:16,1453.95,147062
2021-06-21 09:23:17,1453.95,147080
2021-06-21 09:23:18,1454.0,147112
2021-06-21 09:23:19,1454.0,147166
2021-06-21 09:23:20,1454.0,147258
2021-06-21 09:23:21,1453.05,147744
2021-06-21 09:23:22,1453.65,147797
2021-06-21 09:23:23,1453.15,147932
2021-06-21 09:23:24,1453.7,147958
2021-06-21 09:23:26,1453.75,147991
2021-06-21 09:23:27,1453.75,147991
2021-06-21 09:23:28,1453.2,148031
2021-06-21 09:23:31,1453.75,149000
2021-06-21 09:23:32,1453.75,149001
2021-06-21 09:23:33,1453.75,149016
2021-06-21 09:23:34,1453.75,149178
2021-06-21 09:23:35,1453.2,149486
2021-06-21 09:23:36,1453.85,149599
2021-06-21 09:23:37,1453.8,149721
2021-06-21 09:23:38,1453.8,149803
2021-06-21 09:23:39,1453.75,149825
2021-06-21 09:23:40,1453.75,149872
2021-06-21 09:23:41,1453.75,149891
2021-06-21 09:23:42,1453.75,150011
2021-06-21 09:23:43,1453.75,150122
2021-06-21 09:23:44,1453.75,150234
2021-06-21 09:23:44,1453.85,150480
2021-06-21 09:23:45,1453.8,150494
2021-06-21 09:23:46,1453.7,151054
2021-06-21 09:23:47,1453.65,151423
2021-06-21 09:23:48,1453.65,151428
2021-06-21 09:23:49,1453.0,151454
2021-06-21 09:23:50,1453.8,151467
2021-06-21 09:23:51,1453.75,151617
2021-06-21 09:23:52,1453.8,151642
2021-06-21 09:23:53,1454.0,151813
2021-06-21 09:23:54,1454.0,151813
2021-06-21 09:23:55,1454.0,151834
2021-06-21 09:23:56,1454.0,152302
2021-06-21 09:23:57,1454.0,152769
2021-06-21 09:23:58,1454.05,152962
2021-06-21 09:23:59,1454.05,153031
2021-06-21 09:24:00,1454.1,153214
2021-06-21 09:24:01,1454.05,153280
2021-06-21 09:24:02,1453.95,153571
2021-06-21 09:24:04,1453.8,153786
2021-06-21 09:24:05,1453.8,153786
2021-06-21 09:24:06,1454.05,154086
2021-06-21 09:24:07,1454.0,154101
2021-06-21 09:24:08,1454.0,154155
2021-06-21 09:24:09,1453.5,154320
2021-06-21 09:24:10,1453.6,154341
2021-06-21 09:24:11,1453.0,154620
2021-06-21 09:24:12,1453.5,154657
2021-06-21 09:24:13,1453.5,154667
2021-06-21 09:24:14,1453.8,155272
2021-06-21 09:24:15,1452.6,155529
2021-06-21 09:24:16,1452.6,155529
2021-06-21 09:24:17,1452.2,155692
2021-06-21 09:24:18,1452.5,155823
2021-06-21 09:24:19,1452.5,156085
2021-06-21 09:24:20,1452.5,156112
2021-06-21 09:24:21,1452.5,156168
2021-06-21 09:24:22,1452.5,156208
2021-06-21 09:24:23,1452.5,156224
2021-06-21 09:24:24,1452.55,156372
2021-06-21 09:24:25,1452.55,156398
2021-06-21 09:24:26,1452.55,156426
2021-06-21 09:24:27,1452.65,156879
2021-06-21 09:24:28,1453.35,156920
2021-06-21 09:24:29,1453.35,156956
2021-06-21 09:24:30,1453.35,156959
2021-06-21 09:24:31,1453.35,156960
2021-06-21 09:24:32,1453.35,157030
2021-06-21 09:24:33,1453.35,157131
2021-06-21 09:24:33,1453.35,157131
2021-06-21 09:24:35,1453.5,157675
2021-06-21 09:24:36,1454.0,157709
2021-06-21 09:24:37,1454.0,157759
2021-06-21 09:24:38,1453.75,158019
2021-06-21 09:24:39,1454.25,158020
2021-06-21 09:24:40,1454.25,158020
2021-06-21 09:24:41,1454.45,158123
2021-06-21 09:24:42,1454.45,158569
2021-06-21 09:24:43,1454.5,158954
2021-06-21 09:24:44,1454.45,159244
2021-06-21 09:24:45,1454.0,159296
2021-06-21 09:24:46,1453.8,159386
2021-06-21 09:24:47,1454.55,159468
2021-06-21 09:24:48,1454.2,159610
2021-06-21 09:24:49,1454.0,159656
2021-06-21 09:24:50,1454.8,159891
2021-06-21 09:24:51,1455.5,160105
2021-06-21 09:24:52,1454.85,160157
2021-06-21 09:24:53,1454.6,160263
2021-06-21 09:24:54,1454.3,160296
2021-06-21 09:24:55,1454.3,160310
2021-06-21 09:24:56,1455.15,160411
2021-06-21 09:24:57,1454.85,160435
2021-06-21 09:24:58,1455.2,160673
2021-06-21 09:24:59,1454.4,160751
2021-06-21 09:25:00,1454.5,160820
2021-06-21 09:25:01,1455.05,160924
2021-06-21 09:25:02,1454.45,160937
2021-06-21 09:25:03,1454.85,160981
2021-06-21 09:25:05,1454.8,161138
2021-06-21 09:25:06,1454.4,161161
2021-06-21 09:25:07,1454.4,161378
2021-06-21 09:25:08,1454.8,161461
2021-06-21 09:25:09,1454.8,161767
2021-06-21 09:25:10,1454.8,161878
2021-06-21 09:25:12,1454.65,162105
2021-06-21 09:25:13,1454.65,162175
2021-06-21 09:25:13,1454.55,162258
2021-06-21 09:25:15,1454.4,162811
2021-06-21 09:25:15,1454.0,162831
2021-06-21 09:25:16,1454.0,162880
2021-06-21 09:25:18,1454.0,162966
2021-06-21 09:25:18,1454.0,163067
2021-06-21 09:25:19,1454.0,163068
2021-06-21 09:25:21,1454.0,163505
2021-06-21 09:25:21,1453.35,163656
2021-06-21 09:25:24,1453.0,163811
2021-06-21 09:25:25,1453.6,163843
2021-06-21 09:25:26,1453.65,163910
2021-06-21 09:25:27,1453.6,163924
2021-06-21 09:25:28,1453.35,163944
2021-06-21 09:25:29,1453.6,164115
2021-06-21 09:25:30,1453.6,164279
2021-06-21 09:25:31,1453.8,164407
2021-06-21 09:25:32,1453.95,164764
2021-06-21 09:25:33,1454.0,164816
2021-06-21 09:25:34,1454.0,164835
2021-06-21 09:25:35,1454.0,164835
2021-06-21 09:25:36,1454.0,164857
2021-06-21 09:25:37,1454.0,164865
2021-06-21 09:25:38,1454.0,165003
2021-06-21 09:25:39,1454.0,165538
2021-06-21 09:25:40,1454.0,165548
2021-06-21 09:25:41,1454.0,169513
2021-06-21 09:25:41,1454.0,169524
2021-06-21 09:25:42,1454.0,169787
2021-06-21 09:25:43,1454.0,169810
2021-06-21 09:25:44,1454.0,169894
2021-06-21 09:25:46,1453.8,170176
2021-06-21 09:25:47,1454.0,170280
2021-06-21 09:25:48,1454.0,170632
2021-06-21 09:25:49,1454.0,170715
2021-06-21 09:25:50,1454.0,171364
2021-06-21 09:25:51,1454.0,171449
2021-06-21 09:25:52,1454.1,172148
2021-06-21 09:25:53,1454.1,172413
2021-06-21 09:25:54,1454.1,172561
2021-06-21 09:25:54,1454.1,172513
2021-06-21 09:25:56,1454.15,172705
2021-06-21 09:25:57,1454.15,172758
2021-06-21 09:25:58,1454.15,172825
2021-06-21 09:25:59,1454.0,172852
2021-06-21 09:26:00,1454.0,172876
2021-06-21 09:26:01,1454.1,173060
2021-06-21 09:26:02,1454.05,173120
2021-06-21 09:26:03,1454.05,173221
2021-06-21 09:26:04,1453.65,173254
2021-06-21 09:26:05,1453.65,173275
2021-06-21 09:26:06,1453.65,173392
2021-06-21 09:26:07,1453.65,173517
2021-06-21 09:26:08,1453.4,173563
2021-06-21 09:26:09,1453.4,173581
2021-06-21 09:26:10,1453.3,174488
2021-06-21 09:26:11,1453.0,174519
2021-06-21 09:26:12,1453.0,174551
2021-06-21 09:26:14,1453.0,174750
2021-06-21 09:26:15,1452.0,174895
2021-06-21 09:26:16,1452.55,175587
2021-06-21 09:26:17,1452.55,175607
2021-06-21 09:26:18,1452.0,175743
2021-06-21 09:26:19,1452.45,175788
2021-06-21 09:26:20,1452.25,175905
2021-06-21 09:26:21,1452.0,176079
2021-06-21 09:26:22,1452.4,176443
2021-06-21 09:26:23,1452.45,176596
2021-06-21 09:26:24,1453.0,176947
2021-06-21 09:26:25,1453.0,176947
2021-06-21 09:26:26,1453.0,176958
2021-06-21 09:26:27,1453.0,176979
2021-06-21 09:26:28,1453.0,177013
2021-06-21 09:26:29,1452.9,177276
2021-06-21 09:26:30,1452.75,177461
2021-06-21 09:26:31,1452.75,177461
2021-06-21 09:26:32,1452.8,177507
2021-06-21 09:26:33,1452.4,177514
2021-06-21 09:26:34,1452.8,177671
2021-06-21 09:26:35,1452.8,177709
2021-06-21 09:26:36,1452.85,177820
2021-06-21 09:26:37,1452.8,177920
2021-06-21 09:26:38,1452.8,177925
2021-06-21 09:26:40,1452.8,177929
2021-06-21 09:26:41,1452.8,178031
2021-06-21 09:26:43,1452.8,178168
2021-06-21 09:26:45,1452.8,178272
2021-06-21 09:26:44,1452.85,178252
2021-06-21 09:26:46,1452.9,178412
2021-06-21 09:26:47,1452.9,178430
2021-06-21 09:26:48,1452.4,178502
2021-06-21 09:26:49,1452.7,178561
2021-06-21 09:26:50,1452.7,178589
2021-06-21 09:26:51,1452.45,179972
2021-06-21 09:26:52,1451.8,180045
2021-06-21 09:26:53,1452.35,180118
2021-06-21 09:26:54,1452.45,180486
2021-06-21 09:26:55,1452.45,180600
2021-06-21 09:26:56,1452.45,180616
2021-06-21 09:26:57,1452.5,180688
2021-06-21 09:26:58,1452.55,180802
2021-06-21 09:26:59,1452.5,180833
2021-06-21 09:27:00,1452.5,180890
2021-06-21 09:27:01,1452.5,181166
2021-06-21 09:27:02,1452.1,181187
2021-06-21 09:27:03,1452.0,181237
2021-06-21 09:27:04,1452.45,181273
2021-06-21 09:27:05,1452.7,181787
2021-06-21 09:27:06,1452.25,181941
2021-06-21 09:27:07,1452.7,182038
2021-06-21 09:27:08,1452.7,182083
2021-06-21 09:27:09,1452.7,182120
2021-06-21 09:27:10,1452.45,182184
2021-06-21 09:27:11,1452.75,182232
2021-06-21 09:27:12,1452.7,182237
2021-06-21 09:27:13,1452.75,182439
2021-06-21 09:27:14,1452.85,182539
2021-06-21 09:27:15,1452.85,182576
2021-06-21 09:27:16,1452.5,182635
2021-06-21 09:27:17,1452.5,182635
2021-06-21 09:27:18,1452.85,182660
2021-06-21 09:27:19,1452.85,182660
2021-06-21 09:27:20,1454.0,185681
2021-06-21 09:27:21,1453.25,185894
2021-06-21 09:27:22,1453.1,185928
2021-06-21 09:27:23,1453.0,186231
2021-06-21 09:27:24,1453.0,186356
2021-06-21 09:27:25,1453.0,186483
2021-06-21 09:27:26,1453.0,186580
2021-06-21 09:27:27,1453.0,186624
2021-06-21 09:27:28,1453.0,186701
2021-06-21 09:27:29,1453.0,186713
2021-06-21 09:27:30,1453.0,186988
2021-06-21 09:27:31,1452.15,187192
2021-06-21 09:27:33,1452.85,187457
2021-06-21 09:27:34,1452.85,187524
2021-06-21 09:27:35,1452.75,187555
2021-06-21 09:27:36,1453.0,187755
2021-06-21 09:27:37,1453.0,187760
2021-06-21 09:27:38,1453.0,187797
2021-06-21 09:27:39,1452.9,188605
2021-06-21 09:27:40,1454.0,189116
2021-06-21 09:27:41,1454.0,189422
2021-06-21 09:27:43,1452.9,189768
2021-06-21 09:27:44,1452.95,190135
2021-06-21 09:27:45,1453.0,190235
2021-06-21 09:27:46,1453.0,190244
2021-06-21 09:27:47,1453.0,190388
2021-06-21 09:27:48,1452.25,190487
2021-06-21 09:27:49,1452.85,190673
2021-06-21 09:27:50,1452.85,190673
2021-06-21 09:27:52,1452.85,190757
2021-06-21 09:27:51,1452.85,190723
2021-06-21 09:27:53,1452.85,190757
2021-06-21 09:27:54,1452.9,190883
2021-06-21 09:27:55,1452.85,191010
2021-06-21 09:27:56,1452.95,191203
2021-06-21 09:27:57,1452.95,191203
2021-06-21 09:27:58,1453.0,191224
2021-06-21 09:27:59,1453.0,191475
2021-06-21 09:28:00,1453.4,193706
2021-06-21 09:28:01,1453.3,193861
2021-06-21 09:28:02,1453.1,193991
2021-06-21 09:28:03,1453.0,194061
2021-06-21 09:28:04,1452.9,194092
2021-06-21 09:28:05,1453.0,194145
2021-06-21 09:28:06,1453.0,194168
2021-06-21 09:28:08,1453.0,194233
2021-06-21 09:28:09,1452.85,194635
2021-06-21 09:28:10,1452.85,194936
2021-06-21 09:28:12,1452.5,195453
2021-06-21 09:28:13,1452.9,195462
2021-06-21 09:28:14,1452.85,195543
2021-06-21 09:28:15,1453.0,195689
2021-06-21 09:28:16,1453.0,195780
2021-06-21 09:28:17,1453.0,195821
2021-06-21 09:28:18,1453.1,196036
2021-06-21 09:28:19,1453.0,196037
2021-06-21 09:28:20,1453.0,196119
2021-06-21 09:28:21,1454.1,196493
2021-06-21 09:28:22,1453.5,196617
2021-06-21 09:28:23,1456.1,199974
2021-06-21 09:28:24,1454.15,200166
2021-06-21 09:28:25,1454.15,200234
2021-06-21 09:28:26,1454.0,200290
2021-06-21 09:28:28,1453.0,201874
2021-06-21 09:28:29,1453.0,201909
2021-06-21 09:28:30,1453.55,202382
2021-06-21 09:28:31,1453.55,202546
2021-06-21 09:28:33,1454.3,202824
2021-06-21 09:28:34,1454.25,202868
2021-06-21 09:28:35,1454.2,202946
2021-06-21 09:28:36,1453.1,202968
2021-06-21 09:28:37,1453.2,203076
2021-06-21 09:28:38,1453.2,203365
2021-06-21 09:28:39,1453.2,203379
2021-06-21 09:28:40,1453.1,203398
2021-06-21 09:28:41,1453.1,203486
2021-06-21 09:28:42,1453.0,203558
2021-06-21 09:28:43,1453.35,203739
2021-06-21 09:28:44,1453.3,203984
2021-06-21 09:28:45,1453.0,204026
2021-06-21 09:28:46,1453.1,204162
2021-06-21 09:28:47,1453.0,204207
2021-06-21 09:28:48,1453.0,204280
2021-06-21 09:28:49,1453.1,204331
2021-06-21 09:28:50,1453.1,204395
2021-06-21 09:28:51,1453.05,204441
2021-06-21 09:28:52,1453.2,204462
2021-06-21 09:28:53,1453.2,204489
2021-06-21 09:28:54,1453.35,205009
2021-06-21 09:28:56,1453.2,205070
2021-06-21 09:28:56,1453.1,205072
2021-06-21 09:28:57,1453.2,205203
2021-06-21 09:28:58,1453.1,205206
2021-06-21 09:28:59,1453.2,205277
2021-06-21 09:29:00,1453.2,205344
2021-06-21 09:29:01,1453.2,205377
2021-06-21 09:29:02,1453.35,205406
2021-06-21 09:29:03,1453.2,205516
2021-06-21 09:29:04,1453.2,205657
2021-06-21 09:29:06,1453.2,205769
2021-06-21 09:29:07,1453.2,205888
2021-06-21 09:29:08,1453.2,205931
2021-06-21 09:29:09,1453.2,206002
2021-06-21 09:29:10,1453.0,206125
2021-06-21 09:29:11,1453.0,206166
2021-06-21 09:29:12,1453.2,206227
2021-06-21 09:29:13,1453.25,206366
2021-06-21 09:29:14,1453.25,206412
2021-06-21 09:29:15,1453.2,206564
2021-06-21 09:29:16,1453.25,206640
2021-06-21 09:29:17,1453.2,206787
2021-06-21 09:29:18,1453.2,206815
2021-06-21 09:29:19,1453.25,206900
2021-06-21 09:29:20,1453.25,207167
2021-06-21 09:29:21,1453.25,207323
2021-06-21 09:29:22,1453.0,207637
2021-06-21 09:29:23,1452.85,208378
2021-06-21 09:29:24,1452.8,208415
2021-06-21 09:29:25,1452.85,208692
2021-06-21 09:29:26,1452.85,208748
2021-06-21 09:29:27,1452.5,208829
2021-06-21 09:29:28,1452.1,209249
2021-06-21 09:29:29,1452.7,209341
2021-06-21 09:29:32,1452.7,209517
2021-06-21 09:29:33,1452.7,209604
2021-06-21 09:29:37,1452.6,210149
2021-06-21 09:29:38,1452.6,210149
2021-06-21 09:29:39,1452.0,210253
2021-06-21 09:29:40,1452.05,210279
2021-06-21 09:29:41,1452.6,210361
2021-06-21 09:29:42,1452.6,210369
2021-06-21 09:29:43,1452.1,210375
2021-06-21 09:29:44,1452.7,210833
2021-06-21 09:29:47,1452.6,210978
2021-06-21 09:29:48,1452.15,211090
2021-06-21 09:29:49,1452.15,211140
2021-06-21 09:29:50,1453.0,212151
2021-06-21 09:29:51,1452.7,212264
2021-06-21 09:29:52,1453.0,212284
2021-06-21 09:29:53,1453.0,212297
2021-06-21 09:29:55,1453.0,212333
2021-06-21 09:29:56,1452.15,213438
2021-06-21 09:29:57,1452.9,213441
2021-06-21 09:30:01,1452.7,214269
2021-06-21 09:30:09,1452.25,215018
2021-06-21 09:30:10,1452.15,215041
2021-06-21 09:30:11,1452.05,215055
2021-06-21 09:30:12,1452.3,215214
2021-06-21 09:30:13,1452.2,215378
2021-06-21 09:30:16,1452.0,215614
2021-06-21 09:30:17,1452.3,215678
2021-06-21 09:30:17,1452.2,215699
2021-06-21 09:30:19,1452.3,215797
2021-06-21 09:30:19,1452.25,215822
2021-06-21 09:30:20,1452.3,216017
2021-06-21 09:30:21,1452.3,216171
2021-06-21 09:30:22,1452.3,216243
2021-06-21 09:30:23,1452.4,216277
2021-06-21 09:30:24,1451.0,218555
2021-06-21 09:30:25,1451.55,219679
2021-06-21 09:30:26,1451.55,220115
2021-06-21 09:30:27,1451.5,220192
2021-06-21 09:30:28,1451.5,220317
2021-06-21 09:30:29,1451.05,220358
2021-06-21 09:30:30,1451.5,220530
2021-06-21 09:30:31,1451.5,220609
2021-06-21 09:30:32,1451.0,220635
2021-06-21 09:30:33,1451.5,220760
2021-06-21 09:30:34,1451.0,220771
2021-06-21 09:30:36,1451.5,220903
2021-06-21 09:30:37,1451.7,221105
2021-06-21 09:30:38,1452.65,221696
2021-06-21 09:30:39,1452.65,221773
2021-06-21 09:30:40,1452.7,221901
2021-06-21 09:30:41,1452.7,221903
2021-06-21 09:30:44,1452.45,222007
2021-06-21 09:30:45,1452.45,222007
2021-06-21 09:30:47,1451.55,222030
2021-06-21 09:30:48,1452.0,222168
2021-06-21 09:30:49,1451.95,222179
2021-06-21 09:30:50,1452.0,222220
2021-06-21 09:30:50,1451.95,222222
2021-06-21 09:30:51,1452.1,222296
2021-06-21 09:30:52,1452.05,222382
2021-06-21 09:30:54,1452.0,222398
2021-06-21 09:30:55,1452.05,222449
2021-06-21 09:30:55,1452.05,222449
2021-06-21 09:30:56,1451.95,222463
2021-06-21 09:30:57,1451.95,222516
2021-06-21 09:30:58,1452.1,222882
2021-06-21 09:30:59,1452.1,222906
2021-06-21 09:31:01,1451.95,222976
2021-06-21 09:31:01,1451.95,223104
2021-06-21 09:31:04,1452.05,223333
2021-06-21 09:31:06,1452.0,223590
2021-06-21 09:31:07,1451.95,223897
2021-06-21 09:31:08,1452.0,223903
2021-06-21 09:31:09,1452.0,223903
2021-06-21 09:31:10,1452.05,224114
2021-06-21 09:31:11,1452.0,224183
2021-06-21 09:31:12,1452.0,224224
2021-06-21 09:31:13,1452.0,224277
2021-06-21 09:31:15,1452.0,224290
2021-06-21 09:31:16,1451.45,224915
2021-06-21 09:31:16,1452.1,224948
2021-06-21 09:31:17,1451.65,224961
2021-06-21 09:31:19,1452.05,225162
2021-06-21 09:31:19,1451.9,225167
2021-06-21 09:31:20,1451.9,225167
2021-06-21 09:31:23,1452.1,225336
2021-06-21 09:31:24,1452.1,225413
2021-06-21 09:31:25,1452.3,225866
2021-06-21 09:31:26,1452.7,226035
2021-06-21 09:31:27,1452.7,226178
2021-06-21 09:31:28,1452.3,226283
2021-06-21 09:31:28,1452.2,226339
2021-06-21 09:31:29,1452.7,226377
2021-06-21 09:31:31,1452.05,226922
2021-06-21 09:31:32,1452.05,227037
2021-06-21 09:31:33,1452.0,227422
2021-06-21 09:31:36,1452.0,227721
2021-06-21 09:31:37,1451.95,227892
2021-06-21 09:31:38,1452.0,227895
2021-06-21 09:31:39,1452.0,227923
2021-06-21 09:31:40,1452.0,227956
2021-06-21 09:31:41,1452.0,228086
2021-06-21 09:31:42,1452.0,228086
2021-06-21 09:31:43,1452.0,233950
2021-06-21 09:31:44,1452.0,233960
2021-06-21 09:31:45,1451.95,234034
2021-06-21 09:31:46,1451.75,234051
2021-06-21 09:31:47,1452.0,235051
2021-06-21 09:31:48,1452.0,235128
2021-06-21 09:31:49,1452.0,235143
2021-06-21 09:31:50,1452.0,235156
2021-06-21 09:31:51,1452.0,235223
2021-06-21 09:31:52,1452.0,235423
2021-06-21 09:31:53,1452.0,235483
2021-06-21 09:31:54,1452.0,235488
2021-06-21 09:31:55,1452.0,235510
2021-06-21 09:31:56,1452.0,235549
2021-06-21 09:31:57,1452.0,235550
2021-06-21 09:31:59,1452.0,245556
2021-06-21 09:32:00,1451.5,247587
2021-06-21 09:32:01,1452.0,247687
2021-06-21 09:32:02,1452.0,247764
2021-06-21 09:32:03,1452.0,247781
2021-06-21 09:32:04,1452.0,249771
2021-06-21 09:32:05,1452.0,249793
2021-06-21 09:32:06,1452.0,249814
2021-06-21 09:32:07,1451.9,249844
2021-06-21 09:32:08,1451.9,249855
2021-06-21 09:32:08,1451.9,249904
2021-06-21 09:32:09,1451.9,249927
2021-06-21 09:32:10,1451.8,249968
2021-06-21 09:32:11,1451.9,250004
2021-06-21 09:32:13,1451.9,250094
2021-06-21 09:32:14,1451.9,250135
2021-06-21 09:32:15,1451.9,250144
2021-06-21 09:32:16,1451.9,250263
2021-06-21 09:32:17,1451.9,250267
2021-06-21 09:32:18,1451.8,250364
2021-06-21 09:32:19,1452.0,250438
2021-06-21 09:32:19,1452.0,250459
2021-06-21 09:32:20,1452.0,250486
2021-06-21 09:32:21,1452.0,250528
2021-06-21 09:32:22,1452.0,250544
2021-06-21 09:32:23,1452.0,250544
2021-06-21 09:32:24,1452.0,250569
2021-06-21 09:32:27,1452.0,251034
2021-06-21 09:32:30,1452.0,251401
2021-06-21 09:32:31,1452.0,251825
2021-06-21 09:32:32,1452.0,252321
2021-06-21 09:32:32,1452.0,252321
2021-06-21 09:32:33,1452.0,252331
2021-06-21 09:32:34,1452.0,253020
2021-06-21 09:32:35,1451.9,253161
2021-06-21 09:32:36,1452.0,253328
2021-06-21 09:32:37,1452.0,254234
2021-06-21 09:32:38,1452.0,254520
2021-06-21 09:32:39,1452.0,254733
2021-06-21 09:32:40,1452.0,254946
2021-06-21 09:32:41,1452.0,254998
2021-06-21 09:32:42,1452.0,255673
2021-06-21 09:32:43,1452.0,255843
2021-06-21 09:32:44,1452.0,256005
2021-06-21 09:32:45,1452.0,256915
2021-06-21 09:32:46,1451.95,257069
2021-06-21 09:32:47,1451.85,257100
2021-06-21 09:32:49,1451.6,257163
2021-06-21 09:32:50,1451.95,257228
2021-06-21 09:32:51,1451.9,257256
2021-06-21 09:32:52,1451.9,257326
2021-06-21 09:32:53,1451.9,257326
2021-06-21 09:32:55,1451.85,257384
2021-06-21 09:32:57,1451.9,257489
2021-06-21 09:32:57,1451.9,257509
2021-06-21 09:32:59,1453.05,259940
2021-06-21 09:33:00,1452.85,260340
2021-06-21 09:33:01,1452.15,260596
2021-06-21 09:33:02,1452.15,260787
2021-06-21 09:33:03,1452.15,261358
2021-06-21 09:33:03,1452.0,261378
2021-06-21 09:33:04,1452.0,261500
2021-06-21 09:33:05,1452.0,261500
2021-06-21 09:33:07,1452.0,261775
2021-06-21 09:33:08,1452.0,261955
2021-06-21 09:33:09,1452.1,262290
2021-06-21 09:33:10,1452.1,262441
2021-06-21 09:33:11,1452.1,262527
2021-06-21 09:33:12,1452.1,262604
2021-06-21 09:33:13,1452.2,263295
2021-06-21 09:33:15,1452.55,263523
2021-06-21 09:33:16,1452.5,263730
2021-06-21 09:33:17,1452.3,264433
2021-06-21 09:33:19,1452.45,264694
2021-06-21 09:33:20,1452.8,266984
2021-06-21 09:33:21,1452.75,267821
2021-06-21 09:33:22,1452.3,268139
2021-06-21 09:33:23,1452.3,268244
2021-06-21 09:33:23,1452.75,268300
2021-06-21 09:33:24,1452.35,268472
2021-06-21 09:33:25,1452.0,268524
2021-06-21 09:33:26,1452.0,268655
2021-06-21 09:33:29,1452.0,268745
2021-06-21 09:33:30,1452.0,268795
2021-06-21 09:33:31,1452.0,268989
2021-06-21 09:33:31,1452.0,269125
2021-06-21 09:33:32,1452.1,269312
2021-06-21 09:33:34,1452.1,269380
2021-06-21 09:33:35,1452.0,269404
2021-06-21 09:33:36,1452.05,269498
2021-06-21 09:33:37,1452.0,269690
2021-06-21 09:33:38,1452.0,269696
2021-06-21 09:33:39,1451.8,269732
2021-06-21 09:33:40,1452.0,269913
2021-06-21 09:33:41,1452.0,269918
2021-06-21 09:33:42,1452.0,269933
2021-06-21 09:33:43,1452.0,270024
2021-06-21 09:33:44,1452.0,270041
2021-06-21 09:33:44,1452.0,270041
2021-06-21 09:33:45,1451.9,270076
2021-06-21 09:33:46,1451.9,270140
2021-06-21 09:33:48,1452.0,270177
2021-06-21 09:33:49,1452.0,270201
2021-06-21 09:33:50,1452.0,270267
2021-06-21 09:33:51,1452.1,270293
2021-06-21 09:33:52,1452.1,270312
2021-06-21 09:33:53,1452.1,270329
2021-06-21 09:33:54,1452.1,270393
2021-06-21 09:33:55,1452.1,270692
2021-06-21 09:33:56,1452.15,271012
2021-06-21 09:33:57,1452.15,271119
2021-06-21 09:33:58,1452.15,271176
2021-06-21 09:33:59,1452.15,271207
2021-06-21 09:34:00,1452.15,271268
2021-06-21 09:34:01,1452.15,271297
2021-06-21 09:34:02,1452.15,271316
2021-06-21 09:34:02,1452.15,271478
2021-06-21 09:34:03,1452.15,271575
2021-06-21 09:34:04,1452.0,271628
2021-06-21 09:34:05,1452.2,271923
2021-06-21 09:34:06,1452.15,272021
2021-06-21 09:34:08,1452.2,272060
2021-06-21 09:34:09,1452.0,273819
2021-06-21 09:34:10,1452.0,273837
2021-06-21 09:34:11,1452.0,273882
2021-06-21 09:34:12,1452.0,273983
2021-06-21 09:34:13,1452.0,274089
2021-06-21 09:34:14,1452.0,274099
2021-06-21 09:34:15,1452.0,274112
2021-06-21 09:34:17,1452.0,274122
2021-06-21 09:34:18,1452.0,274229
2021-06-21 09:34:19,1452.0,274346
2021-06-21 09:34:20,1452.0,274401
2021-06-21 09:34:21,1452.0,274603
2021-06-21 09:34:22,1452.0,274610
2021-06-21 09:34:23,1452.0,274720
2021-06-21 09:34:25,1451.95,274744
2021-06-21 09:34:26,1452.0,274858
2021-06-21 09:34:27,1452.0,274934
2021-06-21 09:34:28,1452.0,274982
2021-06-21 09:34:29,1452.0,275080
2021-06-21 09:34:30,1452.0,275098
2021-06-21 09:34:31,1452.0,275107
2021-06-21 09:34:32,1451.95,275736
2021-06-21 09:34:33,1451.9,275787
2021-06-21 09:34:34,1451.95,275827
2021-06-21 09:34:35,1451.95,275898
2021-06-21 09:34:36,1451.95,275923
2021-06-21 09:34:36,1451.8,276142
2021-06-21 09:34:37,1451.95,276206
2021-06-21 09:34:39,1451.95,276272
2021-06-21 09:34:40,1451.95,276292
2021-06-21 09:34:41,1451.95,276303
2021-06-21 09:34:42,1451.95,276304
2021-06-21 09:34:43,1451.95,276965
2021-06-21 09:34:44,1451.75,276995
2021-06-21 09:34:45,1451.8,277123
2021-06-21 09:34:46,1451.8,277123
2021-06-21 09:34:47,1451.85,277134
2021-06-21 09:34:48,1451.95,277214
2021-06-21 09:34:49,1451.95,277246
2021-06-21 09:34:50,1451.95,277249
2021-06-21 09:34:51,1451.95,277334
2021-06-21 09:34:52,1451.95,277359
2021-06-21 09:34:53,1451.95,277364
2021-06-21 09:34:54,1451.95,277407
2021-06-21 09:34:55,1452.0,277557
2021-06-21 09:34:56,1451.5,278062
2021-06-21 09:34:56,1451.5,278062
2021-06-21 09:34:58,1451.5,278062
2021-06-21 09:34:59,1452.0,278148
2021-06-21 09:35:00,1452.0,278171
2021-06-21 09:35:01,1452.0,278217
2021-06-21 09:35:01,1452.0,278279
2021-06-21 09:35:02,1452.0,278484
2021-06-21 09:35:04,1452.0,278786
2021-06-21 09:35:04,1452.0,278880
2021-06-21 09:35:05,1451.75,279033
2021-06-21 09:35:07,1452.0,279038
2021-06-21 09:35:08,1452.0,279061
2021-06-21 09:35:10,1452.0,279126
2021-06-21 09:35:11,1452.0,279142
2021-06-21 09:35:12,1452.0,279185
2021-06-21 09:35:13,1452.0,279224
2021-06-21 09:35:14,1451.75,279337
2021-06-21 09:35:14,1452.0,279338
2021-06-21 09:35:16,1452.0,279430
2021-06-21 09:35:17,1452.0,279456
2021-06-21 09:35:18,1452.0,279570
2021-06-21 09:35:19,1452.0,279575
2021-06-21 09:35:20,1452.0,279713
2021-06-21 09:35:22,1452.0,279731
2021-06-21 09:35:22,1451.85,280358
2021-06-21 09:35:24,1452.1,280901
2021-06-21 09:35:24,1452.1,280901
2021-06-21 09:35:26,1452.0,280906
2021-06-21 09:35:27,1452.0,281138
2021-06-21 09:35:28,1452.0,281238
2021-06-21 09:35:29,1452.0,281272
2021-06-21 09:35:30,1452.0,281272
2021-06-21 09:35:32,1452.55,283097
2021-06-21 09:35:33,1452.55,283126
2021-06-21 09:35:33,1452.35,283606
2021-06-21 09:35:34,1452.3,283875
2021-06-21 09:35:35,1452.55,284111
2021-06-21 09:35:36,1452.55,284220
2021-06-21 09:35:39,1452.55,284544
2021-06-21 09:35:40,1452.55,284799
2021-06-21 09:35:41,1452.55,285448
2021-06-21 09:35:42,1452.85,285714
2021-06-21 09:35:43,1452.55,285802
2021-06-21 09:35:43,1452.85,285836
2021-06-21 09:35:44,1452.8,287878
2021-06-21 09:35:46,1452.2,288211
2021-06-21 09:35:47,1452.55,289127
2021-06-21 09:35:48,1452.2,289473
2021-06-21 09:35:49,1452.0,289975
2021-06-21 09:35:51,1452.0,291602
2021-06-21 09:35:52,1452.0,291631
2021-06-21 09:35:52,1452.2,292512
2021-06-21 09:35:53,1451.75,292547
2021-06-21 09:35:54,1452.0,292551
2021-06-21 09:35:55,1452.0,292807
2021-06-21 09:35:57,1452.0,292877
2021-06-21 09:35:58,1452.25,293471
2021-06-21 09:35:59,1452.0,293667
2021-06-21 09:36:00,1452.1,294143
2021-06-21 09:36:01,1452.25,294635
2021-06-21 09:36:02,1452.0,294641
2021-06-21 09:36:03,1452.0,295041
2021-06-21 09:36:04,1452.0,295142
2021-06-21 09:36:05,1452.65,296223
2021-06-21 09:36:06,1451.8,296533
2021-06-21 09:36:07,1452.0,296534
2021-06-21 09:36:08,1452.0,296568
2021-06-21 09:36:09,1452.0,296635
2021-06-21 09:36:10,1452.0,296699
2021-06-21 09:36:11,1452.0,296882
2021-06-21 09:36:12,1452.0,296989
2021-06-21 09:36:13,1452.0,297039
2021-06-21 09:36:14,1452.1,297066
2021-06-21 09:36:16,1452.0,297139
2021-06-21 09:36:17,1452.1,297244
2021-06-21 09:36:18,1452.0,297279
2021-06-21 09:36:19,1452.1,297326
2021-06-21 09:36:20,1452.1,297539
2021-06-21 09:36:21,1452.1,297621
2021-06-21 09:36:22,1452.0,298041
2021-06-21 09:36:23,1452.25,298213
2021-06-21 09:36:24,1452.0,298364
2021-06-21 09:36:25,1451.5,298563
2021-06-21 09:36:26,1452.0,298595
2021-06-21 09:36:27,1452.0,298742
2021-06-21 09:36:28,1452.0,298787
2021-06-21 09:36:28,1452.0,298788
2021-06-21 09:36:30,1452.1,298834
2021-06-21 09:36:31,1452.0,299281
2021-06-21 09:36:32,1452.0,299301
2021-06-21 09:36:33,1452.05,299451
2021-06-21 09:36:34,1452.0,299493
2021-06-21 09:36:35,1451.25,299817
2021-06-21 09:36:36,1451.1,299995
2021-06-21 09:36:37,1451.05,300192
2021-06-21 09:36:38,1451.65,300222
2021-06-21 09:36:39,1451.65,300223
2021-06-21 09:36:40,1451.5,300224
2021-06-21 09:36:41,1451.65,300233
2021-06-21 09:36:42,1451.0,301247
2021-06-21 09:36:43,1451.45,301336
2021-06-21 09:36:43,1451.45,301358
2021-06-21 09:36:45,1451.45,301366
2021-06-21 09:36:46,1451.0,301429
2021-06-21 09:36:47,1451.0,301709
2021-06-21 09:36:48,1451.1,301835
2021-06-21 09:36:49,1451.45,301840
2021-06-21 09:36:50,1451.45,301970
2021-06-21 09:36:51,1451.45,302001
2021-06-21 09:36:52,1451.0,303489
2021-06-21 09:36:53,1451.0,303697
2021-06-21 09:36:54,1450.9,303882
2021-06-21 09:36:55,1451.0,303883
2021-06-21 09:36:56,1451.0,303883
2021-06-21 09:36:57,1450.9,303902
2021-06-21 09:36:58,1451.25,304661
2021-06-21 09:36:59,1451.25,304917
2021-06-21 09:37:00,1451.25,305288
2021-06-21 09:37:04,1451.35,305708
2021-06-21 09:37:05,1451.75,305799
2021-06-21 09:37:06,1451.75,305835
2021-06-21 09:37:07,1451.35,306258
2021-06-21 09:37:08,1451.75,306496
2021-06-21 09:37:09,1451.5,306534
2021-06-21 09:37:10,1451.5,306599
2021-06-21 09:37:11,1451.5,306687
2021-06-21 09:37:12,1451.5,306774
2021-06-21 09:37:12,1451.0,306878
2021-06-21 09:37:14,1451.5,307042
2021-06-21 09:37:15,1451.5,307147
2021-06-21 09:37:16,1451.5,307260
2021-06-21 09:37:17,1451.25,307270
2021-06-21 09:37:18,1451.1,307421
2021-06-21 09:37:19,1451.45,307497
2021-06-21 09:37:20,1451.0,307522
2021-06-21 09:37:22,1451.3,307599
2021-06-21 09:37:23,1451.35,307836
2021-06-21 09:37:24,1451.35,307962
2021-06-21 09:37:25,1451.35,308115
2021-06-21 09:37:26,1451.35,308265
2021-06-21 09:37:27,1451.35,308345
2021-06-21 09:37:28,1451.25,308346
2021-06-21 09:37:29,1451.0,308374
2021-06-21 09:37:31,1451.35,308400
2021-06-21 09:37:32,1451.4,308436
2021-06-21 09:37:33,1451.25,308448
2021-06-21 09:37:34,1451.4,308911
2021-06-21 09:37:35,1451.25,309064
2021-06-21 09:37:36,1451.25,309070
2021-06-21 09:37:37,1451.0,309117
2021-06-21 09:37:38,1451.0,309391
2021-06-21 09:37:39,1451.0,309422
2021-06-21 09:37:40,1451.0,309759
2021-06-21 09:37:41,1451.0,310104
2021-06-21 09:37:42,1451.0,310177
2021-06-21 09:37:43,1451.0,310207
2021-06-21 09:37:44,1451.0,310261
2021-06-21 09:37:45,1451.0,310512
2021-06-21 09:37:46,1451.0,310652
2021-06-21 09:37:47,1450.9,311056
2021-06-21 09:37:48,1450.9,311199
2021-06-21 09:37:49,1451.0,311799
2021-06-21 09:37:50,1451.0,311900
2021-06-21 09:37:51,1451.0,311916
2021-06-21 09:37:52,1451.0,312024
2021-06-21 09:37:53,1451.0,312039
2021-06-21 09:37:54,1451.0,312065
2021-06-21 09:37:56,1451.0,312633
2021-06-21 09:37:57,1451.4,315299
2021-06-21 09:37:58,1450.95,316278
2021-06-21 09:37:59,1451.0,316355
2021-06-21 09:38:00,1451.0,316545
2021-06-21 09:38:01,1450.95,316657
2021-06-21 09:38:02,1451.0,317181
2021-06-21 09:38:03,1451.0,317340
2021-06-21 09:38:04,1451.0,317369
2021-06-21 09:38:05,1451.0,317370
2021-06-21 09:38:06,1451.0,317651
2021-06-21 09:38:07,1450.95,317681
2021-06-21 09:38:08,1450.95,317721
2021-06-21 09:38:09,1451.0,317726
2021-06-21 09:38:10,1451.1,318118
2021-06-21 09:38:11,1451.1,318252
2021-06-21 09:38:12,1451.0,318950
2021-06-21 09:38:13,1451.0,319181
2021-06-21 09:38:14,1451.4,319279
2021-06-21 09:38:15,1451.45,319438
2021-06-21 09:38:16,1451.4,319543
2021-06-21 09:38:17,1451.45,319587
2021-06-21 09:38:18,1451.45,319651
2021-06-21 09:38:19,1451.45,319674
2021-06-21 09:38:20,1451.45,320215
2021-06-21 09:38:21,1451.5,320494
2021-06-21 09:38:22,1451.45,320596
2021-06-21 09:38:23,1451.45,320630
2021-06-21 09:38:24,1451.55,320669
2021-06-21 09:38:25,1451.5,320682
2021-06-21 09:38:26,1451.5,320688
2021-06-21 09:38:27,1451.55,320732
2021-06-21 09:38:28,1451.55,320768
2021-06-21 09:38:29,1451.6,321053
2021-06-21 09:38:30,1451.65,321735
2021-06-21 09:38:31,1452.45,321965
2021-06-21 09:38:32,1451.8,322041
2021-06-21 09:38:33,1453.25,322754
2021-06-21 09:38:34,1452.1,322917
2021-06-21 09:38:35,1452.0,323001
2021-06-21 09:38:36,1452.0,323010
2021-06-21 09:38:37,1452.75,323157
2021-06-21 09:38:38,1452.75,323329
2021-06-21 09:38:39,1452.05,323422
2021-06-21 09:38:40,1452.75,323544
2021-06-21 09:38:41,1452.1,323639
2021-06-21 09:38:42,1452.3,323886
2021-06-21 09:38:43,1452.3,323968
2021-06-21 09:38:44,1453.15,323999
2021-06-21 09:38:45,1453.05,324074
2021-06-21 09:38:46,1453.05,324104
2021-06-21 09:38:47,1453.05,324119
2021-06-21 09:38:48,1453.05,324278
2021-06-21 09:38:49,1453.05,324465
2021-06-21 09:38:50,1452.35,324513
2021-06-21 09:38:51,1452.25,324595
2021-06-21 09:38:52,1452.75,324642
2021-06-21 09:38:53,1452.3,324662
2021-06-21 09:38:54,1452.75,324679
2021-06-21 09:38:55,1452.75,324711
2021-06-21 09:38:56,1452.75,324860
2021-06-21 09:38:57,1452.75,324985
2021-06-21 09:38:58,1452.4,325066
2021-06-21 09:38:59,1452.75,325117
2021-06-21 09:39:00,1452.4,325189
2021-06-21 09:39:01,1452.4,325213
2021-06-21 09:39:03,1452.7,325398
2021-06-21 09:39:04,1452.7,325436
2021-06-21 09:39:05,1452.7,325567
2021-06-21 09:39:07,1452.7,325651
2021-06-21 09:39:09,1454.75,327639
2021-06-21 09:39:10,1453.6,327699
2021-06-21 09:39:11,1453.45,327891
2021-06-21 09:39:12,1452.95,327942
2021-06-21 09:39:13,1452.95,328134
2021-06-21 09:39:14,1453.75,328280
2021-06-21 09:39:15,1453.75,328302
2021-06-21 09:39:16,1453.75,328302
2021-06-21 09:39:17,1454.45,328377
2021-06-21 09:39:18,1454.45,328377
2021-06-21 09:39:19,1454.2,328379
2021-06-21 09:39:20,1453.6,328380
2021-06-21 09:39:22,1454.15,328385
2021-06-21 09:39:21,1453.6,328380
2021-06-21 09:39:23,1454.15,328432
2021-06-21 09:39:24,1454.15,328454
2021-06-21 09:39:25,1454.15,328476
2021-06-21 09:39:26,1454.0,328497
2021-06-21 09:39:27,1454.0,328617
2021-06-21 09:39:28,1454.0,328658
2021-06-21 09:39:29,1454.0,328779
2021-06-21 09:39:30,1454.0,328783
2021-06-21 09:39:31,1454.0,329382
2021-06-21 09:39:32,1455.15,330902
2021-06-21 09:39:33,1455.05,330903
2021-06-21 09:39:34,1454.7,331221
2021-06-21 09:39:35,1455.0,331276
2021-06-21 09:39:36,1455.3,331351
2021-06-21 09:39:38,1455.35,331401
2021-06-21 09:39:38,1455.35,331401
2021-06-21 09:39:39,1455.4,331421
2021-06-21 09:39:40,1455.25,331534
2021-06-21 09:39:41,1455.25,331554
2021-06-21 09:39:43,1455.4,331703
2021-06-21 09:39:42,1455.4,331693
2021-06-21 09:39:44,1455.05,331903
2021-06-21 09:39:45,1455.05,331903
2021-06-21 09:39:46,1455.4,332024
2021-06-21 09:39:48,1455.45,332061
2021-06-21 09:39:47,1455.45,332061
2021-06-21 09:39:49,1455.45,332071
2021-06-21 09:39:50,1455.5,332473
2021-06-21 09:39:51,1455.8,332547
2021-06-21 09:39:52,1455.8,332547
2021-06-21 09:39:53,1455.6,332559
2021-06-21 09:39:54,1455.5,332566
2021-06-21 09:39:55,1455.6,332661
2021-06-21 09:39:56,1455.8,332802
2021-06-21 09:39:57,1455.8,332805
2021-06-21 09:39:58,1455.7,332955
2021-06-21 09:39:59,1455.6,332958
2021-06-21 09:40:00,1456.05,335832
2021-06-21 09:40:01,1456.2,335888
2021-06-21 09:40:02,1456.2,335888
2021-06-21 09:40:03,1456.5,335942
2021-06-21 09:40:04,1455.95,336065
2021-06-21 09:40:05,1456.5,336076
2021-06-21 09:40:06,1456.5,336076
2021-06-21 09:40:07,1456.5,336077
2021-06-21 09:40:08,1456.5,336080
2021-06-21 09:40:09,1456.5,336081
2021-06-21 09:40:10,1456.5,336081
2021-06-21 09:40:11,1456.5,336124
2021-06-21 09:40:12,1456.55,336267
2021-06-21 09:40:13,1456.7,336284
2021-06-21 09:40:14,1456.7,336284
2021-06-21 09:40:15,1457.0,336805
2021-06-21 09:40:16,1457.0,336805
2021-06-21 09:40:17,1457.0,336806
2021-06-21 09:40:18,1456.7,336917
2021-06-21 09:40:19,1457.0,337122
2021-06-21 09:40:21,1457.25,337205
2021-06-21 09:40:22,1457.0,337412
2021-06-21 09:40:23,1457.0,337692
2021-06-21 09:40:25,1457.1,338237
2021-06-21 09:40:27,1457.05,338299
2021-06-21 09:40:28,1456.7,338305
2021-06-21 09:40:29,1457.05,338310
2021-06-21 09:40:30,1457.05,338394
2021-06-21 09:40:31,1456.7,338469
2021-06-21 09:40:32,1456.7,338469
2021-06-21 09:40:33,1457.0,338577
2021-06-21 09:40:34,1456.7,338594
2021-06-21 09:40:35,1457.05,338883
2021-06-21 09:40:36,1456.7,338996
2021-06-21 09:40:37,1456.9,339116
2021-06-21 09:40:38,1456.9,339122
2021-06-21 09:40:39,1456.9,339122
2021-06-21 09:40:41,1456.9,339182
2021-06-21 09:40:41,1456.9,339180
2021-06-21 09:40:42,1456.9,339422
2021-06-21 09:40:43,1456.9,339429
2021-06-21 09:40:44,1456.9,339472
2021-06-21 09:40:45,1456.8,339818
2021-06-21 09:40:46,1456.7,339929
2021-06-21 09:40:47,1456.85,340429
2021-06-21 09:40:48,1456.75,340431
2021-06-21 09:40:49,1456.65,340613
2021-06-21 09:40:50,1456.65,340624
2021-06-21 09:40:53,1456.65,341034
2021-06-21 09:40:54,1456.6,341306
2021-06-21 09:40:55,1456.6,341321
2021-06-21 09:40:56,1456.6,341451
2021-06-21 09:40:57,1456.6,341451
2021-06-21 09:40:58,1456.7,341679
2021-06-21 09:40:59,1456.75,341914
2021-06-21 09:41:01,1456.55,341991
2021-06-21 09:41:01,1456.55,341991
2021-06-21 09:41:02,1456.55,341994
2021-06-21 09:41:03,1456.6,342094
2021-06-21 09:41:04,1456.6,342094
2021-06-21 09:41:05,1456.6,342155
2021-06-21 09:41:06,1456.6,342155
2021-06-21 09:41:08,1456.65,342179
2021-06-21 09:41:09,1456.8,342224
2021-06-21 09:41:09,1456.8,342224
2021-06-21 09:41:10,1456.8,342233
2021-06-21 09:41:11,1456.9,342253
2021-06-21 09:41:12,1456.9,342254
2021-06-21 09:41:13,1456.9,342254
2021-06-21 09:41:14,1456.8,342289
2021-06-21 09:41:15,1456.8,342436
2021-06-21 09:41:16,1456.8,342436
2021-06-21 09:41:17,1456.8,342500
2021-06-21 09:41:18,1456.9,342611
2021-06-21 09:41:19,1456.9,342611
2021-06-21 09:41:20,1456.8,342618
2021-06-21 09:41:21,1456.9,342687
2021-06-21 09:41:22,1456.85,342809
2021-06-21 09:41:23,1456.7,342819
2021-06-21 09:41:24,1456.8,343191
2021-06-21 09:41:25,1456.65,343337
2021-06-21 09:41:27,1456.85,343482
2021-06-21 09:41:28,1456.65,343486
2021-06-21 09:41:31,1458.0,347056
2021-06-21 09:41:32,1458.0,347086
2021-06-21 09:41:33,1457.55,347386
2021-06-21 09:41:34,1457.55,347386
2021-06-21 09:41:36,1457.4,347536
2021-06-21 09:41:36,1458.0,347537
2021-06-21 09:41:37,1458.0,347571
2021-06-21 09:41:38,1458.0,347646
2021-06-21 09:41:39,1458.9,350296
2021-06-21 09:41:40,1458.9,350329
2021-06-21 09:41:41,1458.9,350330
2021-06-21 09:41:42,1458.9,350388
2021-06-21 09:41:43,1458.4,350394
2021-06-21 09:41:44,1458.9,350416
2021-06-21 09:41:45,1458.9,350416
2021-06-21 09:41:46,1458.9,350466
2021-06-21 09:41:47,1458.9,350528
2021-06-21 09:41:48,1458.9,350656
2021-06-21 09:41:49,1458.85,350669
2021-06-21 09:41:50,1458.85,350898
2021-06-21 09:41:51,1458.9,350928
2021-06-21 09:41:52,1458.85,351612
2021-06-21 09:41:54,1458.4,351812
2021-06-21 09:41:54,1458.35,351837
2021-06-21 09:41:55,1458.6,351909
2021-06-21 09:41:57,1458.6,351909
2021-06-21 09:41:58,1458.65,352016
2021-06-21 09:41:59,1458.0,353016
2021-06-21 09:42:00,1458.5,353153
2021-06-21 09:42:00,1458.5,353153
2021-06-21 09:42:01,1458.5,353153
2021-06-21 09:42:02,1458.5,353153
2021-06-21 09:42:03,1458.5,353153
2021-06-21 09:42:04,1458.5,353194
2021-06-21 09:42:05,1458.5,353199
2021-06-21 09:42:06,1458.5,353364
2021-06-21 09:42:07,1458.5,353384
2021-06-21 09:42:08,1458.7,353807
2021-06-21 09:42:10,1458.5,353862
2021-06-21 09:42:11,1458.7,353878
2021-06-21 09:42:11,1458.75,353900
2021-06-21 09:42:13,1458.7,353911
2021-06-21 09:42:14,1458.95,355683
2021-06-21 09:42:15,1459.7,355708
2021-06-21 09:42:16,1459.7,355739
2021-06-21 09:42:17,1459.9,355805
2021-06-21 09:42:18,1459.45,355815
2021-06-21 09:42:19,1459.9,356019
2021-06-21 09:42:20,1459.9,356108
2021-06-21 09:42:20,1459.9,356139
2021-06-21 09:42:21,1459.9,356159
2021-06-21 09:42:22,1459.45,356259
2021-06-21 09:42:23,1459.9,356379
2021-06-21 09:42:24,1459.9,356379
2021-06-21 09:42:25,1459.9,356412
2021-06-21 09:42:26,1459.9,356523
2021-06-21 09:42:27,1459.5,356639
2021-06-21 09:42:28,1459.9,356836
2021-06-21 09:42:29,1459.9,357094
2021-06-21 09:42:30,1459.9,357176
2021-06-21 09:42:31,1459.9,357458
2021-06-21 09:42:33,1459.95,357545
2021-06-21 09:42:34,1460.5,359828
2021-06-21 09:42:36,1460.8,360061
2021-06-21 09:42:37,1460.8,360137
2021-06-21 09:42:38,1460.8,360142
2021-06-21 09:42:39,1460.15,360177
2021-06-21 09:42:40,1460.15,360327
2021-06-21 09:42:41,1460.6,360464
2021-06-21 09:42:42,1460.15,360474
2021-06-21 09:42:43,1460.6,360477
2021-06-21 09:42:44,1461.05,361992
2021-06-21 09:42:44,1460.35,362035
2021-06-21 09:42:45,1460.15,362612
2021-06-21 09:42:46,1460.75,362634
2021-06-21 09:42:47,1460.65,362680
2021-06-21 09:42:48,1460.65,362682
2021-06-21 09:42:49,1460.15,362692
2021-06-21 09:42:50,1460.5,363375
2021-06-21 09:42:51,1460.0,363381
2021-06-21 09:42:52,1460.0,363409
2021-06-21 09:42:53,1459.9,363520
2021-06-21 09:42:54,1460.0,363530
2021-06-21 09:42:55,1460.0,363645
2021-06-21 09:42:56,1460.0,363656
2021-06-21 09:42:58,1460.0,363664
2021-06-21 09:42:59,1460.0,363674
2021-06-21 09:42:59,1460.0,363694
2021-06-21 09:43:00,1460.0,363718
2021-06-21 09:43:01,1460.15,364146
2021-06-21 09:43:03,1460.0,364247
2021-06-21 09:43:04,1459.55,364515
2021-06-21 09:43:05,1460.15,364566
2021-06-21 09:43:08,1460.2,365145
2021-06-21 09:43:09,1460.2,365145
2021-06-21 09:43:10,1460.2,365145
2021-06-21 09:43:11,1460.2,365186
2021-06-21 09:43:12,1460.0,365194
2021-06-21 09:43:13,1460.0,365195
2021-06-21 09:43:14,1460.0,365268
2021-06-21 09:43:15,1460.0,365355
2021-06-21 09:43:16,1460.05,365477
2021-06-21 09:43:17,1460.0,365545
2021-06-21 09:43:18,1460.0,365746
2021-06-21 09:43:19,1460.05,365799
2021-06-21 09:43:20,1460.2,365950
2021-06-21 09:43:22,1459.7,366220
2021-06-21 09:43:23,1460.0,366245
2021-06-21 09:43:23,1460.0,366287
2021-06-21 09:43:24,1460.0,366546
2021-06-21 09:43:25,1460.0,366546
2021-06-21 09:43:26,1459.7,367170
2021-06-21 09:43:28,1460.2,367180
2021-06-21 09:43:29,1460.15,367283
2021-06-21 09:43:30,1460.05,367290
2021-06-21 09:43:31,1460.5,367699
2021-06-21 09:43:31,1459.9,367855
2021-06-21 09:43:33,1459.9,368069
2021-06-21 09:43:34,1459.9,368119
2021-06-21 09:43:34,1460.1,369038
2021-06-21 09:43:35,1459.95,369163
2021-06-21 09:43:36,1459.95,369163
2021-06-21 09:43:37,1459.95,369163
2021-06-21 09:43:39,1460.3,369226
2021-06-21 09:43:40,1460.05,369561
2021-06-21 09:43:41,1460.05,369586
2021-06-21 09:43:42,1460.5,369596
2021-06-21 09:43:43,1460.5,369603
2021-06-21 09:43:44,1460.15,369672
2021-06-21 09:43:45,1460.15,369675
2021-06-21 09:43:48,1460.45,369731
2021-06-21 09:43:49,1460.45,369731
2021-06-21 09:43:50,1460.15,370129
2021-06-21 09:43:51,1460.15,370129
2021-06-21 09:43:52,1460.15,370153
2021-06-21 09:43:53,1460.15,370208
2021-06-21 09:43:54,1460.15,370226
2021-06-21 09:43:55,1460.55,370235
2021-06-21 09:43:56,1460.55,370287
2021-06-21 09:43:57,1460.55,370291
2021-06-21 09:43:58,1460.55,370336
2021-06-21 09:43:58,1460.55,370336
2021-06-21 09:44:00,1460.15,370560
2021-06-21 09:44:01,1460.0,370565
2021-06-21 09:44:04,1460.55,371757
2021-06-21 09:44:05,1460.15,371862
2021-06-21 09:44:06,1460.55,371943
2021-06-21 09:44:07,1460.5,371968
2021-06-21 09:44:08,1460.55,371969
2021-06-21 09:44:09,1460.5,371970
2021-06-21 09:44:09,1460.5,371970
2021-06-21 09:44:10,1460.3,372220
2021-06-21 09:44:11,1460.45,372350
2021-06-21 09:44:12,1460.15,372370
2021-06-21 09:44:13,1460.45,372372
2021-06-21 09:44:14,1460.35,372585
2021-06-21 09:44:15,1460.2,372588
2021-06-21 09:44:17,1460.45,372598
2021-06-21 09:44:18,1460.45,372700
2021-06-21 09:44:19,1460.2,372750
2021-06-21 09:44:20,1460.2,372891
2021-06-21 09:44:21,1460.45,372899
2021-06-21 09:44:21,1460.5,372950
2021-06-21 09:44:22,1460.5,372955
2021-06-21 09:44:23,1460.3,372956
2021-06-21 09:44:24,1460.5,372965
2021-06-21 09:44:26,1460.2,373512
2021-06-21 09:44:27,1460.0,373655
2021-06-21 09:44:28,1460.4,373677
2021-06-21 09:44:28,1460.4,373677
2021-06-21 09:44:29,1460.4,373730
2021-06-21 09:44:30,1460.4,373975
2021-06-21 09:44:31,1460.5,374135
2021-06-21 09:44:32,1460.5,374176
2021-06-21 09:44:33,1460.5,374176
2021-06-21 09:44:34,1460.5,374176
2021-06-21 09:44:35,1460.4,374253
2021-06-21 09:44:36,1460.2,374353
2021-06-21 09:44:38,1460.4,374359
2021-06-21 09:44:39,1460.45,374365
2021-06-21 09:44:40,1460.45,374413
2021-06-21 09:44:41,1460.45,374423
2021-06-21 09:44:41,1460.3,374433
2021-06-21 09:44:42,1460.3,374433
2021-06-21 09:44:43,1460.5,374489
2021-06-21 09:44:44,1460.5,374970
2021-06-21 09:44:45,1460.3,375690
2021-06-21 09:44:46,1460.4,375705
2021-06-21 09:44:48,1460.3,376135
2021-06-21 09:44:49,1460.3,376140
2021-06-21 09:44:50,1460.0,376166
2021-06-21 09:44:51,1460.3,376194
2021-06-21 09:44:51,1460.0,376167
2021-06-21 09:44:52,1460.3,376215
2021-06-21 09:44:54,1460.0,376291
2021-06-21 09:44:55,1460.3,376531
2021-06-21 09:44:56,1460.0,376559
2021-06-21 09:44:57,1460.3,376560
2021-06-21 09:44:59,1460.25,376772
2021-06-21 09:44:59,1460.25,376750
2021-06-21 09:45:01,1460.25,376792
2021-06-21 09:45:02,1459.95,376920
2021-06-21 09:45:03,1460.0,376936
2021-06-21 09:45:04,1460.0,376961
2021-06-21 09:45:05,1460.0,376961
2021-06-21 09:45:06,1460.0,376962
2021-06-21 09:45:07,1460.0,376975
2021-06-21 09:45:08,1460.0,377020
2021-06-21 09:45:09,1460.0,377040
2021-06-21 09:45:10,1459.7,377045
2021-06-21 09:45:11,1460.0,377056
2021-06-21 09:45:12,1459.85,377087
2021-06-21 09:45:13,1459.7,377088
2021-06-21 09:45:14,1460.0,377313
2021-06-21 09:45:14,1459.7,377314
2021-06-21 09:45:15,1459.95,377446
2021-06-21 09:45:16,1459.95,377521
2021-06-21 09:45:17,1459.95,377521
2021-06-21 09:45:18,1459.95,377521
2021-06-21 09:45:20,1459.95,377571
2021-06-21 09:45:21,1459.7,377836
2021-06-21 09:45:22,1459.7,377846
2021-06-21 09:45:23,1459.7,377916
2021-06-21 09:45:23,1459.5,377871
2021-06-21 09:45:24,1459.4,379174
2021-06-21 09:45:25,1458.95,379202
2021-06-21 09:45:26,1458.95,379202
2021-06-21 09:45:28,1458.8,379295
2021-06-21 09:45:28,1458.8,379295
2021-06-21 09:45:29,1458.8,379320
2021-06-21 09:45:30,1458.8,379320
2021-06-21 09:45:31,1459.3,379346
2021-06-21 09:45:32,1459.3,379477
2021-06-21 09:45:33,1459.3,379517
2021-06-21 09:45:34,1459.3,379517
2021-06-21 09:45:35,1459.3,379532
2021-06-21 09:45:36,1459.3,379532
2021-06-21 09:45:37,1459.3,379532
2021-06-21 09:45:40,1459.3,379847
2021-06-21 09:45:41,1459.3,379907
2021-06-21 09:45:42,1459.3,379909
2021-06-21 09:45:43,1459.3,380567
2021-06-21 09:45:45,1459.0,380587
2021-06-21 09:45:46,1459.45,380738
2021-06-21 09:45:47,1459.45,380992
2021-06-21 09:45:48,1459.3,381018
2021-06-21 09:45:49,1459.0,381029
2021-06-21 09:45:50,1458.95,381112
2021-06-21 09:45:51,1459.0,381137
2021-06-21 09:45:51,1459.0,381137
2021-06-21 09:45:52,1459.3,381148
2021-06-21 09:45:53,1459.4,381632
2021-06-21 09:45:54,1459.4,381642
2021-06-21 09:45:55,1459.4,381821
2021-06-21 09:45:57,1459.4,381821
2021-06-21 09:45:58,1459.0,381822
2021-06-21 09:45:59,1459.0,381822
2021-06-21 09:46:00,1459.0,381822
2021-06-21 09:46:01,1459.3,381825
2021-06-21 09:46:03,1459.4,381925
2021-06-21 09:46:04,1459.4,381946
2021-06-21 09:46:05,1459.3,382219
2021-06-21 09:46:06,1459.4,382260
2021-06-21 09:46:07,1459.4,382363
2021-06-21 09:46:10,1459.3,382668
2021-06-21 09:46:12,1459.95,383394
2021-06-21 09:46:13,1459.65,383419
2021-06-21 09:46:14,1459.95,383430
2021-06-21 09:46:15,1459.95,383443
2021-06-21 09:46:17,1459.95,383463
2021-06-21 09:46:17,1459.95,383473
2021-06-21 09:46:18,1459.95,383473
2021-06-21 09:46:19,1459.65,384526
2021-06-21 09:46:20,1459.5,386207
2021-06-21 09:46:21,1459.5,386228
2021-06-21 09:46:22,1459.45,386229
2021-06-21 09:46:23,1459.95,386238
2021-06-21 09:46:24,1459.95,386238
2021-06-21 09:46:25,1459.5,386273
2021-06-21 09:46:27,1459.95,386344
2021-06-21 09:46:27,1459.95,386344
2021-06-21 09:46:28,1459.5,386418
2021-06-21 09:46:30,1459.9,386428
2021-06-21 09:46:31,1459.9,386479
2021-06-21 09:46:31,1459.9,386428
2021-06-21 09:46:32,1459.9,386479
2021-06-21 09:46:34,1459.9,386499
2021-06-21 09:46:35,1459.95,386633
2021-06-21 09:46:36,1459.95,386656
2021-06-21 09:46:37,1459.95,386670
2021-06-21 09:46:38,1459.95,386727
2021-06-21 09:46:38,1459.95,386770
2021-06-21 09:46:40,1460.0,387079
2021-06-21 09:46:40,1459.9,387142
2021-06-21 09:46:41,1459.9,387145
2021-06-21 09:46:42,1459.9,387160
2021-06-21 09:46:43,1459.9,387181
2021-06-21 09:46:45,1459.45,387231
2021-06-21 09:46:46,1459.6,387232
2021-06-21 09:46:48,1459.85,387243
2021-06-21 09:46:50,1459.6,387252
2021-06-21 09:46:51,1459.6,387279
2021-06-21 09:46:53,1459.85,387280
2021-06-21 09:46:54,1459.65,388660
2021-06-21 09:46:55,1459.65,388660
2021-06-21 09:46:56,1459.95,388661
2021-06-21 09:46:57,1459.95,388662
2021-06-21 09:46:58,1459.95,388867
2021-06-21 09:46:59,1459.95,388879
2021-06-21 09:47:00,1460.05,389043
2021-06-21 09:47:01,1460.05,389043
2021-06-21 09:47:02,1460.05,389063
2021-06-21 09:47:03,1460.05,389063
2021-06-21 09:47:04,1460.0,389127
2021-06-21 09:47:05,1460.05,389134
2021-06-21 09:47:05,1460.05,389134
2021-06-21 09:47:06,1460.0,389206
2021-06-21 09:47:07,1460.05,389230
2021-06-21 09:47:09,1460.05,389256
2021-06-21 09:47:10,1460.0,389282
2021-06-21 09:47:10,1460.05,389281
2021-06-21 09:47:12,1460.0,389325
2021-06-21 09:47:14,1460.05,389340
2021-06-21 09:47:15,1460.05,389493
2021-06-21 09:47:15,1460.05,389514
2021-06-21 09:47:17,1460.05,389517
2021-06-21 09:47:18,1459.9,389574
2021-06-21 09:47:19,1459.9,389609
2021-06-21 09:47:20,1459.9,389629
2021-06-21 09:47:21,1459.9,389831
2021-06-21 09:47:23,1459.9,389883
2021-06-21 09:47:24,1459.8,389918
2021-06-21 09:47:25,1459.8,389919
2021-06-21 09:47:25,1459.8,389919
2021-06-21 09:47:27,1459.8,389919
2021-06-21 09:47:28,1459.4,390019
2021-06-21 09:47:29,1459.4,390019
2021-06-21 09:47:30,1459.4,390019
2021-06-21 09:47:31,1459.8,390026
2021-06-21 09:47:32,1459.85,390047
2021-06-21 09:47:33,1459.85,390047
2021-06-21 09:47:34,1459.65,390057
2021-06-21 09:47:36,1459.65,390140
2021-06-21 09:47:37,1459.65,390240
2021-06-21 09:47:38,1459.1,390758
2021-06-21 09:47:39,1459.7,390789
2021-06-21 09:47:41,1459.7,390794
2021-06-21 09:47:42,1459.7,390794
2021-06-21 09:47:43,1459.7,390794
2021-06-21 09:47:44,1459.65,390795
2021-06-21 09:47:45,1459.65,390795
2021-06-21 09:47:46,1459.7,391275
2021-06-21 09:47:47,1459.7,391297
2021-06-21 09:47:48,1459.2,391302
2021-06-21 09:47:48,1459.2,391302
2021-06-21 09:47:49,1459.2,391302
2021-06-21 09:47:51,1459.7,391310
2021-06-21 09:47:52,1459.2,391410
2021-06-21 09:47:53,1459.7,391447
2021-06-21 09:47:54,1459.7,391461
2021-06-21 09:47:55,1459.7,391491
2021-06-21 09:47:56,1459.7,391515
2021-06-21 09:47:56,1459.7,391575
2021-06-21 09:47:57,1459.7,391601
2021-06-21 09:47:59,1459.2,391617
2021-06-21 09:48:00,1459.7,391629
2021-06-21 09:48:01,1459.7,391629
2021-06-21 09:48:02,1459.0,391686
2021-06-21 09:48:03,1459.2,391899
2021-06-21 09:48:04,1459.5,391916
2021-06-21 09:48:05,1459.2,392059
2021-06-21 09:48:07,1459.2,392059
2021-06-21 09:48:08,1459.2,392071
2021-06-21 09:48:09,1459.2,392334
2021-06-21 09:48:10,1459.2,392334
2021-06-21 09:48:11,1459.2,392344
2021-06-21 09:48:12,1459.2,392378
2021-06-21 09:48:13,1459.2,392384
2021-06-21 09:48:14,1459.2,392395
2021-06-21 09:48:15,1459.2,392395
2021-06-21 09:48:16,1459.2,392406
2021-06-21 09:48:17,1459.2,392418
2021-06-21 09:48:18,1459.2,392418
2021-06-21 09:48:19,1459.2,392418
2021-06-21 09:48:20,1458.75,392562
2021-06-21 09:48:21,1458.75,392562
2021-06-21 09:48:22,1459.2,392572
2021-06-21 09:48:23,1459.2,392653
2021-06-21 09:48:24,1459.2,392653
2021-06-21 09:48:25,1459.0,392703
2021-06-21 09:48:26,1458.35,393258
2021-06-21 09:48:27,1459.0,393264
2021-06-21 09:48:28,1459.0,393361
2021-06-21 09:48:29,1459.0,393376
2021-06-21 09:48:30,1458.65,393776
2021-06-21 09:48:31,1459.1,394099
2021-06-21 09:48:32,1459.1,394099
2021-06-21 09:48:33,1459.0,394103
2021-06-21 09:48:34,1459.0,394128
2021-06-21 09:48:36,1459.1,394154
2021-06-21 09:48:37,1459.1,394159
2021-06-21 09:48:38,1459.1,394159
2021-06-21 09:48:39,1459.1,394174
2021-06-21 09:48:40,1459.0,394192
2021-06-21 09:48:41,1459.0,394192
2021-06-21 09:48:42,1459.1,394242
2021-06-21 09:48:44,1459.1,394304
2021-06-21 09:48:45,1459.2,395029
2021-06-21 09:48:46,1459.2,395029
2021-06-21 09:48:47,1459.0,395079
2021-06-21 09:48:48,1459.1,395080
2021-06-21 09:48:49,1459.0,395126
2021-06-21 09:48:50,1459.1,395127
2021-06-21 09:48:51,1459.1,395127
2021-06-21 09:48:52,1459.1,395149
2021-06-21 09:48:53,1459.0,395219
2021-06-21 09:48:54,1459.1,395329
2021-06-21 09:48:55,1459.1,395330
2021-06-21 09:48:56,1459.1,395330
2021-06-21 09:48:57,1459.1,395336
2021-06-21 09:48:58,1459.1,395340
2021-06-21 09:48:59,1459.1,395372
2021-06-21 09:49:00,1459.1,395540
2021-06-21 09:49:01,1459.1,395551
2021-06-21 09:49:02,1459.2,395752
2021-06-21 09:49:03,1459.2,395762
2021-06-21 09:49:04,1459.2,395769
2021-06-21 09:49:05,1459.0,395784
2021-06-21 09:49:06,1459.2,395889
2021-06-21 09:49:07,1459.2,395889
2021-06-21 09:49:08,1459.05,395910
2021-06-21 09:49:09,1459.2,396081
2021-06-21 09:49:10,1458.6,396186
2021-06-21 09:49:11,1458.6,396186
2021-06-21 09:49:12,1459.2,396192
2021-06-21 09:49:13,1459.2,396233
2021-06-21 09:49:14,1459.2,396243
2021-06-21 09:49:16,1459.3,396626
2021-06-21 09:49:17,1459.1,396651
2021-06-21 09:49:18,1459.3,396652
2021-06-21 09:49:19,1459.3,396652
2021-06-21 09:49:20,1459.3,396908
2021-06-21 09:49:21,1459.3,396908
2021-06-21 09:49:22,1459.3,396908
2021-06-21 09:49:23,1459.4,396920
2021-06-21 09:49:24,1459.2,396990
2021-06-21 09:49:25,1459.2,397418
2021-06-21 09:49:26,1459.5,397419
2021-06-21 09:49:27,1459.5,397550
2021-06-21 09:49:28,1459.5,397550
2021-06-21 09:49:29,1459.5,397550
2021-06-21 09:49:30,1459.5,397560
2021-06-21 09:49:31,1459.5,397563
2021-06-21 09:49:32,1459.2,397634
2021-06-21 09:49:33,1459.5,397747
2021-06-21 09:49:34,1459.5,397747
2021-06-21 09:49:35,1459.5,397747
2021-06-21 09:49:36,1459.5,397758
2021-06-21 09:49:37,1459.8,397951
2021-06-21 09:49:38,1459.8,397951
2021-06-21 09:49:39,1459.8,397952
2021-06-21 09:49:40,1459.25,398094
2021-06-21 09:49:41,1459.9,398210
2021-06-21 09:49:42,1459.9,398222
2021-06-21 09:49:43,1459.9,398222
2021-06-21 09:49:44,1459.9,398222
2021-06-21 09:49:45,1460.0,400020
2021-06-21 09:49:46,1459.45,400290
2021-06-21 09:49:47,1459.45,400319
2021-06-21 09:49:48,1459.45,400319
2021-06-21 09:49:49,1459.1,400392
2021-06-21 09:49:51,1459.45,400427
2021-06-21 09:49:50,1459.45,400417
2021-06-21 09:49:52,1459.05,400453
2021-06-21 09:49:53,1459.05,400453
2021-06-21 09:49:54,1459.4,400651
2021-06-21 09:49:55,1459.4,400651
2021-06-21 09:49:56,1459.4,400672
2021-06-21 09:49:57,1459.4,400672
2021-06-21 09:49:58,1459.4,401817
2021-06-21 09:49:59,1459.4,401817
2021-06-21 09:50:00,1459.2,401836
2021-06-21 09:50:01,1459.2,401836
2021-06-21 09:50:02,1458.9,401960
2021-06-21 09:50:03,1458.9,401960
2021-06-21 09:50:04,1458.9,402096
2021-06-21 09:50:05,1459.1,402150
2021-06-21 09:50:06,1458.6,402194
2021-06-21 09:50:07,1458.6,402194
2021-06-21 09:50:08,1458.6,402205
2021-06-21 09:50:09,1458.6,402205
2021-06-21 09:50:10,1458.55,402225
2021-06-21 09:50:11,1458.55,402225
2021-06-21 09:50:12,1458.6,402247
2021-06-21 09:50:13,1458.6,402247
2021-06-21 09:50:14,1458.6,402287
2021-06-21 09:50:15,1458.6,402287
2021-06-21 09:50:16,1458.3,402357
2021-06-21 09:50:17,1458.3,402473
2021-06-21 09:50:18,1458.3,402475
2021-06-21 09:50:19,1458.3,402475
2021-06-21 09:50:20,1458.3,402753
2021-06-21 09:50:21,1458.4,402829
2021-06-21 09:50:22,1458.4,402829
2021-06-21 09:50:23,1458.4,402829
2021-06-21 09:50:25,1458.4,402829
2021-06-21 09:50:25,1458.4,402830
2021-06-21 09:50:26,1458.4,402830
2021-06-21 09:50:27,1458.4,402830
2021-06-21 09:50:28,1458.4,402854
2021-06-21 09:50:29,1458.3,402948
2021-06-21 09:50:30,1458.3,402950
2021-06-21 09:50:31,1458.3,402997
2021-06-21 09:50:32,1458.3,403168
2021-06-21 09:50:33,1458.3,403168
2021-06-21 09:50:35,1458.0,403275
2021-06-21 09:50:36,1458.3,403297
2021-06-21 09:50:37,1458.3,403297
2021-06-21 09:50:38,1457.8,403395
2021-06-21 09:50:39,1458.2,403486
2021-06-21 09:50:40,1458.2,403486
2021-06-21 09:50:41,1457.5,403496
2021-06-21 09:50:42,1457.5,403580
2021-06-21 09:50:43,1458.0,403601
2021-06-21 09:50:44,1458.0,403601
2021-06-21 09:50:45,1457.65,403616
2021-06-21 09:50:47,1457.3,403747
2021-06-21 09:50:48,1457.3,403748
2021-06-21 09:50:48,1457.3,403748
2021-06-21 09:50:49,1457.75,403750
2021-06-21 09:50:50,1457.75,403750
2021-06-21 09:50:51,1457.75,403800
2021-06-21 09:50:52,1457.35,404086
2021-06-21 09:50:53,1457.35,404086
2021-06-21 09:50:54,1457.75,404119
2021-06-21 09:50:55,1457.65,404121
2021-06-21 09:50:56,1457.35,404180
2021-06-21 09:50:57,1457.4,404223
2021-06-21 09:50:58,1457.55,404550
2021-06-21 09:50:59,1457.65,404722
2021-06-21 09:51:02,1457.4,404910
2021-06-21 09:51:02,1457.4,404910
2021-06-21 09:51:03,1457.4,404910
2021-06-21 09:51:04,1457.4,404911
2021-06-21 09:51:05,1457.6,405109
2021-06-21 09:51:06,1457.6,405109
2021-06-21 09:51:07,1457.65,405131
2021-06-21 09:51:08,1457.55,405159
2021-06-21 09:51:09,1457.55,405159
2021-06-21 09:51:10,1457.65,405230
2021-06-21 09:51:11,1457.6,405242
2021-06-21 09:51:12,1457.65,405398
2021-06-21 09:51:14,1457.6,405446
2021-06-21 09:51:14,1457.6,405446
2021-06-21 09:51:15,1457.65,405596
2021-06-21 09:51:16,1457.65,405604
2021-06-21 09:51:17,1457.65,405609
2021-06-21 09:51:18,1457.65,405624
2021-06-21 09:51:19,1457.65,405842
2021-06-21 09:51:20,1457.65,405842
2021-06-21 09:51:21,1457.45,405847
2021-06-21 09:51:22,1457.65,405865
2021-06-21 09:51:23,1457.65,406033
2021-06-21 09:51:24,1457.65,406033
2021-06-21 09:51:25,1457.65,406034
2021-06-21 09:51:26,1457.65,406107
2021-06-21 09:51:27,1457.4,406123
2021-06-21 09:51:29,1457.4,406129
2021-06-21 09:51:31,1457.45,406130
2021-06-21 09:51:31,1457.4,406302
2021-06-21 09:51:32,1457.4,406362
2021-06-21 09:51:33,1457.45,406964
2021-06-21 09:51:34,1457.45,406964
2021-06-21 09:51:35,1457.45,406964
2021-06-21 09:51:38,1457.0,408341
2021-06-21 09:51:40,1456.9,408392
2021-06-21 09:51:40,1456.5,408419
2021-06-21 09:51:41,1456.5,408431
2021-06-21 09:51:43,1456.5,408698
2021-06-21 09:51:43,1456.5,408698
2021-06-21 09:51:44,1456.5,408698
2021-06-21 09:51:46,1456.1,409294
2021-06-21 09:51:47,1456.45,409299
2021-06-21 09:51:48,1456.45,409415
2021-06-21 09:51:50,1456.0,409488
2021-06-21 09:51:52,1456.0,409999
2021-06-21 09:51:52,1455.8,410017
2021-06-21 09:51:53,1456.1,410044
2021-06-21 09:51:54,1456.0,410116
2021-06-21 09:51:55,1456.0,410116
2021-06-21 09:51:56,1455.25,410330
2021-06-21 09:51:57,1455.25,410330
2021-06-21 09:51:58,1455.6,410338
2021-06-21 09:51:59,1455.0,411318
2021-06-21 09:52:00,1455.0,411318
2021-06-21 09:52:02,1454.45,411663
2021-06-21 09:52:03,1454.45,411663
2021-06-21 09:52:05,1454.55,411734
2021-06-21 09:52:06,1454.2,411740
2021-06-21 09:52:07,1454.0,412004
2021-06-21 09:52:09,1454.55,412008
2021-06-21 09:52:10,1453.95,412720
2021-06-21 09:52:10,1454.6,412721
2021-06-21 09:52:11,1454.6,412741
2021-06-21 09:52:12,1454.6,412768
2021-06-21 09:52:13,1455.6,415009
2021-06-21 09:52:14,1456.55,415904
2021-06-21 09:52:15,1456.55,415945
2021-06-21 09:52:16,1456.55,415946
2021-06-21 09:52:17,1456.05,415960
2021-06-21 09:52:18,1456.45,416061
2021-06-21 09:52:20,1456.45,416085
2021-06-21 09:52:21,1456.45,416085
2021-06-21 09:52:24,1455.8,416240
2021-06-21 09:52:25,1456.25,416422
2021-06-21 09:52:26,1456.25,416426
2021-06-21 09:52:27,1456.25,416431
2021-06-21 09:52:29,1455.95,416547
2021-06-21 09:52:30,1455.95,416597
2021-06-21 09:52:31,1455.95,416682
2021-06-21 09:52:32,1455.95,416707
2021-06-21 09:52:33,1455.95,416707
2021-06-21 09:52:35,1455.95,416707
2021-06-21 09:52:36,1455.95,416729
2021-06-21 09:52:37,1455.95,416729
2021-06-21 09:52:38,1455.95,416731
2021-06-21 09:52:39,1455.95,416769
2021-06-21 09:52:40,1455.95,417321
2021-06-21 09:52:41,1455.95,417341
2021-06-21 09:52:42,1455.8,417383
2021-06-21 09:52:44,1455.8,417559
2021-06-21 09:52:45,1455.8,417560
2021-06-21 09:52:46,1455.8,417577
2021-06-21 09:52:47,1455.8,417592
2021-06-21 09:52:48,1455.8,417592
2021-06-21 09:52:49,1455.9,417666
2021-06-21 09:52:50,1455.9,417683
2021-06-21 09:52:52,1455.9,417704
2021-06-21 09:52:52,1455.9,417704
2021-06-21 09:52:54,1455.9,417704
2021-06-21 09:52:56,1455.9,418591
2021-06-21 09:52:56,1455.9,418591
2021-06-21 09:52:57,1455.9,418593
2021-06-21 09:52:58,1455.5,418613
2021-06-21 09:53:00,1455.9,418812
2021-06-21 09:53:01,1455.5,418858
2021-06-21 09:53:01,1455.9,418861
2021-06-21 09:53:02,1455.9,418864
2021-06-21 09:53:04,1455.5,418870
2021-06-21 09:53:05,1456.0,418920
2021-06-21 09:53:06,1456.0,418920
2021-06-21 09:53:06,1456.0,418920
2021-06-21 09:53:07,1456.0,418920
2021-06-21 09:53:08,1456.0,418941
2021-06-21 09:53:09,1456.0,418941
2021-06-21 09:53:10,1456.05,419034
2021-06-21 09:53:11,1456.4,420053
2021-06-21 09:53:12,1456.1,420063
2021-06-21 09:53:13,1456.2,420209
2021-06-21 09:53:14,1456.2,420209
2021-06-21 09:53:15,1456.45,420324
2021-06-21 09:53:16,1456.45,420365
2021-06-21 09:53:17,1456.1,420427
2021-06-21 09:53:19,1456.45,420577
2021-06-21 09:53:20,1456.1,420582
2021-06-21 09:53:21,1456.1,420582
2021-06-21 09:53:22,1456.1,420582
2021-06-21 09:53:24,1456.45,420614
2021-06-21 09:53:25,1456.45,420674
2021-06-21 09:53:26,1456.6,420675
2021-06-21 09:53:26,1456.6,420675
2021-06-21 09:53:27,1456.6,420675
2021-06-21 09:53:28,1456.6,420675
2021-06-21 09:53:29,1456.45,420722
2021-06-21 09:53:30,1456.6,420844
2021-06-21 09:53:31,1456.45,420976
2021-06-21 09:53:32,1456.45,420976
2021-06-21 09:53:33,1456.45,421006
2021-06-21 09:53:34,1456.2,421009
2021-06-21 09:53:35,1456.2,421019
2021-06-21 09:53:36,1456.1,421151
2021-06-21 09:53:37,1456.2,421171
2021-06-21 09:53:38,1456.2,421171
2021-06-21 09:53:39,1456.2,421291
2021-06-21 09:53:40,1456.3,421292
2021-06-21 09:53:41,1456.1,421312
2021-06-21 09:53:42,1456.1,421312
2021-06-21 09:53:43,1456.3,421317
2021-06-21 09:53:45,1456.3,421338
2021-06-21 09:53:45,1456.3,421339
2021-06-21 09:53:46,1456.3,421371
2021-06-21 09:53:48,1456.3,421405
2021-06-21 09:53:48,1456.2,421454
2021-06-21 09:53:49,1456.2,421455
2021-06-21 09:53:50,1456.2,421463
2021-06-21 09:53:51,1456.3,421562
2021-06-21 09:53:52,1456.1,421622
2021-06-21 09:53:53,1456.3,421628
2021-06-21 09:53:54,1456.3,421643
2021-06-21 09:53:55,1456.3,421664
2021-06-21 09:53:56,1456.3,421664
2021-06-21 09:53:57,1456.3,421664
2021-06-21 09:53:58,1456.3,421664
2021-06-21 09:53:59,1456.3,421664
2021-06-21 09:54:00,1456.3,421664
2021-06-21 09:54:01,1456.3,421665
2021-06-21 09:54:02,1456.3,421665
2021-06-21 09:54:03,1456.3,421665
2021-06-21 09:54:05,1456.15,421724
2021-06-21 09:54:06,1456.15,421724
2021-06-21 09:54:06,1456.0,421854
2021-06-21 09:54:07,1456.0,421854
2021-06-21 09:54:09,1456.0,421854
2021-06-21 09:54:10,1456.15,421865
2021-06-21 09:54:11,1456.15,421867
2021-06-21 09:54:12,1456.15,421896
2021-06-21 09:54:13,1456.15,421896
2021-06-21 09:54:14,1456.15,421997
2021-06-21 09:54:15,1456.15,422007
2021-06-21 09:54:16,1456.15,422007
2021-06-21 09:54:17,1455.85,422089
2021-06-21 09:54:18,1455.85,422129
2021-06-21 09:54:19,1455.85,422153
2021-06-21 09:54:20,1455.85,422153
2021-06-21 09:54:21,1455.4,422198
2021-06-21 09:54:22,1455.55,422272
2021-06-21 09:54:23,1455.55,422272
2021-06-21 09:54:24,1455.55,422293
2021-06-21 09:54:25,1455.55,422333
2021-06-21 09:54:26,1455.55,422387
2021-06-21 09:54:27,1455.55,422408
2021-06-21 09:54:28,1455.55,422408
2021-06-21 09:54:31,1455.55,422408
2021-06-21 09:54:31,1455.55,422747
2021-06-21 09:54:32,1455.55,422749
2021-06-21 09:54:34,1455.35,423254
2021-06-21 09:54:35,1455.2,423274
2021-06-21 09:54:36,1455.35,423361
2021-06-21 09:54:37,1455.2,423506
2021-06-21 09:54:38,1455.35,423511
2021-06-21 09:54:39,1455.35,423591
2021-06-21 09:54:39,1455.35,423591
2021-06-21 09:54:40,1455.35,423592
2021-06-21 09:54:41,1455.35,423592
2021-06-21 09:54:42,1455.7,424815
2021-06-21 09:54:43,1455.7,424815
2021-06-21 09:54:44,1455.7,424836
2021-06-21 09:54:45,1456.0,425593
2021-06-21 09:54:47,1456.0,425593
2021-06-21 09:54:48,1456.05,425596
2021-06-21 09:54:49,1455.7,425606
2021-06-21 09:54:50,1455.7,425606
2021-06-21 09:54:51,1455.7,425607
2021-06-21 09:54:51,1455.8,425630
2021-06-21 09:54:52,1455.55,425814
2021-06-21 09:54:54,1455.8,425849
2021-06-21 09:54:55,1455.8,425899
2021-06-21 09:54:56,1455.55,425936
2021-06-21 09:54:57,1455.55,425936
2021-06-21 09:54:59,1455.55,425936
2021-06-21 09:55:00,1455.8,425965
2021-06-21 09:55:02,1455.8,426013
2021-06-21 09:55:02,1455.8,426013
2021-06-21 09:55:03,1455.8,426026
2021-06-21 09:55:04,1455.8,426172
2021-06-21 09:55:05,1455.95,426297
2021-06-21 09:55:06,1455.8,426347
2021-06-21 09:55:07,1455.9,426547
2021-06-21 09:55:09,1455.9,426844
2021-06-21 09:55:11,1455.9,426853
2021-06-21 09:55:12,1455.9,426858
2021-06-21 09:55:13,1455.9,426858
2021-06-21 09:55:14,1455.9,426913
2021-06-21 09:55:15,1455.9,426913
2021-06-21 09:55:15,1455.9,426914
2021-06-21 09:55:17,1455.9,426965
2021-06-21 09:55:18,1455.9,426966
2021-06-21 09:55:19,1455.8,427122
2021-06-21 09:55:21,1455.9,427223
2021-06-21 09:55:22,1455.85,427274
2021-06-21 09:55:23,1455.8,427438
2021-06-21 09:55:24,1455.85,427460
2021-06-21 09:55:25,1455.85,427482
2021-06-21 09:55:26,1455.85,427491
2021-06-21 09:55:27,1455.75,427522
2021-06-21 09:55:28,1455.75,427568
2021-06-21 09:55:29,1455.75,427568
2021-06-21 09:55:30,1455.6,427636
2021-06-21 09:55:31,1455.6,427636
2021-06-21 09:55:32,1455.85,427657
2021-06-21 09:55:33,1455.85,427657
2021-06-21 09:55:33,1455.85,427657
2021-06-21 09:55:34,1455.55,427774
2021-06-21 09:55:35,1455.55,427774
2021-06-21 09:55:36,1455.85,427864
2021-06-21 09:55:37,1455.85,428241
2021-06-21 09:55:39,1455.85,428241
2021-06-21 09:55:39,1455.85,428262
2021-06-21 09:55:42,1455.5,428726
2021-06-21 09:55:43,1455.3,428789
2021-06-21 09:55:44,1455.3,430387
2021-06-21 09:55:44,1455.3,430387
2021-06-21 09:55:46,1455.05,430537
2021-06-21 09:55:47,1454.75,430677
2021-06-21 09:55:48,1455.05,430813
2021-06-21 09:55:49,1454.75,430835
2021-06-21 09:55:50,1454.75,431091
2021-06-21 09:55:51,1454.75,431091
2021-06-21 09:55:52,1454.75,431093
2021-06-21 09:55:52,1454.75,431095
2021-06-21 09:55:53,1454.75,431095
2021-06-21 09:55:54,1454.75,431098
2021-06-21 09:55:55,1454.75,431142
2021-06-21 09:55:56,1454.75,431149
2021-06-21 09:55:57,1454.75,431149
2021-06-21 09:55:58,1454.75,431149
2021-06-21 09:55:59,1454.75,431149
2021-06-21 09:56:01,1454.4,431212
2021-06-21 09:56:02,1454.5,431360
2021-06-21 09:56:03,1454.4,431372
2021-06-21 09:56:04,1454.5,431394
2021-06-21 09:56:05,1454.4,431876
2021-06-21 09:56:06,1454.4,431911
2021-06-21 09:56:07,1454.4,431913
2021-06-21 09:56:08,1454.4,431955
2021-06-21 09:56:09,1454.15,432032
2021-06-21 09:56:10,1454.15,432032
2021-06-21 09:56:11,1454.4,432063
2021-06-21 09:56:13,1454.15,432592
2021-06-21 09:56:13,1454.15,432592
2021-06-21 09:56:15,1454.5,432602
2021-06-21 09:56:15,1454.5,432604
2021-06-21 09:56:16,1454.0,432735
2021-06-21 09:56:17,1454.0,432735
2021-06-21 09:56:19,1454.0,432735
2021-06-21 09:56:20,1454.45,432758
2021-06-21 09:56:21,1454.45,432778
2021-06-21 09:56:22,1454.0,432800
2021-06-21 09:56:23,1454.15,432814
2021-06-21 09:56:24,1454.0,432939
2021-06-21 09:56:25,1454.0,432939
2021-06-21 09:56:25,1454.15,432949
2021-06-21 09:56:26,1454.15,432954
2021-06-21 09:56:27,1454.15,433036
2021-06-21 09:56:29,1454.15,433036
2021-06-21 09:56:30,1454.4,433235
2021-06-21 09:56:32,1454.45,433251
2021-06-21 09:56:33,1454.4,433551
2021-06-21 09:56:33,1454.4,433551
2021-06-21 09:56:34,1454.15,433564
2021-06-21 09:56:35,1454.35,433641
2021-06-21 09:56:36,1453.9,433715
2021-06-21 09:56:37,1454.35,433716
2021-06-21 09:56:39,1454.35,433743
2021-06-21 09:56:40,1454.35,433743
2021-06-21 09:56:40,1454.35,433743
2021-06-21 09:56:41,1454.0,433905
2021-06-21 09:56:42,1454.35,433924
2021-06-21 09:56:44,1454.35,433955
2021-06-21 09:56:45,1454.35,433955
2021-06-21 09:56:46,1453.95,433975
2021-06-21 09:56:47,1454.35,434145
2021-06-21 09:56:47,1454.35,434145
2021-06-21 09:56:48,1454.35,434162
2021-06-21 09:56:50,1454.35,434162
2021-06-21 09:56:51,1454.2,434501
2021-06-21 09:56:52,1454.45,434524
2021-06-21 09:56:53,1454.45,434533
2021-06-21 09:56:54,1454.45,434544
2021-06-21 09:56:55,1454.4,434545
2021-06-21 09:56:56,1454.35,434580
2021-06-21 09:56:56,1454.35,434580
2021-06-21 09:56:58,1454.35,434792
2021-06-21 09:56:59,1454.1,434807
2021-06-21 09:57:00,1454.35,434903
2021-06-21 09:57:01,1454.35,435013
2021-06-21 09:57:02,1454.35,435014
2021-06-21 09:57:03,1454.35,435116
2021-06-21 09:57:04,1454.35,435923
2021-06-21 09:57:05,1454.35,435923
2021-06-21 09:57:06,1454.35,436105
2021-06-21 09:57:07,1454.35,436105
2021-06-21 09:57:08,1454.4,436126
2021-06-21 09:57:11,1454.4,436201
2021-06-21 09:57:12,1454.4,436207
2021-06-21 09:57:13,1454.5,436417
2021-06-21 09:57:14,1454.5,436548
2021-06-21 09:57:15,1454.2,436584
2021-06-21 09:57:17,1454.5,436633
2021-06-21 09:57:18,1454.5,436682
2021-06-21 09:57:19,1454.2,436693
2021-06-21 09:57:20,1454.2,436693
2021-06-21 09:57:21,1454.3,436806
2021-06-21 09:57:22,1454.5,437085
2021-06-21 09:57:23,1454.5,437085
2021-06-21 09:57:24,1454.6,437107
2021-06-21 09:57:25,1454.5,437132
2021-06-21 09:57:26,1454.6,437136
2021-06-21 09:57:27,1454.6,437136
2021-06-21 09:57:28,1454.6,437136
2021-06-21 09:57:29,1454.6,437136
2021-06-21 09:57:30,1454.6,437313
2021-06-21 09:57:31,1454.35,437317
2021-06-21 09:57:32,1454.75,437439
2021-06-21 09:57:33,1454.75,437439
2021-06-21 09:57:34,1454.3,437670
2021-06-21 09:57:35,1454.4,437681
2021-06-21 09:57:36,1454.9,438492
2021-06-21 09:57:37,1454.9,438493
2021-06-21 09:57:38,1454.9,438493
2021-06-21 09:57:39,1454.9,438493
2021-06-21 09:57:40,1454.9,438569
2021-06-21 09:57:41,1454.3,439072
2021-06-21 09:57:42,1454.85,439073
2021-06-21 09:57:43,1454.85,439073
2021-06-21 09:57:44,1454.85,439073
2021-06-21 09:57:45,1454.85,439073
2021-06-21 09:57:46,1454.85,439073
2021-06-21 09:57:47,1454.9,439077
2021-06-21 09:57:48,1454.9,439100
2021-06-21 09:57:49,1454.75,439241
2021-06-21 09:57:50,1454.9,439247
2021-06-21 09:57:51,1454.9,439252
2021-06-21 09:57:52,1454.9,439253
2021-06-21 09:57:53,1454.9,439267
2021-06-21 09:57:54,1454.9,439273
2021-06-21 09:57:54,1454.9,439273
2021-06-21 09:57:55,1454.9,439294
2021-06-21 09:57:57,1454.9,439295
2021-06-21 09:57:58,1454.9,439295
2021-06-21 09:57:59,1454.9,439295
2021-06-21 09:58:00,1454.9,439302
2021-06-21 09:58:01,1454.9,439302
2021-06-21 09:58:02,1454.9,439302
2021-06-21 09:58:03,1454.9,439362
2021-06-21 09:58:04,1454.9,439383
2021-06-21 09:58:05,1454.75,439390
2021-06-21 09:58:06,1454.75,439408
2021-06-21 09:58:07,1454.45,439519
2021-06-21 09:58:08,1454.45,439521
2021-06-21 09:58:09,1454.45,439534
2021-06-21 09:58:10,1454.45,439535
2021-06-21 09:58:11,1454.4,439536
2021-06-21 09:58:12,1454.45,439575
2021-06-21 09:58:13,1454.45,439594
2021-06-21 09:58:14,1454.45,439597
2021-06-21 09:58:15,1454.55,439946
2021-06-21 09:58:16,1454.9,440646
2021-06-21 09:58:19,1454.55,440855
2021-06-21 09:58:20,1454.55,440994
2021-06-21 09:58:21,1454.55,441016
2021-06-21 09:58:22,1454.55,441070
2021-06-21 09:58:23,1454.9,441177
2021-06-21 09:58:24,1454.55,441547
2021-06-21 09:58:25,1454.75,441592
2021-06-21 09:58:26,1454.75,441592
2021-06-21 09:58:27,1454.75,441620
2021-06-21 09:58:29,1454.75,441642
2021-06-21 09:58:30,1454.75,441642
2021-06-21 09:58:31,1454.75,441662
2021-06-21 09:58:33,1454.6,441663
2021-06-21 09:58:34,1454.3,441794
2021-06-21 09:58:35,1454.9,442542
2021-06-21 09:58:36,1454.85,442592
2021-06-21 09:58:38,1454.85,442592
2021-06-21 09:58:40,1454.85,442822
2021-06-21 09:58:41,1454.85,442822
2021-06-21 09:58:42,1454.95,442832
2021-06-21 09:58:43,1454.95,442832
2021-06-21 09:58:44,1454.95,443128
2021-06-21 09:58:45,1454.85,443428
2021-06-21 09:58:46,1454.85,443569
2021-06-21 09:58:47,1454.85,443582
2021-06-21 09:58:48,1454.95,443583
2021-06-21 09:58:48,1454.95,443583
2021-06-21 09:58:51,1454.95,443742
2021-06-21 09:58:51,1454.95,443764
2021-06-21 09:58:53,1454.95,443965
2021-06-21 09:58:55,1454.95,443970
2021-06-21 09:58:56,1454.5,444118
2021-06-21 09:58:57,1454.5,444118
2021-06-21 09:59:00,1454.95,444146
2021-06-21 09:59:01,1454.65,444876
2021-06-21 09:59:02,1454.65,444876
2021-06-21 09:59:03,1455.0,444878
2021-06-21 09:59:04,1455.0,444878
2021-06-21 09:59:05,1455.0,444889
2021-06-21 09:59:06,1455.0,444899
2021-06-21 09:59:07,1455.0,444899
2021-06-21 09:59:08,1454.65,445029
2021-06-21 09:59:09,1454.7,445134
2021-06-21 09:59:10,1454.7,445134
2021-06-21 09:59:11,1455.1,446099
2021-06-21 09:59:13,1455.25,446111
2021-06-21 09:59:14,1455.25,446111
2021-06-21 09:59:15,1455.25,446111
2021-06-21 09:59:16,1455.25,446132
2021-06-21 09:59:17,1455.25,446132
2021-06-21 09:59:18,1455.25,446132
2021-06-21 09:59:19,1455.25,446139
2021-06-21 09:59:20,1455.25,446144
2021-06-21 09:59:21,1455.25,446144
2021-06-21 09:59:22,1455.25,446164
2021-06-21 09:59:23,1455.1,446308
2021-06-21 09:59:24,1455.25,446390
2021-06-21 09:59:25,1455.25,446393
2021-06-21 09:59:26,1455.25,446407
2021-06-21 09:59:27,1455.25,446407
2021-06-21 09:59:28,1455.25,446543
2021-06-21 09:59:29,1455.25,446732
2021-06-21 09:59:30,1455.1,446752
2021-06-21 09:59:31,1455.25,446772
2021-06-21 09:59:32,1455.25,447008
2021-06-21 09:59:33,1455.1,447148
2021-06-21 09:59:34,1455.1,447148
2021-06-21 09:59:35,1455.25,447191
2021-06-21 09:59:36,1455.25,447191
2021-06-21 09:59:37,1455.25,447291
2021-06-21 09:59:38,1455.25,447318
2021-06-21 09:59:39,1455.25,447323
2021-06-21 09:59:40,1455.25,447367
2021-06-21 09:59:42,1455.25,447373
2021-06-21 09:59:43,1455.35,447413
2021-06-21 09:59:44,1455.35,447413
2021-06-21 09:59:45,1455.35,447413
2021-06-21 09:59:46,1455.35,447413
2021-06-21 09:59:47,1455.35,447413
2021-06-21 09:59:48,1455.25,447438
2021-06-21 09:59:49,1455.25,447438
2021-06-21 09:59:50,1455.25,447516
2021-06-21 09:59:51,1455.25,447637
2021-06-21 09:59:52,1455.25,447638
2021-06-21 09:59:53,1455.4,447654
2021-06-21 09:59:54,1455.1,447694
2021-06-21 09:59:55,1455.1,447753
2021-06-21 09:59:56,1455.1,447808
2021-06-21 09:59:57,1455.1,447808
2021-06-21 09:59:58,1455.1,447808
2021-06-21 09:59:59,1455.1,447880
2021-06-21 10:00:00,1455.0,448880
2021-06-21 10:00:01,1455.4,449037
2021-06-21 10:00:02,1455.0,449327
2021-06-21 10:00:03,1455.0,449339
2021-06-21 10:00:04,1455.4,449380
2021-06-21 10:00:05,1455.15,449460
2021-06-21 10:00:06,1455.15,449512
2021-06-21 10:00:08,1455.4,449612
2021-06-21 10:00:09,1455.4,449613
2021-06-21 10:00:10,1455.4,449614
2021-06-21 10:00:11,1455.4,449614
2021-06-21 10:00:12,1455.4,449636
2021-06-21 10:00:13,1455.4,449653
2021-06-21 10:00:14,1455.15,449705
2021-06-21 10:00:15,1455.4,450042
2021-06-21 10:00:16,1455.2,450044
2021-06-21 10:00:17,1455.4,450271
2021-06-21 10:00:18,1455.4,450311
2021-06-21 10:00:19,1455.4,450311
2021-06-21 10:00:20,1455.4,450336
2021-06-21 10:00:22,1455.4,450356
2021-06-21 10:00:23,1455.4,450389
2021-06-21 10:00:24,1455.4,450399
2021-06-21 10:00:25,1455.4,450399
2021-06-21 10:00:26,1455.4,450399
2021-06-21 10:00:27,1455.4,450433
2021-06-21 10:00:28,1455.4,450477
2021-06-21 10:00:29,1455.25,450550
2021-06-21 10:00:30,1455.25,450591
2021-06-21 10:00:32,1455.2,450748
2021-06-21 10:00:33,1455.0,451098
2021-06-21 10:00:34,1455.25,451133
2021-06-21 10:00:37,1455.25,451379
2021-06-21 10:00:38,1455.25,451379
2021-06-21 10:00:39,1455.25,451383
2021-06-21 10:00:40,1455.0,451389
2021-06-21 10:00:41,1455.15,451511
2021-06-21 10:00:42,1455.15,451511
2021-06-21 10:00:43,1455.15,451512
2021-06-21 10:00:44,1455.25,451573
2021-06-21 10:00:45,1455.25,451574
2021-06-21 10:00:46,1455.2,451601
2021-06-21 10:00:47,1455.15,451611
2021-06-21 10:00:48,1455.25,452211
2021-06-21 10:00:49,1455.15,452236
2021-06-21 10:00:51,1455.05,452322
2021-06-21 10:00:52,1454.95,452599
2021-06-21 10:00:53,1455.05,452600
2021-06-21 10:00:54,1455.05,452639
2021-06-21 10:00:55,1455.05,453814
2021-06-21 10:00:56,1454.85,453824
2021-06-21 10:00:57,1454.8,453997
2021-06-21 10:00:58,1454.7,454033
2021-06-21 10:00:59,1454.8,454256
2021-06-21 10:01:00,1454.8,454283
2021-06-21 10:01:01,1454.45,454372
2021-06-21 10:01:02,1454.8,454412
2021-06-21 10:01:03,1454.4,454612
2021-06-21 10:01:04,1454.4,454612
2021-06-21 10:01:05,1454.4,454613
2021-06-21 10:01:06,1454.4,454613
2021-06-21 10:01:07,1454.8,454614
2021-06-21 10:01:08,1454.65,454705
2021-06-21 10:01:09,1454.8,454720
2021-06-21 10:01:10,1454.65,454732
2021-06-21 10:01:11,1454.45,454739
2021-06-21 10:01:12,1454.45,454739
2021-06-21 10:01:13,1454.45,454740
2021-06-21 10:01:14,1454.25,454885
2021-06-21 10:01:15,1454.45,454894
2021-06-21 10:01:16,1454.45,455197
2021-06-21 10:01:17,1454.4,455795
2021-06-21 10:01:18,1454.4,455806
2021-06-21 10:01:19,1454.4,455807
2021-06-21 10:01:20,1454.4,455825
2021-06-21 10:01:21,1454.4,455846
2021-06-21 10:01:22,1454.4,455972
2021-06-21 10:01:23,1454.4,455994
2021-06-21 10:01:25,1454.35,456119
2021-06-21 10:01:25,1454.35,456219
2021-06-21 10:01:26,1454.25,456250
2021-06-21 10:01:27,1454.25,456291
2021-06-21 10:01:28,1454.25,456677
2021-06-21 10:01:29,1454.25,456756
2021-06-21 10:01:30,1454.25,456757
2021-06-21 10:01:31,1454.25,456757
2021-06-21 10:01:32,1454.25,456781
2021-06-21 10:01:34,1453.8,458297
2021-06-21 10:01:35,1454.0,458369
2021-06-21 10:01:36,1453.8,458943
2021-06-21 10:01:37,1453.6,460888
2021-06-21 10:01:38,1453.2,461529
2021-06-21 10:01:39,1454.75,463150
2021-06-21 10:01:40,1455.25,463549
2021-06-21 10:01:42,1454.05,465313
2021-06-21 10:01:44,1454.05,465314
2021-06-21 10:01:44,1454.05,465335
2021-06-21 10:01:45,1454.05,465336
2021-06-21 10:01:46,1454.05,465336
2021-06-21 10:01:47,1454.05,465341
2021-06-21 10:01:48,1454.05,465365
2021-06-21 10:01:50,1453.85,465594
2021-06-21 10:01:52,1454.05,465644
2021-06-21 10:01:52,1454.05,465844
2021-06-21 10:01:53,1454.05,465855
2021-06-21 10:01:54,1454.0,465905
2021-06-21 10:01:55,1453.95,466774
2021-06-21 10:01:56,1453.95,466866
2021-06-21 10:01:57,1453.95,467075
2021-06-21 10:01:58,1453.95,467090
2021-06-21 10:01:59,1453.95,467120
2021-06-21 10:02:00,1453.95,467123
2021-06-21 10:02:01,1453.95,467138
2021-06-21 10:02:03,1453.85,467143
2021-06-21 10:02:04,1453.95,467169
2021-06-21 10:02:06,1453.7,467257
2021-06-21 10:02:09,1453.85,467318
2021-06-21 10:02:09,1453.85,467318
2021-06-21 10:02:11,1453.55,467909
2021-06-21 10:02:12,1453.55,467931
2021-06-21 10:02:13,1453.75,469981
2021-06-21 10:02:14,1453.75,469981
2021-06-21 10:02:16,1453.0,471412
2021-06-21 10:02:17,1453.1,471516
2021-06-21 10:02:18,1453.15,471589
2021-06-21 10:02:19,1453.15,471589
2021-06-21 10:02:20,1453.15,471614
2021-06-21 10:02:21,1453.15,471802
2021-06-21 10:02:23,1453.15,471817
2021-06-21 10:02:24,1453.15,471858
2021-06-21 10:02:25,1453.15,471858
2021-06-21 10:02:27,1453.15,471989
2021-06-21 10:02:27,1453.15,471991
2021-06-21 10:02:28,1453.25,472013
2021-06-21 10:02:29,1453.25,472023
2021-06-21 10:02:30,1453.25,472142
2021-06-21 10:02:32,1453.15,472186
2021-06-21 10:02:33,1453.15,472186
2021-06-21 10:02:34,1453.15,472186
2021-06-21 10:02:35,1453.45,472540
2021-06-21 10:02:36,1453.3,472618
2021-06-21 10:02:37,1453.25,472623
2021-06-21 10:02:38,1453.45,473827
2021-06-21 10:02:40,1453.65,474671
2021-06-21 10:02:41,1453.85,474683
2021-06-21 10:02:43,1453.85,474733
2021-06-21 10:02:43,1453.85,474733
2021-06-21 10:02:44,1453.4,475061
2021-06-21 10:02:45,1453.75,475269
2021-06-21 10:02:46,1453.3,475281
2021-06-21 10:02:47,1453.3,475281
2021-06-21 10:02:48,1453.3,475281
2021-06-21 10:02:49,1453.3,475281
2021-06-21 10:02:50,1453.3,475281
2021-06-21 10:02:51,1453.6,476377
2021-06-21 10:02:52,1453.8,476418
2021-06-21 10:02:53,1453.8,476418
2021-06-21 10:02:55,1453.6,476648
2021-06-21 10:02:55,1453.6,476648
2021-06-21 10:02:56,1453.6,476650
2021-06-21 10:02:57,1453.6,476650
2021-06-21 10:02:58,1453.6,476754
2021-06-21 10:02:59,1453.6,476754
2021-06-21 10:03:00,1453.6,476778
2021-06-21 10:03:01,1453.6,476839
2021-06-21 10:03:02,1453.6,476839
2021-06-21 10:03:03,1453.6,476840
2021-06-21 10:03:04,1453.6,476910
2021-06-21 10:03:05,1453.45,477501
2021-06-21 10:03:06,1453.6,477652
2021-06-21 10:03:07,1453.6,477656
2021-06-21 10:03:08,1453.45,477687
2021-06-21 10:03:09,1453.65,478145
2021-06-21 10:03:10,1453.55,478165
2021-06-21 10:03:11,1453.55,478746
2021-06-21 10:03:12,1453.55,478754
2021-06-21 10:03:13,1453.55,479042
2021-06-21 10:03:15,1453.65,479062
2021-06-21 10:03:15,1453.65,479062
2021-06-21 10:03:16,1453.7,479188
2021-06-21 10:03:17,1453.65,479189
2021-06-21 10:03:18,1453.65,479189
2021-06-21 10:03:19,1453.65,479189
2021-06-21 10:03:20,1453.55,479427
2021-06-21 10:03:21,1453.65,479432
2021-06-21 10:03:23,1453.6,480216
2021-06-21 10:03:23,1453.6,480238
2021-06-21 10:03:24,1453.6,480238
2021-06-21 10:03:25,1453.5,480738
2021-06-21 10:03:26,1453.5,480986
2021-06-21 10:03:27,1453.5,480986
2021-06-21 10:03:28,1453.25,481087
2021-06-21 10:03:29,1453.25,481089
2021-06-21 10:03:30,1453.25,481111
2021-06-21 10:03:31,1453.2,481132
2021-06-21 10:03:33,1453.0,482366
2021-06-21 10:03:34,1453.2,483031
2021-06-21 10:03:35,1453.0,483192
2021-06-21 10:03:36,1453.05,483202
2021-06-21 10:03:37,1453.0,483208
2021-06-21 10:03:38,1453.0,483208
2021-06-21 10:03:39,1453.05,483340
2021-06-21 10:03:40,1453.05,483389
2021-06-21 10:03:41,1453.05,483389
2021-06-21 10:03:42,1453.05,483389
2021-06-21 10:03:43,1453.05,483479
2021-06-21 10:03:43,1453.05,483479
2021-06-21 10:03:45,1453.05,484313
2021-06-21 10:03:45,1453.05,484312
2021-06-21 10:03:46,1453.05,484313
2021-06-21 10:03:47,1453.0,484490
2021-06-21 10:03:48,1453.05,484553
2021-06-21 10:03:49,1453.05,484597
2021-06-21 10:03:50,1453.0,484745
2021-06-21 10:03:51,1453.0,484835
2021-06-21 10:03:52,1453.0,484835
2021-06-21 10:03:53,1453.05,484870
2021-06-21 10:03:54,1453.05,484913
2021-06-21 10:03:55,1453.0,485138
2021-06-21 10:03:56,1453.05,485198
2021-06-21 10:03:57,1453.15,486163
2021-06-21 10:03:58,1453.5,486165
2021-06-21 10:03:59,1454.0,486740
2021-06-21 10:04:00,1454.65,486751
2021-06-21 10:04:01,1454.65,486752
2021-06-21 10:04:02,1454.65,486752
2021-06-21 10:04:03,1454.35,486851
2021-06-21 10:04:05,1454.35,486896
2021-06-21 10:04:06,1454.35,486945
2021-06-21 10:04:07,1453.65,487068
2021-06-21 10:04:08,1453.65,487068
2021-06-21 10:04:08,1453.6,487191
2021-06-21 10:04:10,1453.6,487224
2021-06-21 10:04:11,1453.9,487234
2021-06-21 10:04:12,1453.9,487261
2021-06-21 10:04:12,1453.9,487261
2021-06-21 10:04:13,1453.9,487262
2021-06-21 10:04:14,1453.9,487279
2021-06-21 10:04:16,1454.05,487446
2021-06-21 10:04:17,1454.05,487489
2021-06-21 10:04:17,1453.65,487622
2021-06-21 10:04:19,1453.65,487783
2021-06-21 10:04:20,1453.65,487810
2021-06-21 10:04:21,1453.6,487812
2021-06-21 10:04:22,1453.65,488100
2021-06-21 10:04:23,1453.2,488156
2021-06-21 10:04:24,1452.7,491962
2021-06-21 10:04:25,1452.7,491987
2021-06-21 10:04:26,1452.7,492546
2021-06-21 10:04:27,1452.3,494027
2021-06-21 10:04:28,1452.5,494138
2021-06-21 10:04:29,1452.55,494644
2021-06-21 10:04:30,1452.4,494704
2021-06-21 10:04:31,1452.4,494735
2021-06-21 10:04:32,1452.4,494751
2021-06-21 10:04:34,1452.25,495146
2021-06-21 10:04:35,1452.3,495161
2021-06-21 10:04:36,1452.3,495270
2021-06-21 10:04:37,1452.4,495351
2021-06-21 10:04:37,1452.4,495351
2021-06-21 10:04:39,1452.4,495459
2021-06-21 10:04:40,1452.4,495460
2021-06-21 10:04:41,1452.4,495501
2021-06-21 10:04:42,1452.1,495524
2021-06-21 10:04:43,1452.1,495533
2021-06-21 10:04:44,1452.4,495600
2021-06-21 10:04:44,1452.4,495574
2021-06-21 10:04:46,1452.4,495601
2021-06-21 10:04:48,1452.3,495624
2021-06-21 10:04:49,1452.15,495639
2021-06-21 10:04:50,1452.15,495654
2021-06-21 10:04:51,1452.15,495654
2021-06-21 10:04:52,1452.2,495809
2021-06-21 10:04:53,1452.2,495832
2021-06-21 10:04:54,1452.15,495877
2021-06-21 10:04:55,1452.2,495907
2021-06-21 10:04:56,1453.15,496907
2021-06-21 10:04:56,1453.15,496907
2021-06-21 10:04:57,1453.0,496952
2021-06-21 10:04:58,1453.0,496952
2021-06-21 10:04:59,1453.0,496952
2021-06-21 10:05:00,1452.55,497043
2021-06-21 10:05:01,1452.5,497047
2021-06-21 10:05:03,1453.0,497124
2021-06-21 10:05:04,1452.3,497177
2021-06-21 10:05:04,1452.7,497208
2021-06-21 10:05:07,1452.7,497392
2021-06-21 10:05:08,1452.7,497473
2021-06-21 10:05:09,1452.7,497488
2021-06-21 10:05:10,1452.7,497488
2021-06-21 10:05:10,1452.7,497488
2021-06-21 10:05:11,1452.7,497525
2021-06-21 10:05:12,1452.7,497526
2021-06-21 10:05:13,1452.5,497598
2021-06-21 10:05:14,1452.5,497598
2021-06-21 10:05:15,1452.7,497683
2021-06-21 10:05:16,1452.25,497741
2021-06-21 10:05:17,1452.7,497744
2021-06-21 10:05:18,1452.4,497747
2021-06-21 10:05:21,1452.4,497747
2021-06-21 10:05:23,1453.1,499228
2021-06-21 10:05:23,1453.05,499223
2021-06-21 10:05:24,1453.1,499251
2021-06-21 10:05:25,1453.1,499417
2021-06-21 10:05:26,1453.1,499472
2021-06-21 10:05:28,1452.5,499529
2021-06-21 10:05:29,1452.5,499529
2021-06-21 10:05:30,1453.1,499693
2021-06-21 10:05:31,1453.0,499705
2021-06-21 10:05:31,1453.0,499705
2021-06-21 10:05:32,1452.65,499739
2021-06-21 10:05:33,1452.75,499809
2021-06-21 10:05:34,1452.75,499864
2021-06-21 10:05:35,1452.5,499969
2021-06-21 10:05:36,1452.9,499986
2021-06-21 10:05:37,1452.9,499986
2021-06-21 10:05:38,1452.9,499998
2021-06-21 10:05:39,1453.1,501133
2021-06-21 10:05:41,1453.4,501144
2021-06-21 10:05:42,1453.4,501146
2021-06-21 10:05:43,1453.4,501146
2021-06-21 10:05:44,1453.4,501261
2021-06-21 10:05:46,1453.4,501307
2021-06-21 10:05:47,1453.4,501307
2021-06-21 10:05:48,1453.1,501457
2021-06-21 10:05:49,1453.1,501457
2021-06-21 10:05:50,1453.65,502771
2021-06-21 10:05:51,1453.65,502772
2021-06-21 10:05:52,1453.65,502977
2021-06-21 10:05:53,1453.65,502979
2021-06-21 10:05:55,1453.65,502979
2021-06-21 10:05:56,1453.65,503005
2021-06-21 10:05:57,1453.5,503010
2021-06-21 10:05:57,1453.5,503010
2021-06-21 10:05:59,1453.65,503014
2021-06-21 10:06:00,1453.65,503015
2021-06-21 10:06:01,1453.6,503025
2021-06-21 10:06:02,1453.55,503026
2021-06-21 10:06:03,1453.4,503041
2021-06-21 10:06:04,1453.5,503210
2021-06-21 10:06:05,1453.5,503360
2021-06-21 10:06:06,1453.5,503385
2021-06-21 10:06:07,1453.5,503386
2021-06-21 10:06:07,1453.5,503385
2021-06-21 10:06:08,1453.55,503398
2021-06-21 10:06:09,1453.55,503410
2021-06-21 10:06:11,1453.4,503450
2021-06-21 10:06:12,1453.65,503496
2021-06-21 10:06:13,1453.65,503508
2021-06-21 10:06:14,1453.5,503644
2021-06-21 10:06:15,1453.65,503648
2021-06-21 10:06:16,1453.65,503672
2021-06-21 10:06:18,1453.65,503692
2021-06-21 10:06:18,1453.65,503692
2021-06-21 10:06:19,1453.65,503763
2021-06-21 10:06:20,1453.65,503778
2021-06-21 10:06:21,1453.65,503785
2021-06-21 10:06:22,1453.65,503787
2021-06-21 10:06:23,1453.65,503801
2021-06-21 10:06:24,1453.75,503917
2021-06-21 10:06:26,1453.5,503972
2021-06-21 10:06:28,1453.7,504030
2021-06-21 10:06:29,1453.7,504134
2021-06-21 10:06:30,1453.55,504219
2021-06-21 10:06:31,1453.5,504269
2021-06-21 10:06:31,1453.5,504269
2021-06-21 10:06:32,1453.55,504270
2021-06-21 10:06:33,1453.55,504521
2021-06-21 10:06:34,1453.65,504606
2021-06-21 10:06:35,1453.65,504643
2021-06-21 10:06:37,1453.65,504643
2021-06-21 10:06:38,1453.65,504654
2021-06-21 10:06:39,1453.6,504727
2021-06-21 10:06:40,1453.65,504837
2021-06-21 10:06:41,1453.65,504847
2021-06-21 10:06:42,1453.65,504852
2021-06-21 10:06:43,1453.65,504879
2021-06-21 10:06:44,1453.65,504910
2021-06-21 10:06:45,1453.5,504940
2021-06-21 10:06:47,1454.0,505991
2021-06-21 10:06:48,1454.0,505991
2021-06-21 10:06:49,1454.0,505992
2021-06-21 10:06:49,1454.0,505992
2021-06-21 10:06:50,1454.0,506012
2021-06-21 10:06:51,1454.0,506037
2021-06-21 10:06:52,1454.0,506058
2021-06-21 10:06:54,1454.0,506093
2021-06-21 10:06:55,1454.0,506104
2021-06-21 10:06:55,1454.0,506120
2021-06-21 10:06:57,1454.0,506228
2021-06-21 10:06:58,1454.0,506278
2021-06-21 10:06:59,1453.65,506479
2021-06-21 10:06:59,1454.0,506501
2021-06-21 10:07:00,1454.0,506652
2021-06-21 10:07:02,1453.75,506657
2021-06-21 10:07:03,1453.75,506687
2021-06-21 10:07:04,1453.75,506695
2021-06-21 10:07:05,1453.75,506695
2021-06-21 10:07:06,1454.0,506796
2021-06-21 10:07:07,1454.0,506856
2021-06-21 10:07:07,1454.0,506878
2021-06-21 10:07:08,1454.0,506878
2021-06-21 10:07:09,1454.0,506879
2021-06-21 10:07:11,1453.65,506917
2021-06-21 10:07:13,1453.9,506918
2021-06-21 10:07:14,1454.0,507019
2021-06-21 10:07:15,1453.75,507030
2021-06-21 10:07:16,1453.75,507052
2021-06-21 10:07:17,1453.75,507052
2021-06-21 10:07:17,1453.75,507052
2021-06-21 10:07:18,1453.5,507156
2021-06-21 10:07:19,1453.75,507163
2021-06-21 10:07:21,1453.75,507163
2021-06-21 10:07:22,1453.75,507183
2021-06-21 10:07:23,1453.75,507184
2021-06-21 10:07:24,1453.75,507329
2021-06-21 10:07:25,1453.75,507354
2021-06-21 10:07:26,1453.75,507368
2021-06-21 10:07:27,1453.75,507395
2021-06-21 10:07:27,1453.75,507395
2021-06-21 10:07:28,1453.75,507504
2021-06-21 10:07:29,1453.75,507724
2021-06-21 10:07:30,1453.75,507738
2021-06-21 10:07:32,1453.7,507763
2021-06-21 10:07:33,1453.5,507851
2021-06-21 10:07:34,1453.5,507935
2021-06-21 10:07:35,1453.85,507965
2021-06-21 10:07:36,1453.75,508013
2021-06-21 10:07:37,1453.75,508015
2021-06-21 10:07:38,1453.9,508016
2021-06-21 10:07:39,1453.9,508016
2021-06-21 10:07:40,1453.85,508042
2021-06-21 10:07:40,1453.85,508042
2021-06-21 10:07:42,1453.85,508042
2021-06-21 10:07:43,1453.9,508053
2021-06-21 10:07:44,1453.9,508093
2021-06-21 10:07:45,1453.8,508138
2021-06-21 10:07:46,1453.8,508138
2021-06-21 10:07:47,1453.5,508252
2021-06-21 10:07:47,1453.8,508149
2021-06-21 10:07:48,1453.95,508716
2021-06-21 10:07:50,1453.95,508716
2021-06-21 10:07:52,1453.95,508716
2021-06-21 10:07:53,1453.95,508722
2021-06-21 10:07:54,1453.95,509364
2021-06-21 10:07:55,1453.8,509367
2021-06-21 10:07:56,1453.95,509399
2021-06-21 10:07:57,1453.95,509399
2021-06-21 10:07:58,1453.95,509399
2021-06-21 10:07:59,1453.95,509400
2021-06-21 10:07:59,1453.85,509407
2021-06-21 10:08:00,1453.85,509458
2021-06-21 10:08:02,1453.85,509460
2021-06-21 10:08:03,1453.55,509537
2021-06-21 10:08:04,1453.75,509558
2021-06-21 10:08:05,1454.0,510518
2021-06-21 10:08:07,1453.9,510536
2021-06-21 10:08:08,1453.9,510536
2021-06-21 10:08:09,1453.9,510536
2021-06-21 10:08:09,1453.9,510536
2021-06-21 10:08:10,1453.9,510540
2021-06-21 10:08:12,1453.9,510565
2021-06-21 10:08:13,1453.6,510586
2021-06-21 10:08:15,1453.7,510716
2021-06-21 10:08:16,1453.7,510722
2021-06-21 10:08:17,1453.9,510747
2021-06-21 10:08:18,1453.9,510747
2021-06-21 10:08:19,1453.9,510747
2021-06-21 10:08:20,1453.65,510798
2021-06-21 10:08:21,1453.65,510808
2021-06-21 10:08:22,1453.9,510908
2021-06-21 10:08:23,1453.9,510938
2021-06-21 10:08:24,1453.65,510945
2021-06-21 10:08:25,1453.65,511054
2021-06-21 10:08:25,1453.4,511160
2021-06-21 10:08:26,1453.4,511160
2021-06-21 10:08:27,1453.65,511923
2021-06-21 10:08:29,1454.0,512455
2021-06-21 10:08:30,1453.7,512499
2021-06-21 10:08:31,1454.0,512500
