timestamp,ltp,volume
2021-06-21 09:16:29,6870.3,13127
2021-06-21 09:16:30,6870.0,13380
2021-06-21 09:16:31,6874.55,13511
2021-06-21 09:16:32,6870.25,13586
2021-06-21 09:16:33,6870.3,13596
2021-06-21 09:16:34,6874.05,13611
2021-06-21 09:16:35,6874.05,13714
2021-06-21 09:16:36,6875.0,13897
2021-06-21 09:16:37,6874.95,13950
2021-06-21 09:16:38,6874.2,14079
2021-06-21 09:16:39,6870.95,14145
2021-06-21 09:16:40,6870.95,14169
2021-06-21 09:16:41,6872.65,14172
2021-06-21 09:16:42,6871.75,14695
2021-06-21 09:16:43,6871.75,14777
2021-06-21 09:16:44,6871.65,14870
2021-06-21 09:16:45,6871.6,15074
2021-06-21 09:16:48,6878.9,15693
2021-06-21 09:16:49,6871.65,15811
2021-06-21 09:16:50,6876.55,15914
2021-06-21 09:16:51,6876.5,16015
2021-06-21 09:16:52,6872.35,16135
2021-06-21 09:16:54,6873.8,16349
2021-06-21 09:16:53,6872.5,16289
2021-06-21 09:16:55,6874.45,16407
2021-06-21 09:16:56,6874.6,16486
2021-06-21 09:16:57,6874.6,16586
2021-06-21 09:16:58,6874.65,16609
2021-06-21 09:17:01,6874.8,16697
2021-06-21 09:17:02,6878.75,16748
2021-06-21 09:17:04,6874.45,16840
2021-06-21 09:17:05,6874.05,16856
2021-06-21 09:17:06,6876.3,16857
2021-06-21 09:17:07,6875.0,16883
2021-06-21 09:17:08,6874.0,16892
2021-06-21 09:17:09,6871.75,16945
2021-06-21 09:17:10,6873.2,17006
2021-06-21 09:17:12,6870.2,17142
2021-06-21 09:17:15,6866.55,17518
2021-06-21 09:17:16,6866.85,17565
2021-06-21 09:17:17,6866.85,17581
2021-06-21 09:17:18,6869.6,17588
2021-06-21 09:17:19,6866.9,17727
2021-06-21 09:17:20,6866.85,18205
2021-06-21 09:17:21,6866.0,18251
2021-06-21 09:17:22,6865.5,18262
2021-06-21 09:17:23,6868.8,18778
2021-06-21 09:17:24,6866.0,18825
2021-06-21 09:17:25,6861.05,19061
2021-06-21 09:17:26,6860.0,19192
2021-06-21 09:17:27,6859.35,19241
2021-06-21 09:17:28,6859.35,19246
2021-06-21 09:17:29,6859.3,19271
2021-06-21 09:17:30,6859.3,19572
2021-06-21 09:17:31,6859.1,19867
2021-06-21 09:17:32,6859.3,19892
2021-06-21 09:17:33,6859.2,19912
2021-06-21 09:17:34,6858.95,19969
2021-06-21 09:17:35,6863.7,19972
2021-06-21 09:17:36,6863.65,19998
2021-06-21 09:17:37,6860.1,20232
2021-06-21 09:17:38,6861.65,20486
2021-06-21 09:17:39,6863.4,20574
2021-06-21 09:17:40,6866.4,21094
2021-06-21 09:17:42,6860.65,21463
2021-06-21 09:17:43,6860.1,21900
2021-06-21 09:17:44,6859.95,22053
2021-06-21 09:17:45,6860.15,22192
2021-06-21 09:17:46,6860.4,22412
2021-06-21 09:17:47,6861.75,22636
2021-06-21 09:17:48,6862.15,22689
2021-06-21 09:17:49,6860.0,22729
2021-06-21 09:17:50,6862.55,23263
2021-06-21 09:17:52,6861.75,23364
2021-06-21 09:17:52,6861.55,23524
2021-06-21 09:17:54,6859.55,23554
2021-06-21 09:17:55,6862.25,23582
2021-06-21 09:17:56,6861.4,23586
2021-06-21 09:17:56,6859.55,23606
2021-06-21 09:17:57,6859.55,23621
2021-06-21 09:17:58,6859.85,23642
2021-06-21 09:17:59,6859.65,23861
2021-06-21 09:18:00,6859.6,23874
2021-06-21 09:18:01,6859.6,23974
2021-06-21 09:18:02,6861.05,24104
2021-06-21 09:18:03,6859.8,24114
2021-06-21 09:18:04,6859.75,24135
2021-06-21 09:18:06,6857.0,24279
2021-06-21 09:18:07,6859.0,24359
2021-06-21 09:18:09,6858.5,24376
2021-06-21 09:18:09,6858.5,24376
2021-06-21 09:18:11,6859.0,24405
2021-06-21 09:18:11,6859.0,24405
2021-06-21 09:18:13,6859.0,24408
2021-06-21 09:18:14,6859.0,24465
2021-06-21 09:18:15,6859.0,24470
2021-06-21 09:18:15,6859.15,24587
2021-06-21 09:18:17,6857.8,25042
2021-06-21 09:18:18,6857.5,25137
2021-06-21 09:18:19,6857.5,25137
2021-06-21 09:18:20,6857.45,25144
2021-06-21 09:18:21,6856.25,25188
2021-06-21 09:18:21,6856.25,25194
2021-06-21 09:18:22,6856.25,25206
2021-06-21 09:18:23,6856.0,25216
2021-06-21 09:18:24,6857.4,25244
2021-06-21 09:18:27,6855.0,25310
2021-06-21 09:18:28,6855.0,25391
2021-06-21 09:18:29,6856.25,25396
2021-06-21 09:18:29,6856.25,25397
2021-06-21 09:18:30,6855.05,25480
2021-06-21 09:18:31,6856.0,25811
2021-06-21 09:18:32,6856.1,25895
2021-06-21 09:18:33,6855.05,25929
2021-06-21 09:18:34,6855.5,25951
2021-06-21 09:18:36,6855.5,25963
2021-06-21 09:18:37,6855.55,26122
2021-06-21 09:18:39,6857.0,26280
2021-06-21 09:18:40,6857.0,26280
2021-06-21 09:18:41,6857.0,26282
2021-06-21 09:18:42,6856.2,26289
2021-06-21 09:18:43,6856.0,26303
2021-06-21 09:18:44,6856.2,26339
2021-06-21 09:18:45,6856.2,26394
2021-06-21 09:18:46,6857.0,26442
2021-06-21 09:18:47,6857.0,26457
2021-06-21 09:18:48,6858.0,26532
2021-06-21 09:18:49,6859.4,26534
2021-06-21 09:18:50,6861.6,26579
2021-06-21 09:18:51,6861.55,26587
2021-06-21 09:18:53,6861.55,26588
2021-06-21 09:18:53,6861.55,26588
2021-06-21 09:18:54,6861.55,26588
2021-06-21 09:18:55,6861.55,26589
2021-06-21 09:18:56,6861.5,26596
2021-06-21 09:18:57,6861.5,26596
2021-06-21 09:18:58,6861.5,26599
2021-06-21 09:18:59,6867.7,26711
2021-06-21 09:19:00,6865.15,26741
2021-06-21 09:19:01,6863.8,26745
2021-06-21 09:19:02,6867.8,26792
2021-06-21 09:19:03,6869.55,26884
2021-06-21 09:19:04,6869.55,26884
2021-06-21 09:19:05,6865.45,26895
2021-06-21 09:19:06,6865.45,26906
2021-06-21 09:19:07,6865.45,26910
2021-06-21 09:19:09,6864.95,26942
2021-06-21 09:19:10,6864.95,26957
2021-06-21 09:19:11,6865.45,27093
2021-06-21 09:19:12,6869.4,27195
2021-06-21 09:19:13,6866.35,27197
2021-06-21 09:19:15,6866.35,27203
2021-06-21 09:19:16,6865.1,27300
2021-06-21 09:19:17,6865.05,27303
2021-06-21 09:19:18,6866.35,27308
2021-06-21 09:19:18,6866.35,27308
2021-06-21 09:19:19,6865.0,27331
2021-06-21 09:19:20,6866.35,27344
2021-06-21 09:19:21,6865.0,27415
2021-06-21 09:19:22,6865.0,27582
2021-06-21 09:19:23,6872.75,28083
2021-06-21 09:19:24,6868.35,28126
2021-06-21 09:19:25,6868.55,28272
2021-06-21 09:19:26,6871.45,28325
2021-06-21 09:19:28,6871.45,28336
2021-06-21 09:19:28,6871.4,28337
2021-06-21 09:19:29,6869.3,28380
2021-06-21 09:19:30,6869.35,28390
2021-06-21 09:19:31,6870.75,28411
2021-06-21 09:19:32,6872.25,28503
2021-06-21 09:19:34,6871.1,28536
2021-06-21 09:19:35,6868.75,28566
2021-06-21 09:19:36,6871.05,28700
2021-06-21 09:19:37,6870.0,28718
2021-06-21 09:19:38,6870.75,28721
2021-06-21 09:19:39,6870.85,28986
2021-06-21 09:19:40,6868.5,29059
2021-06-21 09:19:42,6868.5,29089
2021-06-21 09:19:43,6866.35,29101
2021-06-21 09:19:44,6870.8,29182
2021-06-21 09:19:45,6870.0,29213
2021-06-21 09:19:45,6870.05,29223
2021-06-21 09:19:47,6866.55,29260
2021-06-21 09:19:48,6866.0,29389
2021-06-21 09:19:49,6865.95,29454
2021-06-21 09:19:50,6865.05,29470
2021-06-21 09:19:51,6867.8,29633
2021-06-21 09:19:52,6864.75,29697
2021-06-21 09:19:52,6864.75,29697
2021-06-21 09:19:53,6864.35,29720
2021-06-21 09:19:54,6866.7,29734
2021-06-21 09:19:55,6866.7,29734
2021-06-21 09:19:56,6866.7,29734
2021-06-21 09:19:57,6866.7,29735
2021-06-21 09:19:58,6866.7,29735
2021-06-21 09:19:59,6865.4,29741
2021-06-21 09:20:00,6866.7,29750
2021-06-21 09:20:01,6866.65,29758
2021-06-21 09:20:02,6863.3,30089
2021-06-21 09:20:03,6863.05,30098
2021-06-21 09:20:04,6863.05,30120
2021-06-21 09:20:05,6860.85,30515
2021-06-21 09:20:06,6858.35,30679
2021-06-21 09:20:08,6857.95,30908
2021-06-21 09:20:09,6857.2,30983
2021-06-21 09:20:10,6855.0,31112
2021-06-21 09:20:11,6853.05,31308
2021-06-21 09:20:12,6854.95,31521
2021-06-21 09:20:13,6854.15,31538
2021-06-21 09:20:14,6854.95,31586
2021-06-21 09:20:15,6852.0,31662
2021-06-21 09:20:15,6851.5,31663
2021-06-21 09:20:16,6852.05,31732
2021-06-21 09:20:17,6852.05,31759
2021-06-21 09:20:18,6850.25,31837
2021-06-21 09:20:19,6854.95,32052
2021-06-21 09:20:20,6851.5,32092
2021-06-21 09:20:21,6856.6,32406
2021-06-21 09:20:22,6854.15,32411
2021-06-21 09:20:23,6853.35,32474
2021-06-21 09:20:24,6853.3,32499
2021-06-21 09:20:25,6852.7,32516
2021-06-21 09:20:26,6856.3,32541
2021-06-21 09:20:27,6856.15,32576
2021-06-21 09:20:28,6854.8,32637
2021-06-21 09:20:29,6856.05,32673
2021-06-21 09:20:30,6856.6,32722
2021-06-21 09:20:31,6857.9,32745
2021-06-21 09:20:32,6856.6,32746
2021-06-21 09:20:33,6858.35,32772
2021-06-21 09:20:34,6866.95,32935
2021-06-21 09:20:35,6866.0,32963
2021-06-21 09:20:36,6864.45,33019
2021-06-21 09:20:37,6868.25,33050
2021-06-21 09:20:38,6868.4,33081
2021-06-21 09:20:39,6866.55,33134
2021-06-21 09:20:40,6868.35,33145
2021-06-21 09:20:41,6868.35,33151
2021-06-21 09:20:42,6866.05,33162
2021-06-21 09:20:43,6868.2,33179
2021-06-21 09:20:44,6868.2,33204
2021-06-21 09:20:45,6868.25,33232
2021-06-21 09:20:46,6869.0,33443
2021-06-21 09:20:49,6870.0,33493
2021-06-21 09:20:50,6870.3,33499
2021-06-21 09:20:51,6869.95,33536
2021-06-21 09:20:52,6868.25,33550
2021-06-21 09:20:53,6868.3,33566
2021-06-21 09:20:54,6868.3,33566
2021-06-21 09:20:55,6869.95,33598
2021-06-21 09:20:56,6869.95,33615
2021-06-21 09:20:57,6867.8,33890
2021-06-21 09:20:58,6867.45,34028
2021-06-21 09:20:59,6868.3,34390
2021-06-21 09:21:00,6868.0,34496
2021-06-21 09:21:01,6867.05,34515
2021-06-21 09:21:02,6869.5,34627
2021-06-21 09:21:04,6866.2,34650
2021-06-21 09:21:05,6867.05,34661
2021-06-21 09:21:06,6867.05,34662
2021-06-21 09:21:07,6867.05,34667
2021-06-21 09:21:08,6865.05,34684
2021-06-21 09:21:09,6863.2,34704
2021-06-21 09:21:10,6867.05,34715
2021-06-21 09:21:11,6868.85,34903
2021-06-21 09:21:12,6865.0,34929
2021-06-21 09:21:15,6863.7,35107
2021-06-21 09:21:15,6863.7,35107
2021-06-21 09:21:16,6863.0,35123
2021-06-21 09:21:17,6866.65,35126
2021-06-21 09:21:18,6866.0,35140
2021-06-21 09:21:19,6866.0,35142
2021-06-21 09:21:21,6864.0,35171
2021-06-21 09:21:23,6863.0,35217
2021-06-21 09:21:24,6863.0,35259
2021-06-21 09:21:25,6864.2,35262
2021-06-21 09:21:26,6865.9,35272
2021-06-21 09:21:27,6865.2,35276
2021-06-21 09:21:28,6863.95,35292
2021-06-21 09:21:30,6863.5,35940
2021-06-21 09:21:31,6865.0,35959
2021-06-21 09:21:32,6865.0,35974
2021-06-21 09:21:33,6862.75,35988
2021-06-21 09:21:34,6865.0,36152
2021-06-21 09:21:35,6866.85,36208
2021-06-21 09:21:36,6863.3,36239
2021-06-21 09:21:37,6864.3,36316
2021-06-21 09:21:38,6863.15,36353
2021-06-21 09:21:39,6863.1,36359
2021-06-21 09:21:40,6864.0,36371
2021-06-21 09:21:41,6864.65,36385
2021-06-21 09:21:42,6863.3,36390
2021-06-21 09:21:43,6864.65,36399
2021-06-21 09:21:44,6863.3,36404
2021-06-21 09:21:45,6864.05,36411
2021-06-21 09:21:46,6863.0,36417
2021-06-21 09:21:47,6863.8,36419
2021-06-21 09:21:49,6862.95,36514
2021-06-21 09:21:50,6864.65,36551
2021-06-21 09:21:51,6863.0,36574
2021-06-21 09:21:52,6863.0,36577
2021-06-21 09:21:53,6863.0,36604
2021-06-21 09:21:53,6863.0,36606
2021-06-21 09:21:54,6863.0,36606
2021-06-21 09:21:55,6863.0,36618
2021-06-21 09:21:56,6863.0,36622
2021-06-21 09:21:57,6864.8,36755
2021-06-21 09:21:58,6863.0,36779
2021-06-21 09:21:59,6863.8,36795
2021-06-21 09:22:01,6863.8,36808
2021-06-21 09:22:02,6862.0,36850
2021-06-21 09:22:04,6863.0,36861
2021-06-21 09:22:05,6860.0,37312
2021-06-21 09:22:06,6861.05,37375
2021-06-21 09:22:07,6859.1,37392
2021-06-21 09:22:08,6860.0,37420
2021-06-21 09:22:09,6858.5,37421
2021-06-21 09:22:10,6858.4,37427
2021-06-21 09:22:11,6858.4,37495
2021-06-21 09:22:11,6858.4,37495
2021-06-21 09:22:12,6857.0,37503
2021-06-21 09:22:13,6858.4,37680
2021-06-21 09:22:14,6857.9,37723
2021-06-21 09:22:15,6858.0,37725
2021-06-21 09:22:16,6858.4,37810
2021-06-21 09:22:18,6857.95,37823
2021-06-21 09:22:19,6858.4,37864
2021-06-21 09:22:20,6858.4,37864
2021-06-21 09:22:21,6857.0,37878
2021-06-21 09:22:22,6855.75,37920
2021-06-21 09:22:23,6857.0,37934
2021-06-21 09:22:23,6857.0,37934
2021-06-21 09:22:26,6856.95,38051
2021-06-21 09:22:27,6855.0,38060
2021-06-21 09:22:28,6855.0,38074
2021-06-21 09:22:29,6858.0,38182
2021-06-21 09:22:30,6856.95,38211
2021-06-21 09:22:31,6857.25,38248
2021-06-21 09:22:32,6857.35,38308
2021-06-21 09:22:32,6857.35,38308
2021-06-21 09:22:33,6857.4,38358
2021-06-21 09:22:34,6856.85,38365
2021-06-21 09:22:35,6856.85,38378
2021-06-21 09:22:37,6856.85,38508
2021-06-21 09:22:38,6855.0,38533
2021-06-21 09:22:39,6857.35,38644
2021-06-21 09:22:40,6855.95,38650
2021-06-21 09:22:41,6855.95,38697
2021-06-21 09:22:42,6855.65,38702
2021-06-21 09:22:43,6855.2,38714
2021-06-21 09:22:44,6855.0,38724
2021-06-21 09:22:45,6855.0,38841
2021-06-21 09:22:46,6856.6,38959
2021-06-21 09:22:47,6856.6,39021
2021-06-21 09:22:48,6855.15,39060
2021-06-21 09:22:49,6855.0,39063
2021-06-21 09:22:50,6855.2,39597
2021-06-21 09:22:51,6855.2,39670
2021-06-21 09:22:52,6855.2,39779
2021-06-21 09:22:54,6855.5,39919
2021-06-21 09:22:56,6856.35,39994
2021-06-21 09:22:58,6856.35,40072
2021-06-21 09:22:59,6854.25,40092
2021-06-21 09:23:02,6855.5,40261
2021-06-21 09:23:03,6855.0,40273
2021-06-21 09:23:04,6856.35,40295
2021-06-21 09:23:05,6855.2,40349
2021-06-21 09:23:06,6855.0,40354
2021-06-21 09:23:07,6855.2,40366
2021-06-21 09:23:08,6855.2,40469
2021-06-21 09:23:10,6859.2,41520
2021-06-21 09:23:11,6859.15,41570
2021-06-21 09:23:12,6859.1,41588
2021-06-21 09:23:12,6856.4,41589
2021-06-21 09:23:13,6856.35,41801
2021-06-21 09:23:15,6856.25,41824
2021-06-21 09:23:16,6856.25,41835
2021-06-21 09:23:17,6856.0,41836
2021-06-21 09:23:18,6856.25,41954
2021-06-21 09:23:18,6856.25,41944
2021-06-21 09:23:19,6856.25,42061
2021-06-21 09:23:20,6856.25,42093
2021-06-21 09:23:21,6855.0,42121
2021-06-21 09:23:22,6855.4,42181
2021-06-21 09:23:23,6855.4,42213
2021-06-21 09:23:24,6856.25,42367
2021-06-21 09:23:25,6855.0,42389
2021-06-21 09:23:27,6856.25,42494
2021-06-21 09:23:28,6856.95,42501
2021-06-21 09:23:30,6858.25,42510
2021-06-21 09:23:30,6858.25,42510
2021-06-21 09:23:32,6858.25,42588
2021-06-21 09:23:32,6858.25,42587
2021-06-21 09:23:34,6858.25,42616
2021-06-21 09:23:34,6858.25,42616
2021-06-21 09:23:35,6858.25,42616
2021-06-21 09:23:36,6858.25,42642
2021-06-21 09:23:37,6859.0,42653
2021-06-21 09:23:38,6859.0,42653
2021-06-21 09:23:39,6859.0,42679
2021-06-21 09:23:41,6859.4,42723
2021-06-21 09:23:42,6864.0,42872
2021-06-21 09:23:43,6862.7,42878
2021-06-21 09:23:45,6862.65,42938
2021-06-21 09:23:46,6864.35,42942
2021-06-21 09:23:47,6860.6,42964
2021-06-21 09:23:49,6860.75,42975
2021-06-21 09:23:49,6864.25,42980
2021-06-21 09:23:50,6862.2,42982
2021-06-21 09:23:51,6862.2,42982
2021-06-21 09:23:53,6861.7,43570
2021-06-21 09:23:54,6862.0,43589
2021-06-21 09:23:55,6863.5,43604
2021-06-21 09:23:56,6862.75,43622
2021-06-21 09:23:59,6863.5,43809
2021-06-21 09:24:00,6863.5,43813
2021-06-21 09:24:01,6863.5,43815
2021-06-21 09:24:01,6863.5,43815
2021-06-21 09:24:02,6863.5,43815
2021-06-21 09:24:04,6864.35,43870
2021-06-21 09:24:05,6864.35,43874
2021-06-21 09:24:06,6864.35,43898
2021-06-21 09:24:08,6865.9,43905
2021-06-21 09:24:08,6865.9,43905
2021-06-21 09:24:10,6862.9,44034
2021-06-21 09:24:11,6862.9,44132
2021-06-21 09:24:11,6864.1,44172
2021-06-21 09:24:12,6863.95,44268
2021-06-21 09:24:14,6862.95,44421
2021-06-21 09:24:15,6859.5,45047
2021-06-21 09:24:16,6858.7,45186
2021-06-21 09:24:17,6856.5,45200
2021-06-21 09:24:18,6856.4,45259
2021-06-21 09:24:19,6857.7,45279
2021-06-21 09:24:20,6855.0,45428
2021-06-21 09:24:21,6856.35,45440
2021-06-21 09:24:22,6856.35,45551
2021-06-21 09:24:23,6856.35,45551
2021-06-21 09:24:24,6856.35,45616
2021-06-21 09:24:24,6856.35,45616
2021-06-21 09:24:25,6855.45,45640
2021-06-21 09:24:26,6856.35,45642
2021-06-21 09:24:27,6856.35,45653
2021-06-21 09:24:28,6856.35,45782
2021-06-21 09:24:29,6860.7,45916
2021-06-21 09:24:30,6861.45,45938
2021-06-21 09:24:31,6857.35,45949
2021-06-21 09:24:32,6861.45,45950
2021-06-21 09:24:33,6861.45,45951
2021-06-21 09:24:35,6859.65,45961
2021-06-21 09:24:36,6860.95,46064
2021-06-21 09:24:37,6861.35,46103
2021-06-21 09:24:38,6861.45,46118
2021-06-21 09:24:39,6861.45,46128
2021-06-21 09:24:40,6861.45,46129
2021-06-21 09:24:41,6862.0,46133
2021-06-21 09:24:42,6864.5,46167
2021-06-21 09:24:43,6864.5,46167
2021-06-21 09:24:44,6864.0,46170
2021-06-21 09:24:45,6864.95,46193
2021-06-21 09:24:46,6864.0,46195
2021-06-21 09:24:47,6866.05,46219
2021-06-21 09:24:47,6866.05,46221
2021-06-21 09:24:49,6866.05,46221
2021-06-21 09:24:50,6865.1,46235
2021-06-21 09:24:51,6865.1,46242
2021-06-21 09:24:52,6865.1,46754
2021-06-21 09:24:53,6865.1,46757
2021-06-21 09:24:54,6865.1,46762
2021-06-21 09:24:55,6866.4,46788
2021-06-21 09:24:56,6865.0,46798
2021-06-21 09:24:57,6866.3,46821
2021-06-21 09:24:58,6866.4,46938
2021-06-21 09:24:59,6866.4,46988
2021-06-21 09:25:00,6866.05,46991
2021-06-21 09:25:01,6866.4,47010
2021-06-21 09:25:02,6866.2,47012
2021-06-21 09:25:03,6866.2,47012
2021-06-21 09:25:05,6867.05,47244
2021-06-21 09:25:06,6868.45,47249
2021-06-21 09:25:07,6870.25,47804
2021-06-21 09:25:08,6874.6,47811
2021-06-21 09:25:09,6871.4,47815
2021-06-21 09:25:10,6871.4,47884
2021-06-21 09:25:11,6874.4,48079
2021-06-21 09:25:11,6874.4,48079
2021-06-21 09:25:12,6870.65,48093
2021-06-21 09:25:14,6874.7,48123
2021-06-21 09:25:15,6870.0,48145
2021-06-21 09:25:16,6868.5,48158
2021-06-21 09:25:21,6866.2,48904
2021-06-21 09:25:24,6868.3,48922
2021-06-21 09:25:25,6867.75,48926
2021-06-21 09:25:26,6867.75,48966
2021-06-21 09:25:27,6867.75,48967
2021-06-21 09:25:28,6868.3,49022
2021-06-21 09:25:29,6868.05,49027
2021-06-21 09:25:30,6867.0,49029
2021-06-21 09:25:31,6866.95,49047
2021-06-21 09:25:32,6866.0,49147
2021-06-21 09:25:33,6866.0,49154
2021-06-21 09:25:34,6866.0,49154
2021-06-21 09:25:35,6867.7,49162
2021-06-21 09:25:36,6867.7,49242
2021-06-21 09:25:37,6867.7,49253
2021-06-21 09:25:38,6868.3,49376
2021-06-21 09:25:39,6868.6,49511
2021-06-21 09:25:40,6867.8,49514
2021-06-21 09:25:41,6867.7,49520
2021-06-21 09:25:41,6867.75,49530
2021-06-21 09:25:42,6867.75,49547
2021-06-21 09:25:43,6867.75,49557
2021-06-21 09:25:44,6870.3,49637
2021-06-21 09:25:45,6871.05,49648
2021-06-21 09:25:46,6871.05,49677
2021-06-21 09:25:47,6873.0,49681
2021-06-21 09:25:49,6875.0,49720
2021-06-21 09:25:50,6874.0,49724
2021-06-21 09:25:51,6874.0,49724
2021-06-21 09:25:51,6875.0,49749
2021-06-21 09:25:53,6875.0,49754
2021-06-21 09:25:54,6874.8,49783
2021-06-21 09:25:55,6875.0,49883
2021-06-21 09:25:56,6875.0,49915
2021-06-21 09:25:57,6874.95,49953
2021-06-21 09:25:58,6874.45,50113
2021-06-21 09:25:59,6871.3,50127
2021-06-21 09:26:00,6871.3,50194
2021-06-21 09:26:01,6875.0,50343
2021-06-21 09:26:02,6872.1,50361
2021-06-21 09:26:03,6872.0,50366
2021-06-21 09:26:04,6872.0,50367
2021-06-21 09:26:05,6873.6,50473
2021-06-21 09:26:06,6872.55,50483
2021-06-21 09:26:07,6871.95,50497
2021-06-21 09:26:08,6870.2,50523
2021-06-21 09:26:09,6872.0,50558
2021-06-21 09:26:10,6870.75,50567
2021-06-21 09:26:10,6870.75,50567
2021-06-21 09:26:11,6873.6,50578
2021-06-21 09:26:12,6873.6,50581
2021-06-21 09:26:13,6873.7,50651
2021-06-21 09:26:14,6873.7,50651
2021-06-21 09:26:16,6870.2,50676
2021-06-21 09:26:17,6873.0,50691
2021-06-21 09:26:18,6870.0,50727
2021-06-21 09:26:19,6870.0,50755
2021-06-21 09:26:20,6870.0,50809
2021-06-21 09:26:22,6872.15,50839
2021-06-21 09:26:23,6871.6,50893
2021-06-21 09:26:24,6869.35,51476
2021-06-21 09:26:25,6871.3,51484
2021-06-21 09:26:26,6868.8,51488
2021-06-21 09:26:27,6870.2,51495
2021-06-21 09:26:28,6870.2,51525
2021-06-21 09:26:29,6870.0,51532
2021-06-21 09:26:30,6870.0,51532
2021-06-21 09:26:31,6870.2,51553
2021-06-21 09:26:32,6868.65,51555
2021-06-21 09:26:33,6870.15,51556
2021-06-21 09:26:34,6871.3,51942
2021-06-21 09:26:35,6871.3,51942
2021-06-21 09:26:36,6870.65,51957
2021-06-21 09:26:37,6871.3,51972
2021-06-21 09:26:38,6870.0,52018
2021-06-21 09:26:40,6869.85,52125
2021-06-21 09:26:42,6871.1,52163
2021-06-21 09:26:43,6867.75,52213
2021-06-21 09:26:44,6869.05,52245
2021-06-21 09:26:45,6867.1,52264
2021-06-21 09:26:46,6866.5,52279
2021-06-21 09:26:47,6867.1,52282
2021-06-21 09:26:48,6864.0,52691
2021-06-21 09:26:49,6865.55,52756
2021-06-21 09:26:50,6863.3,52767
2021-06-21 09:26:51,6863.35,52774
2021-06-21 09:26:52,6864.5,52785
2021-06-21 09:26:53,6864.5,52788
2021-06-21 09:26:54,6863.85,52794
2021-06-21 09:26:55,6863.9,52795
2021-06-21 09:26:56,6862.0,52842
2021-06-21 09:26:57,6863.9,52871
2021-06-21 09:26:58,6863.9,52883
2021-06-21 09:26:59,6863.9,52979
2021-06-21 09:27:00,6863.9,52984
2021-06-21 09:27:01,6862.0,52992
2021-06-21 09:27:02,6863.9,53002
2021-06-21 09:27:03,6864.5,53061
2021-06-21 09:27:04,6866.15,53081
2021-06-21 09:27:05,6868.0,53111
2021-06-21 09:27:06,6868.0,53111
2021-06-21 09:27:07,6868.0,53111
2021-06-21 09:27:08,6868.0,53111
2021-06-21 09:27:09,6865.8,53136
2021-06-21 09:27:10,6865.3,53152
2021-06-21 09:27:11,6863.0,53159
2021-06-21 09:27:12,6863.0,53159
2021-06-21 09:27:13,6865.8,53169
2021-06-21 09:27:14,6865.0,53180
2021-06-21 09:27:15,6864.5,53205
2021-06-21 09:27:17,6864.5,53221
2021-06-21 09:27:18,6864.5,53221
2021-06-21 09:27:19,6864.5,53223
2021-06-21 09:27:20,6863.0,53233
2021-06-21 09:27:21,6864.5,53237
2021-06-21 09:27:22,6864.5,53237
2021-06-21 09:27:23,6865.0,53247
2021-06-21 09:27:24,6865.0,53247
2021-06-21 09:27:25,6864.95,53248
2021-06-21 09:27:26,6864.95,53261
2021-06-21 09:27:27,6864.0,53273
2021-06-21 09:27:28,6863.15,53281
2021-06-21 09:27:29,6864.95,53301
2021-06-21 09:27:30,6864.95,53305
2021-06-21 09:27:31,6864.95,53312
2021-06-21 09:27:32,6865.0,53371
2021-06-21 09:27:34,6864.95,53374
2021-06-21 09:27:35,6864.95,53374
2021-06-21 09:27:36,6864.95,53380
2021-06-21 09:27:37,6864.95,53383
2021-06-21 09:27:38,6864.5,53384
2021-06-21 09:27:39,6868.2,53488
2021-06-21 09:27:40,6866.1,53589
2021-06-21 09:27:41,6868.2,53694
2021-06-21 09:27:43,6866.55,53724
2021-06-21 09:27:42,6866.55,53717
2021-06-21 09:27:44,6865.35,53736
2021-06-21 09:27:45,6864.95,53740
2021-06-21 09:27:46,6866.85,53741
2021-06-21 09:27:47,6866.85,53750
2021-06-21 09:27:49,6863.5,53776
2021-06-21 09:27:50,6866.55,53783
2021-06-21 09:27:51,6866.5,53786
2021-06-21 09:27:52,6866.55,53826
2021-06-21 09:27:53,6866.55,53828
2021-06-21 09:27:54,6866.55,53828
2021-06-21 09:27:55,6865.2,53834
2021-06-21 09:27:56,6866.6,53835
2021-06-21 09:27:57,6866.6,53835
2021-06-21 09:27:58,6865.0,53885
2021-06-21 09:27:59,6865.0,53885
2021-06-21 09:28:00,6865.0,53893
2021-06-21 09:28:01,6866.6,53898
2021-06-21 09:28:02,6866.6,53919
2021-06-21 09:28:03,6866.6,53929
2021-06-21 09:28:04,6866.55,53931
2021-06-21 09:28:05,6866.6,53944
2021-06-21 09:28:06,6866.6,53952
2021-06-21 09:28:08,6866.6,54029
2021-06-21 09:28:09,6866.55,54066
2021-06-21 09:28:10,6867.5,54071
2021-06-21 09:28:11,6866.85,54080
2021-06-21 09:28:12,6866.55,54109
2021-06-21 09:28:13,6866.55,54163
2021-06-21 09:28:14,6867.5,54166
2021-06-21 09:28:15,6867.5,54172
2021-06-21 09:28:16,6867.25,54177
2021-06-21 09:28:17,6866.6,54179
2021-06-21 09:28:18,6866.85,54188
2021-06-21 09:28:19,6870.0,54340
2021-06-21 09:28:20,6868.95,54344
2021-06-21 09:28:21,6866.6,54349
2021-06-21 09:28:22,6866.55,54360
2021-06-21 09:28:23,6869.0,54362
2021-06-21 09:28:24,6869.8,54440
2021-06-21 09:28:26,6866.55,54456
2021-06-21 09:28:27,6866.55,54456
2021-06-21 09:28:28,6868.85,54466
2021-06-21 09:28:29,6869.8,54480
2021-06-21 09:28:30,6869.75,54486
2021-06-21 09:28:31,6869.75,54491
2021-06-21 09:28:32,6869.7,54525
2021-06-21 09:28:33,6869.6,54533
2021-06-21 09:28:34,6869.65,54534
2021-06-21 09:28:35,6869.6,54556
2021-06-21 09:28:36,6868.0,54579
2021-06-21 09:28:37,6867.95,54582
2021-06-21 09:28:38,6869.6,54618
2021-06-21 09:28:39,6869.6,54633
2021-06-21 09:28:40,6869.6,54647
2021-06-21 09:28:41,6868.0,54654
2021-06-21 09:28:42,6869.6,54678
2021-06-21 09:28:43,6869.5,54679
2021-06-21 09:28:44,6869.5,54679
2021-06-21 09:28:45,6868.35,54781
2021-06-21 09:28:46,6869.6,54801
2021-06-21 09:28:47,6868.65,54802
2021-06-21 09:28:48,6868.65,54813
2021-06-21 09:28:49,6870.2,54842
2021-06-21 09:28:50,6869.55,54855
2021-06-21 09:28:51,6869.6,54856
2021-06-21 09:28:52,6869.6,54862
2021-06-21 09:28:53,6869.6,54906
2021-06-21 09:28:54,6870.0,54923
2021-06-21 09:28:55,6866.7,55029
2021-06-21 09:28:56,6866.7,55049
2021-06-21 09:28:57,6868.0,55098
2021-06-21 09:28:58,6868.65,55102
2021-06-21 09:28:59,6868.0,55116
2021-06-21 09:29:01,6868.0,55126
2021-06-21 09:29:02,6866.85,55161
2021-06-21 09:29:02,6866.85,55165
2021-06-21 09:29:03,6866.85,55165
2021-06-21 09:29:04,6866.85,55177
2021-06-21 09:29:05,6867.0,55182
2021-06-21 09:29:06,6867.45,55185
2021-06-21 09:29:07,6867.9,55208
2021-06-21 09:29:08,6868.3,55217
2021-06-21 09:29:09,6868.3,55220
2021-06-21 09:29:10,6870.0,55266
2021-06-21 09:29:11,6868.3,55275
2021-06-21 09:29:12,6870.0,55325
2021-06-21 09:29:13,6870.0,55340
2021-06-21 09:29:14,6868.4,55393
2021-06-21 09:29:15,6867.55,55438
2021-06-21 09:29:17,6869.0,55439
2021-06-21 09:29:18,6869.0,55439
2021-06-21 09:29:18,6869.0,55439
2021-06-21 09:29:19,6869.0,55439
2021-06-21 09:29:21,6868.4,55445
2021-06-21 09:29:21,6867.0,55450
2021-06-21 09:29:22,6867.0,55453
2021-06-21 09:29:23,6867.0,55453
2021-06-21 09:29:24,6867.0,55462
2021-06-21 09:29:25,6867.65,55481
2021-06-21 09:29:26,6867.65,55487
2021-06-21 09:29:27,6867.65,55500
2021-06-21 09:29:28,6867.65,55500
2021-06-21 09:29:29,6867.65,55508
2021-06-21 09:29:30,6867.65,55508
2021-06-21 09:29:31,6867.65,55534
2021-06-21 09:29:32,6870.0,55537
2021-06-21 09:29:33,6867.0,55582
2021-06-21 09:29:35,6869.7,55601
2021-06-21 09:29:36,6869.45,55619
2021-06-21 09:29:37,6869.5,55639
2021-06-21 09:29:38,6869.5,55639
2021-06-21 09:29:39,6869.7,55648
2021-06-21 09:29:40,6870.0,55651
2021-06-21 09:29:40,6870.0,55651
2021-06-21 09:29:41,6870.0,55651
2021-06-21 09:29:42,6870.0,55751
2021-06-21 09:29:43,6869.95,55764
2021-06-21 09:29:44,6870.0,55804
2021-06-21 09:29:45,6870.5,55866
2021-06-21 09:29:47,6867.15,55930
2021-06-21 09:29:49,6867.05,55956
2021-06-21 09:29:50,6867.05,55956
2021-06-21 09:29:51,6870.25,55967
2021-06-21 09:29:52,6870.25,55967
2021-06-21 09:29:53,6870.25,55967
2021-06-21 09:29:54,6870.25,55967
2021-06-21 09:29:55,6870.25,55971
2021-06-21 09:29:57,6870.25,55973
2021-06-21 09:29:58,6870.25,56001
2021-06-21 09:29:58,6870.25,56001
2021-06-21 09:29:59,6870.25,56016
2021-06-21 09:30:00,6870.0,56017
2021-06-21 09:30:01,6871.55,56150
2021-06-21 09:30:02,6867.9,56179
2021-06-21 09:30:03,6869.65,56180
2021-06-21 09:30:04,6867.9,56191
2021-06-21 09:30:05,6867.4,56215
2021-06-21 09:30:06,6871.5,56396
2021-06-21 09:30:07,6871.5,56396
2021-06-21 09:30:08,6868.75,56406
2021-06-21 09:30:09,6868.75,56406
2021-06-21 09:30:10,6867.9,56408
2021-06-21 09:30:11,6867.9,56408
2021-06-21 09:30:12,6867.6,56445
2021-06-21 09:30:13,6867.65,56459
2021-06-21 09:30:14,6867.65,56459
2021-06-21 09:30:15,6867.0,56473
2021-06-21 09:30:16,6867.6,56547
2021-06-21 09:30:17,6868.45,56561
2021-06-21 09:30:18,6868.0,56575
2021-06-21 09:30:19,6868.0,56581
2021-06-21 09:30:20,6866.0,56997
2021-06-21 09:30:21,6866.0,56999
2021-06-21 09:30:22,6866.0,57040
2021-06-21 09:30:23,6867.45,57050
2021-06-21 09:30:24,6867.45,57058
2021-06-21 09:30:25,6867.45,57099
2021-06-21 09:30:27,6865.2,57377
2021-06-21 09:30:28,6865.95,57405
2021-06-21 09:30:29,6864.6,57953
2021-06-21 09:30:30,6864.55,58001
2021-06-21 09:30:30,6862.0,58466
2021-06-21 09:30:31,6860.8,59386
2021-06-21 09:30:32,6858.5,59686
2021-06-21 09:30:33,6858.0,60038
2021-06-21 09:30:34,6856.6,60054
2021-06-21 09:30:36,6856.6,60268
2021-06-21 09:30:37,6856.6,60367
2021-06-21 09:30:38,6856.3,60374
2021-06-21 09:30:39,6856.05,60377
2021-06-21 09:30:40,6856.0,60497
2021-06-21 09:30:42,6855.0,60586
2021-06-21 09:30:42,6855.0,60588
2021-06-21 09:30:43,6855.0,60705
2021-06-21 09:30:44,6855.0,60751
2021-06-21 09:30:45,6854.45,60947
2021-06-21 09:30:46,6854.45,60948
2021-06-21 09:30:47,6854.45,61024
2021-06-21 09:30:48,6854.4,61026
2021-06-21 09:30:49,6853.5,61141
2021-06-21 09:30:50,6853.5,61141
2021-06-21 09:30:51,6853.5,61242
2021-06-21 09:30:52,6853.5,61292
2021-06-21 09:30:53,6853.5,61306
2021-06-21 09:30:55,6853.45,61312
2021-06-21 09:30:56,6854.0,61441
2021-06-21 09:30:57,6854.0,61450
2021-06-21 09:30:58,6854.0,61452
2021-06-21 09:30:59,6854.0,61460
2021-06-21 09:31:00,6853.5,61467
2021-06-21 09:31:01,6853.5,61467
2021-06-21 09:31:02,6853.45,61481
2021-06-21 09:31:03,6853.45,61496
2021-06-21 09:31:04,6853.0,61532
2021-06-21 09:31:06,6853.5,61608
2021-06-21 09:31:07,6853.0,61613
2021-06-21 09:31:08,6853.0,61730
2021-06-21 09:31:09,6853.0,61730
2021-06-21 09:31:10,6854.0,61731
2021-06-21 09:31:11,6852.5,61987
2021-06-21 09:31:12,6852.5,62035
2021-06-21 09:31:13,6852.5,62108
2021-06-21 09:31:14,6852.0,62117
2021-06-21 09:31:15,6851.0,62600
2021-06-21 09:31:15,6850.85,62606
2021-06-21 09:31:17,6850.35,62723
2021-06-21 09:31:18,6848.9,64639
2021-06-21 09:31:19,6844.6,64918
2021-06-21 09:31:20,6846.75,65495
2021-06-21 09:31:21,6844.75,65847
2021-06-21 09:31:22,6846.75,66240
2021-06-21 09:31:23,6846.5,66299
2021-06-21 09:31:25,6843.5,66302
2021-06-21 09:31:25,6846.35,66587
2021-06-21 09:31:27,6844.0,66634
2021-06-21 09:31:27,6843.35,66751
2021-06-21 09:31:28,6843.65,66855
2021-06-21 09:31:30,6846.05,66955
2021-06-21 09:31:31,6842.25,67006
2021-06-21 09:31:32,6843.25,67156
2021-06-21 09:31:33,6843.2,67162
2021-06-21 09:31:34,6843.2,67179
2021-06-21 09:31:35,6843.2,67184
2021-06-21 09:31:36,6842.3,67306
2021-06-21 09:31:36,6842.25,67339
2021-06-21 09:31:37,6842.3,67343
2021-06-21 09:31:38,6843.25,67881
2021-06-21 09:31:39,6843.2,67893
2021-06-21 09:31:40,6848.15,68417
2021-06-21 09:31:41,6847.65,68544
2021-06-21 09:31:42,6845.0,68608
2021-06-21 09:31:44,6845.15,68691
2021-06-21 09:31:45,6847.9,68718
2021-06-21 09:31:45,6847.9,68747
2021-06-21 09:31:46,6847.9,68776
2021-06-21 09:31:47,6847.9,68801
2021-06-21 09:31:48,6845.0,68814
2021-06-21 09:31:49,6845.0,69006
2021-06-21 09:31:50,6847.25,69029
2021-06-21 09:31:52,6847.3,69086
2021-06-21 09:31:52,6847.9,69087
2021-06-21 09:31:53,6847.9,69087
2021-06-21 09:31:54,6847.3,69212
2021-06-21 09:31:55,6848.5,69308
2021-06-21 09:31:56,6848.5,69333
2021-06-21 09:31:57,6848.5,69333
2021-06-21 09:31:58,6848.5,69334
2021-06-21 09:31:59,6847.9,69335
2021-06-21 09:32:01,6847.3,69347
2021-06-21 09:32:02,6847.9,69505
2021-06-21 09:32:03,6847.25,69536
2021-06-21 09:32:04,6848.8,69557
2021-06-21 09:32:05,6847.3,69602
2021-06-21 09:32:06,6848.5,69607
2021-06-21 09:32:08,6848.8,69609
2021-06-21 09:32:09,6848.5,69619
2021-06-21 09:32:10,6848.5,69619
2021-06-21 09:32:11,6848.5,69622
2021-06-21 09:32:12,6848.45,69627
2021-06-21 09:32:13,6848.5,69638
2021-06-21 09:32:14,6848.5,69661
2021-06-21 09:32:14,6848.5,69661
2021-06-21 09:32:15,6848.0,69675
2021-06-21 09:32:16,6848.0,69678
2021-06-21 09:32:17,6849.15,69775
2021-06-21 09:32:19,6847.5,69788
2021-06-21 09:32:21,6847.0,69807
2021-06-21 09:32:22,6847.0,69807
2021-06-21 09:32:23,6846.95,69808
2021-06-21 09:32:24,6846.95,69810
2021-06-21 09:32:24,6846.95,69810
2021-06-21 09:32:25,6846.95,69867
2021-06-21 09:32:26,6849.5,69895
2021-06-21 09:32:27,6846.5,69896
2021-06-21 09:32:28,6849.9,69932
2021-06-21 09:32:29,6846.95,69933
2021-06-21 09:32:30,6849.95,69965
2021-06-21 09:32:31,6849.95,69966
2021-06-21 09:32:33,6849.95,69966
2021-06-21 09:32:33,6849.95,69967
2021-06-21 09:32:35,6848.2,70001
2021-06-21 09:32:36,6849.5,70003
2021-06-21 09:32:37,6850.0,70053
2021-06-21 09:32:37,6850.0,70053
2021-06-21 09:32:38,6850.0,70083
2021-06-21 09:32:39,6850.0,70099
2021-06-21 09:32:40,6850.0,70124
2021-06-21 09:32:41,6849.3,70127
2021-06-21 09:32:42,6849.3,70128
2021-06-21 09:32:43,6849.3,70131
2021-06-21 09:32:44,6848.5,70139
2021-06-21 09:32:45,6848.95,70146
2021-06-21 09:32:46,6848.5,70176
2021-06-21 09:32:50,6847.5,70350
2021-06-21 09:32:51,6849.1,70425
2021-06-21 09:32:52,6848.05,70592
2021-06-21 09:32:53,6850.0,70602
2021-06-21 09:32:54,6848.95,70607
2021-06-21 09:32:55,6848.0,70617
2021-06-21 09:32:56,6848.0,70636
2021-06-21 09:32:56,6848.0,70638
2021-06-21 09:32:57,6848.95,70655
2021-06-21 09:32:58,6847.95,70661
2021-06-21 09:33:00,6848.95,70742
2021-06-21 09:33:01,6849.3,70774
2021-06-21 09:33:02,6850.0,70779
2021-06-21 09:33:03,6850.0,70922
2021-06-21 09:33:05,6848.2,70959
2021-06-21 09:33:06,6849.95,70970
2021-06-21 09:33:07,6852.0,71070
2021-06-21 09:33:08,6852.0,71076
2021-06-21 09:33:08,6849.2,71096
2021-06-21 09:33:09,6850.55,71105
2021-06-21 09:33:10,6852.0,71142
2021-06-21 09:33:11,6852.0,71165
2021-06-21 09:33:12,6852.0,71167
2021-06-21 09:33:13,6854.0,71194
2021-06-21 09:33:15,6854.0,71194
2021-06-21 09:33:16,6854.5,71209
2021-06-21 09:33:17,6852.0,71221
2021-06-21 09:33:18,6853.55,71228
2021-06-21 09:33:19,6855.0,71250
2021-06-21 09:33:20,6855.0,71360
2021-06-21 09:33:20,6855.0,71360
2021-06-21 09:33:21,6855.1,71362
2021-06-21 09:33:22,6855.5,71392
2021-06-21 09:33:23,6853.55,71507
2021-06-21 09:33:24,6854.0,71567
2021-06-21 09:33:25,6854.0,71578
2021-06-21 09:33:26,6852.0,71593
2021-06-21 09:33:29,6857.5,71776
2021-06-21 09:33:30,6855.0,71777
2021-06-21 09:33:31,6854.95,71808
2021-06-21 09:33:32,6854.95,71830
2021-06-21 09:33:33,6855.0,71890
2021-06-21 09:33:33,6855.0,71927
2021-06-21 09:33:34,6853.3,71986
2021-06-21 09:33:35,6857.35,72029
2021-06-21 09:33:37,6855.0,72034
2021-06-21 09:33:38,6855.0,72034
2021-06-21 09:33:38,6855.0,72034
2021-06-21 09:33:40,6855.0,72050
2021-06-21 09:33:40,6855.0,72051
2021-06-21 09:33:42,6855.0,72054
2021-06-21 09:33:43,6854.95,72067
2021-06-21 09:33:44,6854.0,72079
2021-06-21 09:33:45,6855.0,72090
2021-06-21 09:33:46,6854.45,72095
2021-06-21 09:33:47,6854.45,72099
2021-06-21 09:33:47,6854.45,72101
2021-06-21 09:33:48,6854.45,72106
2021-06-21 09:33:49,6854.45,72111
2021-06-21 09:33:51,6854.0,72140
2021-06-21 09:33:52,6854.45,72142
2021-06-21 09:33:53,6855.0,72177
2021-06-21 09:33:53,6855.0,72187
2021-06-21 09:33:54,6855.0,72187
2021-06-21 09:33:55,6856.6,72198
2021-06-21 09:33:57,6856.6,72223
2021-06-21 09:33:58,6855.0,72225
2021-06-21 09:33:59,6858.45,72260
2021-06-21 09:34:00,6858.05,72262
2021-06-21 09:34:01,6858.15,72273
2021-06-21 09:34:02,6858.45,72284
2021-06-21 09:34:03,6855.3,72384
2021-06-21 09:34:03,6855.3,72384
2021-06-21 09:34:04,6858.1,72510
2021-06-21 09:34:05,6855.0,72569
2021-06-21 09:34:07,6856.0,72587
2021-06-21 09:34:08,6855.3,72698
2021-06-21 09:34:09,6854.3,72701
2021-06-21 09:34:10,6853.0,72763
2021-06-21 09:34:11,6854.25,72776
2021-06-21 09:34:12,6853.6,72797
2021-06-21 09:34:13,6853.6,72801
2021-06-21 09:34:14,6852.35,72833
2021-06-21 09:34:15,6853.6,72848
2021-06-21 09:34:16,6852.3,72866
2021-06-21 09:34:16,6852.3,72866
2021-06-21 09:34:17,6854.3,72883
2021-06-21 09:34:18,6853.6,72904
2021-06-21 09:34:21,6851.25,73074
2021-06-21 09:34:22,6850.55,73087
2021-06-21 09:34:23,6850.35,73316
2021-06-21 09:34:24,6852.95,73532
2021-06-21 09:34:25,6847.15,73621
2021-06-21 09:34:26,6847.3,73744
2021-06-21 09:34:27,6847.3,73744
2021-06-21 09:34:28,6849.0,73763
2021-06-21 09:34:29,6852.1,73878
2021-06-21 09:34:31,6850.5,73885
2021-06-21 09:34:32,6848.4,73945
2021-06-21 09:34:33,6848.4,73945
2021-06-21 09:34:33,6847.35,73960
2021-06-21 09:34:34,6847.3,73972
2021-06-21 09:34:35,6848.5,73974
2021-06-21 09:34:36,6847.35,74165
2021-06-21 09:34:38,6847.5,74181
2021-06-21 09:34:39,6850.0,74192
2021-06-21 09:34:41,6850.5,74271
2021-06-21 09:34:42,6848.0,74272
2021-06-21 09:34:43,6848.0,74272
2021-06-21 09:34:44,6848.0,74272
2021-06-21 09:34:45,6850.35,74276
2021-06-21 09:34:47,6852.05,74338
2021-06-21 09:34:48,6852.05,74338
2021-06-21 09:34:49,6853.65,74439
2021-06-21 09:34:51,6850.5,74450
2021-06-21 09:34:52,6852.1,74475
2021-06-21 09:34:53,6852.1,74475
2021-06-21 09:34:54,6852.1,74491
2021-06-21 09:34:55,6853.5,74562
2021-06-21 09:34:55,6853.5,74562
2021-06-21 09:34:56,6850.65,74597
2021-06-21 09:34:57,6853.05,74599
2021-06-21 09:34:58,6853.2,74600
2021-06-21 09:35:00,6853.05,74606
2021-06-21 09:35:01,6853.2,74607
2021-06-21 09:35:02,6853.1,74612
2021-06-21 09:35:03,6853.0,74617
2021-06-21 09:35:04,6853.2,74629
2021-06-21 09:35:05,6852.1,74647
2021-06-21 09:35:07,6850.5,74693
2021-06-21 09:35:08,6852.65,74731
2021-06-21 09:35:08,6852.65,74731
2021-06-21 09:35:09,6852.65,74733
2021-06-21 09:35:10,6851.25,74739
2021-06-21 09:35:11,6853.2,74780
2021-06-21 09:35:12,6851.85,74781
2021-06-21 09:35:13,6852.65,74808
2021-06-21 09:35:14,6852.65,74808
2021-06-21 09:35:16,6853.6,74818
2021-06-21 09:35:17,6853.6,74818
2021-06-21 09:35:18,6853.6,74818
2021-06-21 09:35:19,6853.2,74820
2021-06-21 09:35:20,6860.0,74958
2021-06-21 09:35:22,6856.5,75211
2021-06-21 09:35:23,6856.0,75215
2021-06-21 09:35:24,6856.0,75215
2021-06-21 09:35:25,6856.65,75242
2021-06-21 09:35:25,6856.65,75242
2021-06-21 09:35:26,6856.65,75267
2021-06-21 09:35:27,6855.5,75268
2021-06-21 09:35:29,6856.65,75334
2021-06-21 09:35:30,6856.0,75337
2021-06-21 09:35:32,6856.65,75383
2021-06-21 09:35:33,6855.0,75407
2021-06-21 09:35:34,6855.0,75412
2021-06-21 09:35:35,6856.65,75449
2021-06-21 09:35:36,6856.0,75482
2021-06-21 09:35:37,6853.65,75492
2021-06-21 09:35:39,6855.8,75702
2021-06-21 09:35:40,6856.55,75710
2021-06-21 09:35:41,6854.8,75721
2021-06-21 09:35:42,6853.65,75739
2021-06-21 09:35:43,6854.8,75765
2021-06-21 09:35:44,6854.8,75812
2021-06-21 09:35:45,6856.5,75815
2021-06-21 09:35:45,6859.95,75976
2021-06-21 09:35:47,6855.05,76004
2021-06-21 09:35:48,6854.9,76005
2021-06-21 09:35:49,6858.0,76009
2021-06-21 09:35:50,6857.9,76014
2021-06-21 09:35:51,6857.95,76068
2021-06-21 09:35:52,6856.35,76079
2021-06-21 09:35:54,6854.8,76161
2021-06-21 09:35:55,6856.1,76175
2021-06-21 09:35:56,6855.05,76182
2021-06-21 09:35:56,6855.05,76182
2021-06-21 09:35:57,6855.05,76194
2021-06-21 09:35:58,6855.05,76204
2021-06-21 09:36:00,6855.05,76244
2021-06-21 09:36:00,6855.05,76255
2021-06-21 09:36:01,6855.05,76255
2021-06-21 09:36:02,6857.1,76286
2021-06-21 09:36:03,6857.1,76286
2021-06-21 09:36:05,6857.1,76292
2021-06-21 09:36:06,6857.1,76315
2021-06-21 09:36:08,6856.55,76321
2021-06-21 09:36:09,6857.05,76367
2021-06-21 09:36:10,6857.05,76372
2021-06-21 09:36:13,6860.0,76438
2021-06-21 09:36:14,6857.75,76442
2021-06-21 09:36:15,6860.45,76467
2021-06-21 09:36:16,6861.45,76487
2021-06-21 09:36:17,6861.5,76494
2021-06-21 09:36:18,6864.8,76515
2021-06-21 09:36:19,6862.0,76536
2021-06-21 09:36:20,6862.5,76538
2021-06-21 09:36:21,6862.5,76538
2021-06-21 09:36:22,6862.5,76538
2021-06-21 09:36:23,6861.5,76587
2021-06-21 09:36:24,6857.1,76657
2021-06-21 09:36:25,6857.1,76657
2021-06-21 09:36:26,6859.6,76753
2021-06-21 09:36:27,6858.7,76756
2021-06-21 09:36:27,6858.7,76770
2021-06-21 09:36:29,6859.65,76771
2021-06-21 09:36:29,6860.0,76781
2021-06-21 09:36:30,6859.6,76799
2021-06-21 09:36:34,6857.9,76928
2021-06-21 09:36:35,6856.0,76958
2021-06-21 09:36:36,6857.1,77019
2021-06-21 09:36:37,6855.55,77024
2021-06-21 09:36:38,6857.1,77043
2021-06-21 09:36:39,6857.1,77047
2021-06-21 09:36:40,6857.1,77047
2021-06-21 09:36:42,6856.7,77076
2021-06-21 09:36:42,6856.7,77076
2021-06-21 09:36:44,6857.0,77096
2021-06-21 09:36:45,6855.55,77146
2021-06-21 09:36:46,6855.05,77217
2021-06-21 09:36:47,6856.0,77301
2021-06-21 09:36:48,6856.0,77344
2021-06-21 09:36:49,6856.55,77345
2021-06-21 09:36:50,6855.05,77406
2021-06-21 09:36:51,6856.0,77687
2021-06-21 09:36:52,6855.0,77692
2021-06-21 09:36:53,6855.0,77692
2021-06-21 09:36:54,6854.8,77704
2021-06-21 09:36:55,6854.5,77715
2021-06-21 09:36:56,6854.5,77741
2021-06-21 09:36:57,6854.8,77813
2021-06-21 09:36:58,6854.0,77822
2021-06-21 09:36:59,6854.75,77823
2021-06-21 09:37:00,6854.0,77853
2021-06-21 09:37:01,6854.4,77997
2021-06-21 09:37:02,6855.8,78030
2021-06-21 09:37:04,6855.8,78045
2021-06-21 09:37:05,6855.8,78096
2021-06-21 09:37:06,6855.8,78096
2021-06-21 09:37:07,6856.55,78110
2021-06-21 09:37:09,6856.55,78123
2021-06-21 09:37:09,6856.55,78123
2021-06-21 09:37:11,6856.55,78123
2021-06-21 09:37:12,6856.5,78128
2021-06-21 09:37:13,6856.5,78128
2021-06-21 09:37:14,6856.5,78128
2021-06-21 09:37:15,6856.25,78136
2021-06-21 09:37:16,6856.25,78137
2021-06-21 09:37:17,6859.3,78190
2021-06-21 09:37:19,6858.25,78201
2021-06-21 09:37:20,6858.25,78216
2021-06-21 09:37:21,6860.05,78271
2021-06-21 09:37:22,6858.0,78292
2021-06-21 09:37:23,6858.0,78322
2021-06-21 09:37:24,6858.0,78322
2021-06-21 09:37:25,6859.35,78324
2021-06-21 09:37:26,6859.65,78369
2021-06-21 09:37:27,6859.55,78371
2021-06-21 09:37:28,6859.55,78371
2021-06-21 09:37:29,6859.55,78371
2021-06-21 09:37:30,6859.55,78372
2021-06-21 09:37:31,6859.55,78374
2021-06-21 09:37:32,6859.55,78374
2021-06-21 09:37:33,6859.55,78375
2021-06-21 09:37:34,6859.55,78375
2021-06-21 09:37:35,6859.55,78383
2021-06-21 09:37:36,6859.55,78388
2021-06-21 09:37:37,6857.45,78406
2021-06-21 09:37:38,6856.2,78484
2021-06-21 09:37:39,6857.6,78485
2021-06-21 09:37:40,6857.6,78485
2021-06-21 09:37:41,6855.75,78487
2021-06-21 09:37:42,6856.6,78507
2021-06-21 09:37:43,6856.6,78520
2021-06-21 09:37:45,6856.4,78552
2021-06-21 09:37:46,6857.5,78558
2021-06-21 09:37:47,6857.5,78565
2021-06-21 09:37:48,6857.5,78565
2021-06-21 09:37:49,6857.5,78571
2021-06-21 09:37:50,6857.5,78578
2021-06-21 09:37:51,6857.6,78588
2021-06-21 09:37:52,6857.6,78588
2021-06-21 09:37:53,6857.6,78588
2021-06-21 09:37:54,6857.6,78593
2021-06-21 09:37:55,6857.6,78598
2021-06-21 09:37:56,6859.0,78620
2021-06-21 09:37:57,6859.0,78620
2021-06-21 09:37:58,6859.0,78620
2021-06-21 09:37:59,6859.0,78620
2021-06-21 09:38:00,6859.95,78644
2021-06-21 09:38:01,6859.0,78650
2021-06-21 09:38:02,6859.55,78690
2021-06-21 09:38:03,6859.5,78695
2021-06-21 09:38:04,6860.55,78725
2021-06-21 09:38:05,6860.55,78737
2021-06-21 09:38:06,6860.55,78738
2021-06-21 09:38:07,6860.7,78748
2021-06-21 09:38:08,6860.7,78748
2021-06-21 09:38:10,6861.0,78758
2021-06-21 09:38:09,6861.0,78758
2021-06-21 09:38:11,6861.55,78940
2021-06-21 09:38:12,6861.55,78940
2021-06-21 09:38:13,6861.55,78940
2021-06-21 09:38:14,6864.1,78950
2021-06-21 09:38:15,6864.1,78950
2021-06-21 09:38:16,6864.1,78955
2021-06-21 09:38:17,6863.25,78981
2021-06-21 09:38:18,6862.6,78992
2021-06-21 09:38:19,6863.25,79054
2021-06-21 09:38:20,6864.1,79066
2021-06-21 09:38:21,6864.0,79097
2021-06-21 09:38:22,6864.95,79110
2021-06-21 09:38:23,6864.1,79115
2021-06-21 09:38:24,6865.0,79169
2021-06-21 09:38:25,6864.95,79173
2021-06-21 09:38:26,6864.95,79173
2021-06-21 09:38:27,6864.95,79173
2021-06-21 09:38:28,6864.1,79183
2021-06-21 09:38:30,6864.1,79193
2021-06-21 09:38:31,6864.1,79196
2021-06-21 09:38:32,6864.35,79198
2021-06-21 09:38:33,6864.3,79200
2021-06-21 09:38:34,6864.3,79200
2021-06-21 09:38:35,6864.1,79234
2021-06-21 09:38:36,6864.2,79251
2021-06-21 09:38:37,6864.0,79267
2021-06-21 09:38:38,6864.2,79303
2021-06-21 09:38:39,6864.2,79333
2021-06-21 09:38:40,6864.0,79358
2021-06-21 09:38:41,6861.3,79361
2021-06-21 09:38:42,6864.3,79374
2021-06-21 09:38:43,6864.3,79374
2021-06-21 09:38:44,6863.0,79380
2021-06-21 09:38:45,6863.0,79395
2021-06-21 09:38:46,6863.0,79396
2021-06-21 09:38:47,6863.0,79404
2021-06-21 09:38:48,6863.0,79404
2021-06-21 09:38:49,6863.0,79404
2021-06-21 09:38:50,6863.0,79421
2021-06-21 09:38:51,6862.45,79436
2021-06-21 09:38:52,6864.0,79469
2021-06-21 09:38:53,6863.45,79471
2021-06-21 09:38:54,6863.45,79474
2021-06-21 09:38:55,6868.15,79681
2021-06-21 09:38:57,6864.6,79714
2021-06-21 09:38:58,6864.55,79739
2021-06-21 09:38:59,6866.8,79747
2021-06-21 09:39:00,6866.8,79748
2021-06-21 09:39:01,6868.35,79808
2021-06-21 09:39:02,6868.35,79808
2021-06-21 09:39:03,6866.5,79834
2021-06-21 09:39:04,6866.5,79834
2021-06-21 09:39:05,6871.0,80062
2021-06-21 09:39:06,6870.0,80154
2021-06-21 09:39:07,6870.0,80161
2021-06-21 09:39:08,6870.0,80170
2021-06-21 09:39:09,6871.0,80181
2021-06-21 09:39:10,6870.0,81122
2021-06-21 09:39:11,6870.0,81122
2021-06-21 09:39:12,6867.45,81124
2021-06-21 09:39:13,6867.0,81133
2021-06-21 09:39:15,6869.1,81485
2021-06-21 09:39:16,6870.05,81496
2021-06-21 09:39:17,6870.05,81496
2021-06-21 09:39:18,6870.05,81496
2021-06-21 09:39:19,6870.05,81496
2021-06-21 09:39:20,6870.0,81505
2021-06-21 09:39:21,6869.65,81507
2021-06-21 09:39:22,6869.75,81517
2021-06-21 09:39:24,6868.75,81522
2021-06-21 09:39:25,6867.95,81535
2021-06-21 09:39:27,6868.75,81587
2021-06-21 09:39:28,6868.75,81598
2021-06-21 09:39:28,6868.75,81598
2021-06-21 09:39:29,6868.75,81623
2021-06-21 09:39:30,6868.75,81805
2021-06-21 09:39:31,6868.7,81811
2021-06-21 09:39:32,6868.7,81880
2021-06-21 09:39:33,6867.9,81881
2021-06-21 09:39:34,6868.7,81942
2021-06-21 09:39:35,6867.9,81950
2021-06-21 09:39:36,6867.9,81950
2021-06-21 09:39:38,6866.25,81954
2021-06-21 09:39:38,6866.25,81954
2021-06-21 09:39:39,6868.7,82074
2021-06-21 09:39:40,6868.55,82075
2021-06-21 09:39:41,6868.55,82075
2021-06-21 09:39:42,6867.9,82125
2021-06-21 09:39:43,6868.7,82145
2021-06-21 09:39:44,6868.7,82155
2021-06-21 09:39:45,6867.9,82166
2021-06-21 09:39:46,6868.75,82237
2021-06-21 09:39:50,6869.55,82259
2021-06-21 09:39:50,6869.55,82259
2021-06-21 09:39:51,6870.0,82331
2021-06-21 09:39:53,6870.0,82332
2021-06-21 09:39:54,6870.0,82334
2021-06-21 09:39:55,6867.9,82452
2021-06-21 09:39:56,6868.05,82594
2021-06-21 09:39:57,6868.55,82598
2021-06-21 09:39:58,6868.55,82598
2021-06-21 09:39:59,6868.55,82598
2021-06-21 09:40:00,6868.55,82598
2021-06-21 09:40:02,6868.8,82703
2021-06-21 09:40:02,6868.8,82703
2021-06-21 09:40:03,6869.95,82714
2021-06-21 09:40:04,6869.95,82714
2021-06-21 09:40:05,6868.75,82716
2021-06-21 09:40:06,6869.95,82717
2021-06-21 09:40:07,6869.95,82720
2021-06-21 09:40:08,6869.95,82720
2021-06-21 09:40:09,6869.95,82743
2021-06-21 09:40:10,6869.95,82774
2021-06-21 09:40:11,6869.95,82774
2021-06-21 09:40:12,6868.1,82806
2021-06-21 09:40:13,6869.95,82816
2021-06-21 09:40:14,6869.95,82816
2021-06-21 09:40:15,6868.0,82823
2021-06-21 09:40:17,6868.0,82831
2021-06-21 09:40:16,6867.95,82830
2021-06-21 09:40:18,6868.0,82831
2021-06-21 09:40:20,6870.0,82935
2021-06-21 09:40:21,6870.0,82935
2021-06-21 09:40:22,6870.0,82935
2021-06-21 09:40:23,6869.0,82936
2021-06-21 09:40:25,6869.0,82985
2021-06-21 09:40:27,6869.0,82987
2021-06-21 09:40:28,6868.95,82990
2021-06-21 09:40:29,6868.45,83017
2021-06-21 09:40:30,6868.45,83017
2021-06-21 09:40:32,6868.45,83021
2021-06-21 09:40:33,6868.45,83051
2021-06-21 09:40:35,6868.0,83068
2021-06-21 09:40:36,6869.9,83093
2021-06-21 09:40:37,6869.9,83096
2021-06-21 09:40:38,6869.9,83096
2021-06-21 09:40:40,6874.5,83571
2021-06-21 09:40:41,6874.05,83574
2021-06-21 09:40:42,6873.4,83575
2021-06-21 09:40:43,6873.4,83575
2021-06-21 09:40:44,6873.4,83578
2021-06-21 09:40:45,6873.05,84118
2021-06-21 09:40:46,6874.5,84206
2021-06-21 09:40:47,6874.5,84231
2021-06-21 09:40:48,6874.55,84334
2021-06-21 09:40:49,6875.0,84509
2021-06-21 09:40:50,6874.5,84515
2021-06-21 09:40:52,6874.55,84583
2021-06-21 09:40:53,6874.55,84593
2021-06-21 09:40:54,6874.5,84694
2021-06-21 09:40:55,6874.8,84709
2021-06-21 09:40:56,6871.2,84909
2021-06-21 09:40:57,6870.3,85084
2021-06-21 09:40:58,6874.5,85169
2021-06-21 09:40:59,6874.5,85169
2021-06-21 09:41:00,6874.1,85189
2021-06-21 09:41:01,6872.9,85229
2021-06-21 09:41:03,6872.95,85235
2021-06-21 09:41:03,6872.95,85235
2021-06-21 09:41:04,6874.1,85265
2021-06-21 09:41:05,6874.1,85280
2021-06-21 09:41:06,6874.1,85281
2021-06-21 09:41:07,6872.95,85285
2021-06-21 09:41:08,6873.4,85286
2021-06-21 09:41:09,6873.4,85286
2021-06-21 09:41:10,6873.4,85364
2021-06-21 09:41:11,6872.05,85373
2021-06-21 09:41:12,6872.05,85373
2021-06-21 09:41:13,6873.4,85439
2021-06-21 09:41:14,6873.4,85539
2021-06-21 09:41:15,6873.4,85557
2021-06-21 09:41:17,6873.4,85557
2021-06-21 09:41:17,6873.4,85557
2021-06-21 09:41:18,6873.4,85569
2021-06-21 09:41:19,6873.4,85569
2021-06-21 09:41:20,6872.0,85590
2021-06-21 09:41:22,6872.0,85595
2021-06-21 09:41:23,6872.15,85601
2021-06-21 09:41:24,6872.25,85607
2021-06-21 09:41:25,6872.25,85620
2021-06-21 09:41:26,6872.25,85626
2021-06-21 09:41:28,6872.15,85631
2021-06-21 09:41:28,6872.15,85631
2021-06-21 09:41:30,6872.15,85654
2021-06-21 09:41:31,6872.15,85654
2021-06-21 09:41:32,6872.15,85654
2021-06-21 09:41:33,6872.2,85656
2021-06-21 09:41:34,6872.2,85656
2021-06-21 09:41:35,6872.2,85686
2021-06-21 09:41:36,6872.2,85686
2021-06-21 09:41:37,6872.2,85696
2021-06-21 09:41:38,6872.15,85707
2021-06-21 09:41:39,6872.15,85707
2021-06-21 09:41:40,6872.2,85712
2021-06-21 09:41:41,6870.9,85790
2021-06-21 09:41:43,6872.2,85793
2021-06-21 09:41:44,6872.2,85853
2021-06-21 09:41:45,6870.1,85860
2021-06-21 09:41:45,6870.1,85860
2021-06-21 09:41:47,6872.0,85863
2021-06-21 09:41:48,6871.95,85869
2021-06-21 09:41:50,6870.05,85933
2021-06-21 09:41:51,6870.05,85933
2021-06-21 09:41:52,6871.0,85938
2021-06-21 09:41:54,6870.0,85993
2021-06-21 09:41:53,6870.5,85943
2021-06-21 09:41:55,6870.0,85993
2021-06-21 09:41:56,6870.0,85993
2021-06-21 09:41:57,6870.0,85993
2021-06-21 09:41:58,6870.0,85993
2021-06-21 09:41:59,6870.0,85999
2021-06-21 09:42:01,6872.0,86076
2021-06-21 09:42:02,6872.25,86208
2021-06-21 09:42:03,6872.25,86208
2021-06-21 09:42:04,6872.25,86208
2021-06-21 09:42:05,6873.4,86276
2021-06-21 09:42:06,6873.4,86276
2021-06-21 09:42:07,6875.0,86546
2021-06-21 09:42:08,6875.0,86546
2021-06-21 09:42:09,6875.0,86676
2021-06-21 09:42:10,6875.0,86776
2021-06-21 09:42:11,6875.95,87353
2021-06-21 09:42:12,6875.55,87418
2021-06-21 09:42:13,6875.5,87420
2021-06-21 09:42:14,6875.7,87436
2021-06-21 09:42:15,6875.7,87470
2021-06-21 09:42:16,6875.7,87605
2021-06-21 09:42:17,6875.7,87672
2021-06-21 09:42:18,6876.0,87772
2021-06-21 09:42:19,6875.7,87773
2021-06-21 09:42:20,6875.7,87775
2021-06-21 09:42:21,6875.7,87779
2021-06-21 09:42:23,6881.0,89089
2021-06-21 09:42:24,6877.7,89099
2021-06-21 09:42:25,6877.55,89124
2021-06-21 09:42:26,6877.5,89126
2021-06-21 09:42:29,6877.7,89166
2021-06-21 09:42:30,6877.7,89231
2021-06-21 09:42:31,6877.7,89563
2021-06-21 09:42:32,6877.15,89716
2021-06-21 09:42:32,6877.15,89716
2021-06-21 09:42:34,6876.75,89728
2021-06-21 09:42:35,6875.7,89733
2021-06-21 09:42:36,6876.25,89737
2021-06-21 09:42:37,6877.15,89910
2021-06-21 09:42:38,6876.95,89948
2021-06-21 09:42:39,6875.0,89980
2021-06-21 09:42:40,6875.0,89980
2021-06-21 09:42:41,6875.0,89980
2021-06-21 09:42:43,6875.3,89994
2021-06-21 09:42:44,6875.7,90017
2021-06-21 09:42:45,6875.65,90027
2021-06-21 09:42:45,6875.65,90027
2021-06-21 09:42:46,6875.65,90027
2021-06-21 09:42:47,6875.65,90027
2021-06-21 09:42:48,6875.65,90030
2021-06-21 09:42:49,6875.65,90035
2021-06-21 09:42:50,6874.1,90625
2021-06-21 09:42:51,6874.1,90625
2021-06-21 09:42:52,6874.95,90627
2021-06-21 09:42:53,6874.0,90630
2021-06-21 09:42:54,6874.45,90657
2021-06-21 09:42:56,6874.0,90719
2021-06-21 09:42:57,6874.0,90719
2021-06-21 09:42:58,6874.0,90841
2021-06-21 09:42:59,6873.75,90950
2021-06-21 09:43:00,6871.55,90973
2021-06-21 09:43:00,6871.5,90974
2021-06-21 09:43:01,6871.55,90992
2021-06-21 09:43:02,6871.25,91016
2021-06-21 09:43:03,6871.0,91032
2021-06-21 09:43:04,6873.0,91212
2021-06-21 09:43:06,6873.0,91374
2021-06-21 09:43:07,6873.0,91374
2021-06-21 09:43:08,6874.15,91516
2021-06-21 09:43:09,6874.95,91543
2021-06-21 09:43:10,6874.0,91547
2021-06-21 09:43:11,6873.9,91571
2021-06-21 09:43:12,6873.9,91572
2021-06-21 09:43:12,6872.0,91582
2021-06-21 09:43:13,6873.8,91583
2021-06-21 09:43:14,6873.8,91583
2021-06-21 09:43:15,6873.8,91589
2021-06-21 09:43:16,6873.8,91589
2021-06-21 09:43:17,6873.8,91606
2021-06-21 09:43:19,6873.8,91625
2021-06-21 09:43:20,6873.8,91637
2021-06-21 09:43:20,6873.8,91638
2021-06-21 09:43:21,6873.8,91664
2021-06-21 09:43:22,6873.8,91665
2021-06-21 09:43:23,6873.8,91672
2021-06-21 09:43:25,6873.6,91692
2021-06-21 09:43:26,6873.8,91702
2021-06-21 09:43:28,6873.8,91710
2021-06-21 09:43:29,6873.8,91715
2021-06-21 09:43:30,6873.0,91720
2021-06-21 09:43:31,6873.0,91720
2021-06-21 09:43:32,6871.4,91776
2021-06-21 09:43:33,6871.4,91776
2021-06-21 09:43:34,6872.5,91777
2021-06-21 09:43:35,6871.6,91782
2021-06-21 09:43:36,6872.05,91789
2021-06-21 09:43:37,6871.65,91808
2021-06-21 09:43:38,6872.5,91824
2021-06-21 09:43:39,6872.3,91837
2021-06-21 09:43:40,6873.9,91864
2021-06-21 09:43:41,6873.9,91864
2021-06-21 09:43:42,6871.85,91865
2021-06-21 09:43:43,6873.9,91875
2021-06-21 09:43:44,6873.9,91875
2021-06-21 09:43:46,6873.9,91878
2021-06-21 09:43:47,6873.9,91878
2021-06-21 09:43:48,6873.9,91950
2021-06-21 09:43:49,6873.9,91950
2021-06-21 09:43:50,6873.85,91952
2021-06-21 09:43:51,6873.5,91958
2021-06-21 09:43:52,6874.95,92066
2021-06-21 09:43:53,6874.4,92067
2021-06-21 09:43:54,6872.05,92078
2021-06-21 09:43:54,6872.05,92078
2021-06-21 09:43:55,6871.55,92080
2021-06-21 09:43:56,6872.5,92087
2021-06-21 09:43:58,6872.5,92087
2021-06-21 09:43:59,6873.5,92102
2021-06-21 09:44:00,6873.5,92147
2021-06-21 09:44:01,6873.5,92147
2021-06-21 09:44:01,6873.5,92147
2021-06-21 09:44:03,6873.5,92151
2021-06-21 09:44:04,6874.4,92179
2021-06-21 09:44:05,6874.45,92186
2021-06-21 09:44:06,6874.45,92188
2021-06-21 09:44:07,6875.0,92292
2021-06-21 09:44:09,6875.0,92292
2021-06-21 09:44:10,6875.0,92292
2021-06-21 09:44:11,6875.0,92390
2021-06-21 09:44:12,6875.65,92590
2021-06-21 09:44:13,6874.9,92605
2021-06-21 09:44:14,6874.9,92607
2021-06-21 09:44:15,6875.0,92658
2021-06-21 09:44:16,6875.0,92664
2021-06-21 09:44:16,6874.95,92674
2021-06-21 09:44:17,6874.4,92675
2021-06-21 09:44:18,6875.65,92744
2021-06-21 09:44:19,6876.3,92745
2021-06-21 09:44:20,6876.3,92747
2021-06-21 09:44:22,6876.3,92749
2021-06-21 09:44:23,6876.0,92752
2021-06-21 09:44:24,6876.1,92754
2021-06-21 09:44:25,6876.1,92757
2021-06-21 09:44:25,6876.1,92757
2021-06-21 09:44:26,6876.05,92768
2021-06-21 09:44:27,6876.1,92786
2021-06-21 09:44:28,6876.1,92786
2021-06-21 09:44:29,6876.1,92786
2021-06-21 09:44:30,6876.1,92786
2021-06-21 09:44:31,6880.0,92923
2021-06-21 09:44:32,6878.0,92929
2021-06-21 09:44:33,6878.0,92929
2021-06-21 09:44:34,6878.0,92929
2021-06-21 09:44:35,6877.7,92936
2021-06-21 09:44:36,6880.0,93115
2021-06-21 09:44:37,6880.0,93115
2021-06-21 09:44:38,6880.0,93115
2021-06-21 09:44:41,6880.0,93275
2021-06-21 09:44:42,6880.0,93275
2021-06-21 09:44:43,6879.55,93281
2021-06-21 09:44:44,6879.5,93283
2021-06-21 09:44:45,6879.5,93283
2021-06-21 09:44:46,6880.0,93399
2021-06-21 09:44:48,6880.0,93578
2021-06-21 09:44:49,6880.0,93602
2021-06-21 09:44:50,6881.0,93605
2021-06-21 09:44:51,6880.0,93607
2021-06-21 09:44:51,6880.0,93626
2021-06-21 09:44:52,6881.0,93671
2021-06-21 09:44:53,6882.0,93873
2021-06-21 09:44:54,6880.0,93874
2021-06-21 09:44:55,6880.0,93879
2021-06-21 09:44:58,6877.2,93886
2021-06-21 09:44:59,6877.05,93887
2021-06-21 09:45:00,6877.0,93907
2021-06-21 09:45:01,6876.3,93911
2021-06-21 09:45:02,6876.3,93911
2021-06-21 09:45:03,6877.0,93926
2021-06-21 09:45:03,6877.0,93928
2021-06-21 09:45:04,6877.0,93934
2021-06-21 09:45:05,6877.05,94012
2021-06-21 09:45:06,6877.05,94012
2021-06-21 09:45:07,6879.3,94015
2021-06-21 09:45:08,6879.3,94015
2021-06-21 09:45:09,6879.3,94015
2021-06-21 09:45:14,6877.0,94047
2021-06-21 09:45:16,6877.0,94055
2021-06-21 09:45:17,6876.9,94105
2021-06-21 09:45:18,6877.6,94140
2021-06-21 09:45:19,6875.2,94291
2021-06-21 09:45:20,6875.0,94328
2021-06-21 09:45:21,6874.0,94554
2021-06-21 09:45:22,6870.15,94830
2021-06-21 09:45:22,6870.15,94830
2021-06-21 09:45:23,6875.45,94850
2021-06-21 09:45:24,6875.3,94851
2021-06-21 09:45:26,6873.7,95001
2021-06-21 09:45:27,6875.3,95036
2021-06-21 09:45:28,6875.25,95044
2021-06-21 09:45:29,6875.25,95044
2021-06-21 09:45:31,6874.45,95109
2021-06-21 09:45:32,6874.45,95111
2021-06-21 09:45:32,6874.45,95111
2021-06-21 09:45:33,6874.45,95112
2021-06-21 09:45:34,6874.45,95112
2021-06-21 09:45:35,6874.45,95207
2021-06-21 09:45:36,6874.45,95228
2021-06-21 09:45:37,6874.45,95230
2021-06-21 09:45:38,6872.1,95236
2021-06-21 09:45:40,6872.1,95266
2021-06-21 09:45:40,6872.1,95266
2021-06-21 09:45:41,6873.25,95276
2021-06-21 09:45:42,6873.25,95277
2021-06-21 09:45:44,6874.45,95354
2021-06-21 09:45:45,6872.35,95387
2021-06-21 09:45:46,6872.35,95387
2021-06-21 09:45:47,6872.35,95387
2021-06-21 09:45:48,6872.7,95389
2021-06-21 09:45:49,6872.7,95389
2021-06-21 09:45:50,6872.35,95405
2021-06-21 09:45:51,6872.35,95412
2021-06-21 09:45:51,6872.35,95412
2021-06-21 09:45:52,6872.7,95463
2021-06-21 09:45:53,6872.7,95463
2021-06-21 09:45:55,6872.65,95464
2021-06-21 09:45:56,6875.0,95520
2021-06-21 09:45:57,6875.0,95525
2021-06-21 09:45:58,6875.0,95525
2021-06-21 09:45:59,6875.0,95525
2021-06-21 09:46:00,6875.0,95525
2021-06-21 09:46:01,6875.0,95525
2021-06-21 09:46:02,6875.0,95525
2021-06-21 09:46:03,6875.0,95539
2021-06-21 09:46:04,6875.0,95590
2021-06-21 09:46:05,6875.0,95599
2021-06-21 09:46:06,6875.0,95599
2021-06-21 09:46:07,6875.0,95599
2021-06-21 09:46:08,6874.95,95600
2021-06-21 09:46:09,6873.95,95605
2021-06-21 09:46:10,6873.0,95609
2021-06-21 09:46:11,6873.95,95617
2021-06-21 09:46:12,6875.55,95642
2021-06-21 09:46:12,6875.55,95642
2021-06-21 09:46:13,6876.45,95647
2021-06-21 09:46:14,6876.45,95648
2021-06-21 09:46:15,6876.5,95652
2021-06-21 09:46:16,6876.5,95652
2021-06-21 09:46:17,6876.5,95652
2021-06-21 09:46:18,6875.65,95653
2021-06-21 09:46:19,6874.0,95665
2021-06-21 09:46:20,6874.0,95673
2021-06-21 09:46:21,6874.8,95678
2021-06-21 09:46:23,6874.8,95678
2021-06-21 09:46:24,6874.8,95678
2021-06-21 09:46:25,6874.4,95679
2021-06-21 09:46:26,6874.8,95700
2021-06-21 09:46:27,6874.8,95713
2021-06-21 09:46:28,6874.8,95717
2021-06-21 09:46:29,6874.8,95717
2021-06-21 09:46:30,6875.65,95721
2021-06-21 09:46:31,6875.65,95731
2021-06-21 09:46:32,6875.65,95739
2021-06-21 09:46:33,6876.9,95786
2021-06-21 09:46:33,6876.9,95786
2021-06-21 09:46:34,6876.9,95786
2021-06-21 09:46:35,6876.85,95819
2021-06-21 09:46:36,6876.85,95819
2021-06-21 09:46:37,6876.9,95821
2021-06-21 09:46:38,6876.9,95822
2021-06-21 09:46:39,6876.9,95822
2021-06-21 09:46:41,6876.9,95822
2021-06-21 09:46:42,6876.9,95832
2021-06-21 09:46:43,6876.9,95832
2021-06-21 09:46:44,6876.0,95834
2021-06-21 09:46:45,6876.9,95837
2021-06-21 09:46:46,6876.85,95838
2021-06-21 09:46:47,6876.0,95848
2021-06-21 09:46:48,6877.5,95868
2021-06-21 09:46:49,6877.5,95868
2021-06-21 09:46:50,6877.5,95875
2021-06-21 09:46:51,6877.5,95887
2021-06-21 09:46:51,6878.0,95897
2021-06-21 09:46:52,6878.0,95897
2021-06-21 09:46:54,6877.5,95902
2021-06-21 09:46:55,6877.5,95911
2021-06-21 09:46:56,6878.0,95917
2021-06-21 09:46:57,6876.5,95924
2021-06-21 09:46:58,6879.2,95940
2021-06-21 09:46:59,6879.2,95940
2021-06-21 09:47:00,6879.2,95940
2021-06-21 09:47:01,6877.9,95945
2021-06-21 09:47:02,6877.5,95950
2021-06-21 09:47:02,6877.5,95950
2021-06-21 09:47:05,6877.7,95959
2021-06-21 09:47:06,6877.7,95959
2021-06-21 09:47:07,6877.5,95960
2021-06-21 09:47:08,6877.6,95963
2021-06-21 09:47:09,6877.7,96032
2021-06-21 09:47:10,6876.0,96132
2021-06-21 09:47:11,6877.6,96133
2021-06-21 09:47:12,6877.6,96133
2021-06-21 09:47:13,6879.3,96234
2021-06-21 09:47:13,6879.3,96234
2021-06-21 09:47:15,6879.3,96234
2021-06-21 09:47:16,6877.55,96238
2021-06-21 09:47:17,6877.5,96239
2021-06-21 09:47:18,6876.1,96249
2021-06-21 09:47:19,6877.55,96255
2021-06-21 09:47:20,6877.55,96260
2021-06-21 09:47:21,6876.0,96266
2021-06-21 09:47:22,6876.0,96266
2021-06-21 09:47:23,6876.0,96266
2021-06-21 09:47:24,6877.55,96267
2021-06-21 09:47:24,6877.55,96267
2021-06-21 09:47:27,6876.0,96286
2021-06-21 09:47:28,6876.75,96301
2021-06-21 09:47:29,6876.75,96301
2021-06-21 09:47:30,6876.0,96317
2021-06-21 09:47:31,6877.55,96327
2021-06-21 09:47:32,6877.55,96327
2021-06-21 09:47:33,6878.65,96353
2021-06-21 09:47:33,6878.65,96353
2021-06-21 09:47:34,6879.25,96374
2021-06-21 09:47:35,6879.25,96386
2021-06-21 09:47:37,6879.25,96387
2021-06-21 09:47:38,6877.55,96410
2021-06-21 09:47:41,6878.15,96420
2021-06-21 09:47:42,6877.55,96436
2021-06-21 09:47:43,6878.0,96457
2021-06-21 09:47:44,6878.0,96457
2021-06-21 09:47:45,6878.0,96490
2021-06-21 09:47:46,6878.0,96540
2021-06-21 09:47:46,6878.0,96540
2021-06-21 09:47:47,6877.95,96551
2021-06-21 09:47:49,6877.95,96551
2021-06-21 09:47:50,6877.85,96562
2021-06-21 09:47:51,6877.85,96562
2021-06-21 09:47:52,6877.85,96582
2021-06-21 09:47:52,6877.85,96582
2021-06-21 09:47:53,6878.0,96584
2021-06-21 09:47:54,6878.0,96584
2021-06-21 09:47:56,6878.0,96590
2021-06-21 09:47:57,6878.0,96590
2021-06-21 09:47:58,6878.0,96597
2021-06-21 09:47:59,6878.0,96598
2021-06-21 09:48:01,6877.55,96628
2021-06-21 09:48:02,6877.55,96628
2021-06-21 09:48:03,6877.55,96628
2021-06-21 09:48:04,6877.55,96733
2021-06-21 09:48:05,6878.95,96756
2021-06-21 09:48:07,6878.95,96756
2021-06-21 09:48:08,6878.9,96758
2021-06-21 09:48:09,6878.9,96763
2021-06-21 09:48:10,6878.9,96763
2021-06-21 09:48:11,6878.9,96763
2021-06-21 09:48:12,6877.95,96768
2021-06-21 09:48:13,6877.95,96770
2021-06-21 09:48:14,6877.95,96770
2021-06-21 09:48:15,6877.95,96775
2021-06-21 09:48:16,6878.0,96826
2021-06-21 09:48:18,6878.0,96826
2021-06-21 09:48:19,6877.95,96926
2021-06-21 09:48:20,6877.7,96944
2021-06-21 09:48:21,6877.7,96944
2021-06-21 09:48:22,6877.7,96944
2021-06-21 09:48:23,6877.0,96948
2021-06-21 09:48:24,6877.0,96948
2021-06-21 09:48:25,6877.7,96951
2021-06-21 09:48:26,6877.7,96956
2021-06-21 09:48:27,6877.7,96956
2021-06-21 09:48:28,6877.7,96956
2021-06-21 09:48:29,6877.7,96962
2021-06-21 09:48:31,6877.0,96964
2021-06-21 09:48:32,6877.0,96981
2021-06-21 09:48:33,6877.0,96982
2021-06-21 09:48:34,6877.0,96987
2021-06-21 09:48:35,6877.0,96998
2021-06-21 09:48:36,6876.95,97004
2021-06-21 09:48:37,6876.95,97004
2021-06-21 09:48:38,6876.95,97004
2021-06-21 09:48:39,6876.95,97004
2021-06-21 09:48:40,6876.0,97027
2021-06-21 09:48:41,6876.95,97028
2021-06-21 09:48:42,6876.95,97028
2021-06-21 09:48:43,6876.9,97030
2021-06-21 09:48:44,6876.9,97030
2021-06-21 09:48:45,6876.0,97038
2021-06-21 09:48:46,6877.0,97088
2021-06-21 09:48:47,6877.0,97100
2021-06-21 09:48:48,6876.45,97101
2021-06-21 09:48:49,6876.45,97101
2021-06-21 09:48:50,6876.45,97106
2021-06-21 09:48:51,6877.0,97207
2021-06-21 09:48:52,6876.9,97208
2021-06-21 09:48:53,6876.9,97210
2021-06-21 09:48:54,6876.0,97229
2021-06-21 09:48:55,6876.9,97234
2021-06-21 09:48:56,6876.9,97390
2021-06-21 09:48:57,6876.45,97391
2021-06-21 09:48:58,6876.45,97391
2021-06-21 09:48:59,6876.0,97393
2021-06-21 09:49:00,6876.0,97401
2021-06-21 09:49:01,6876.0,97405
2021-06-21 09:49:02,6876.0,97409
2021-06-21 09:49:03,6876.1,97415
2021-06-21 09:49:04,6876.0,97418
2021-06-21 09:49:05,6876.0,97453
2021-06-21 09:49:06,6876.1,97466
2021-06-21 09:49:07,6876.0,97543
2021-06-21 09:49:08,6876.05,97557
2021-06-21 09:49:09,6876.05,97569
2021-06-21 09:49:10,6876.05,97569
2021-06-21 09:49:11,6876.0,97574
2021-06-21 09:49:13,6876.05,97578
2021-06-21 09:49:12,6876.05,97578
2021-06-21 09:49:14,6876.05,97578
2021-06-21 09:49:15,6876.0,97580
2021-06-21 09:49:16,6876.0,97602
2021-06-21 09:49:17,6876.0,97610
2021-06-21 09:49:18,6874.9,97672
2021-06-21 09:49:19,6876.0,97676
2021-06-21 09:49:20,6876.0,97879
2021-06-21 09:49:21,6876.0,97879
2021-06-21 09:49:22,6875.85,97881
2021-06-21 09:49:23,6875.85,97881
2021-06-21 09:49:24,6875.1,97886
2021-06-21 09:49:25,6874.4,97889
2021-06-21 09:49:26,6873.6,97909
2021-06-21 09:49:28,6874.4,97937
2021-06-21 09:49:29,6874.4,97949
2021-06-21 09:49:30,6874.4,97999
2021-06-21 09:49:31,6873.5,98101
2021-06-21 09:49:32,6874.0,98135
2021-06-21 09:49:33,6874.0,98135
2021-06-21 09:49:34,6874.0,98136
2021-06-21 09:49:35,6873.0,98147
2021-06-21 09:49:36,6872.8,98152
2021-06-21 09:49:37,6872.8,98152
2021-06-21 09:49:38,6872.8,98152
2021-06-21 09:49:39,6872.9,98157
2021-06-21 09:49:40,6872.8,98227
2021-06-21 09:49:41,6873.0,98257
2021-06-21 09:49:42,6873.0,98257
2021-06-21 09:49:43,6872.9,98267
2021-06-21 09:49:44,6872.9,98267
2021-06-21 09:49:45,6872.9,98270
2021-06-21 09:49:46,6872.9,98272
2021-06-21 09:49:47,6872.9,98295
2021-06-21 09:49:48,6872.15,98345
2021-06-21 09:49:50,6872.85,98350
2021-06-21 09:49:51,6872.5,98352
2021-06-21 09:49:52,6872.5,98364
2021-06-21 09:49:53,6872.35,98365
2021-06-21 09:49:54,6872.85,98404
2021-06-21 09:49:55,6872.0,98468
2021-06-21 09:49:56,6872.0,98468
2021-06-21 09:49:57,6872.0,98468
2021-06-21 09:49:58,6871.95,98469
2021-06-21 09:49:59,6871.95,98469
2021-06-21 09:50:00,6871.5,98470
2021-06-21 09:50:01,6872.0,98707
2021-06-21 09:50:03,6872.0,98733
2021-06-21 09:50:04,6872.0,98733
2021-06-21 09:50:05,6872.35,98741
2021-06-21 09:50:06,6872.35,98741
2021-06-21 09:50:07,6872.35,98741
2021-06-21 09:50:08,6872.35,98759
2021-06-21 09:50:09,6872.35,98760
2021-06-21 09:50:10,6872.35,98760
2021-06-21 09:50:11,6872.35,98761
2021-06-21 09:50:12,6872.35,98761
2021-06-21 09:50:13,6872.35,98761
2021-06-21 09:50:14,6872.35,98762
2021-06-21 09:50:15,6872.0,98774
2021-06-21 09:50:17,6871.95,98778
2021-06-21 09:50:17,6871.95,98778
2021-06-21 09:50:18,6871.95,98788
2021-06-21 09:50:19,6872.35,98829
2021-06-21 09:50:20,6872.15,98863
2021-06-21 09:50:21,6872.15,98863
2021-06-21 09:50:22,6872.15,98863
2021-06-21 09:50:23,6872.9,98864
2021-06-21 09:50:24,6872.9,98869
2021-06-21 09:50:26,6872.9,98872
2021-06-21 09:50:28,6872.9,98872
2021-06-21 09:50:28,6872.9,98872
2021-06-21 09:50:29,6872.9,98872
2021-06-21 09:50:30,6872.9,98872
2021-06-21 09:50:31,6872.0,98875
2021-06-21 09:50:32,6872.0,98875
2021-06-21 09:50:33,6872.15,98877
2021-06-21 09:50:34,6872.15,98899
2021-06-21 09:50:35,6872.0,98911
2021-06-21 09:50:36,6872.0,98911
2021-06-21 09:50:37,6872.0,98912
2021-06-21 09:50:38,6872.0,98913
2021-06-21 09:50:39,6872.0,98914
2021-06-21 09:50:40,6871.05,98915
2021-06-21 09:50:41,6873.0,98974
2021-06-21 09:50:43,6871.05,98975
2021-06-21 09:50:44,6871.05,98975
2021-06-21 09:50:44,6871.05,98975
2021-06-21 09:50:45,6871.05,98986
2021-06-21 09:50:46,6871.05,98986
2021-06-21 09:50:47,6871.0,98991
2021-06-21 09:50:48,6871.05,99000
2021-06-21 09:50:49,6871.05,99012
2021-06-21 09:50:50,6872.0,99015
2021-06-21 09:50:51,6872.0,99015
2021-06-21 09:50:52,6872.0,99015
2021-06-21 09:50:53,6872.0,99015
2021-06-21 09:50:54,6872.0,99015
2021-06-21 09:50:56,6871.95,99022
2021-06-21 09:50:56,6871.95,99022
2021-06-21 09:50:57,6871.5,99039
2021-06-21 09:50:58,6872.0,99052
2021-06-21 09:50:59,6872.0,99052
2021-06-21 09:51:00,6872.0,99052
2021-06-21 09:51:01,6871.95,99061
2021-06-21 09:51:02,6871.95,99061
2021-06-21 09:51:03,6872.0,99063
2021-06-21 09:51:04,6872.0,99063
2021-06-21 09:51:05,6872.0,99069
2021-06-21 09:51:08,6871.7,99097
2021-06-21 09:51:10,6871.5,99098
2021-06-21 09:51:10,6871.5,99098
2021-06-21 09:51:11,6871.5,99098
2021-06-21 09:51:12,6871.7,99100
2021-06-21 09:51:13,6871.7,99124
2021-06-21 09:51:15,6871.7,99130
2021-06-21 09:51:16,6871.7,99151
2021-06-21 09:51:17,6871.7,99151
2021-06-21 09:51:18,6871.7,99156
2021-06-21 09:51:20,6871.65,99158
2021-06-21 09:51:20,6871.65,99158
2021-06-21 09:51:21,6871.6,99162
2021-06-21 09:51:22,6871.6,99163
2021-06-21 09:51:23,6871.5,99181
2021-06-21 09:51:24,6871.6,99212
2021-06-21 09:51:25,6871.55,99215
2021-06-21 09:51:26,6871.5,99222
2021-06-21 09:51:27,6871.55,99227
2021-06-21 09:51:29,6871.55,99231
2021-06-21 09:51:31,6871.5,99260
2021-06-21 09:51:32,6871.0,99317
2021-06-21 09:51:32,6871.0,99317
2021-06-21 09:51:33,6871.55,99348
2021-06-21 09:51:34,6871.5,99351
2021-06-21 09:51:35,6871.0,99355
2021-06-21 09:51:36,6871.0,99356
2021-06-21 09:51:38,6871.0,99356
2021-06-21 09:51:39,6871.0,99376
2021-06-21 09:51:40,6871.55,99476
2021-06-21 09:51:41,6870.1,99479
2021-06-21 09:51:42,6871.55,99480
2021-06-21 09:51:43,6871.55,99480
2021-06-21 09:51:44,6870.0,99767
2021-06-21 09:51:46,6870.0,99767
2021-06-21 09:51:47,6871.3,99869
2021-06-21 09:51:48,6869.0,99907
2021-06-21 09:51:49,6871.3,100007
2021-06-21 09:51:50,6869.15,100032
2021-06-21 09:51:51,6870.0,100233
2021-06-21 09:51:52,6872.0,100333
2021-06-21 09:51:53,6869.15,100338
2021-06-21 09:51:54,6869.9,100339
2021-06-21 09:51:55,6869.9,100339
2021-06-21 09:51:56,6869.9,100343
2021-06-21 09:51:57,6869.9,100343
2021-06-21 09:51:58,6869.9,100343
2021-06-21 09:51:59,6869.9,100343
2021-06-21 09:52:01,6869.9,100343
2021-06-21 09:52:02,6868.8,100350
2021-06-21 09:52:03,6868.8,100350
2021-06-21 09:52:05,6866.0,100482
2021-06-21 09:52:06,6866.0,100482
2021-06-21 09:52:07,6867.75,100492
2021-06-21 09:52:08,6865.9,100498
2021-06-21 09:52:09,6868.75,100598
2021-06-21 09:52:10,6867.8,100610
2021-06-21 09:52:11,6866.05,100615
2021-06-21 09:52:12,6865.7,100665
2021-06-21 09:52:13,6868.7,100765
2021-06-21 09:52:14,6867.55,100768
2021-06-21 09:52:15,6867.55,100768
2021-06-21 09:52:16,6868.9,100778
2021-06-21 09:52:17,6868.9,100782
2021-06-21 09:52:18,6865.3,100916
2021-06-21 09:52:19,6865.2,101028
2021-06-21 09:52:20,6867.2,101029
2021-06-21 09:52:21,6866.65,101030
2021-06-21 09:52:22,6866.65,101030
2021-06-21 09:52:23,6865.1,101160
2021-06-21 09:52:24,6866.45,101165
2021-06-21 09:52:26,6866.45,101168
2021-06-21 09:52:27,6865.7,101173
2021-06-21 09:52:28,6865.7,101177
2021-06-21 09:52:29,6865.7,101192
2021-06-21 09:52:30,6865.7,101192
2021-06-21 09:52:31,6865.7,101193
2021-06-21 09:52:32,6865.7,101193
2021-06-21 09:52:33,6865.7,101223
2021-06-21 09:52:36,6866.0,101290
2021-06-21 09:52:37,6865.0,101311
2021-06-21 09:52:38,6866.0,101314
2021-06-21 09:52:38,6865.5,101315
2021-06-21 09:52:39,6865.5,101315
2021-06-21 09:52:40,6865.5,101331
2021-06-21 09:52:42,6865.5,101349
2021-06-21 09:52:43,6865.0,101379
2021-06-21 09:52:44,6865.45,101389
2021-06-21 09:52:44,6865.45,101389
2021-06-21 09:52:45,6865.5,101397
2021-06-21 09:52:46,6865.5,101397
2021-06-21 09:52:47,6865.5,101397
2021-06-21 09:52:48,6865.5,101397
2021-06-21 09:52:49,6865.5,101397
2021-06-21 09:52:50,6865.1,101406
2021-06-21 09:52:51,6865.1,101406
2021-06-21 09:52:52,6865.4,101407
2021-06-21 09:52:53,6865.45,101432
2021-06-21 09:52:56,6866.0,101444
2021-06-21 09:52:56,6866.0,101444
2021-06-21 09:52:57,6866.0,101444
2021-06-21 09:52:58,6866.0,101444
2021-06-21 09:53:00,6866.0,101471
2021-06-21 09:53:01,6866.0,101471
2021-06-21 09:53:03,6866.0,101471
2021-06-21 09:53:04,6866.4,101473
2021-06-21 09:53:04,6866.4,101473
2021-06-21 09:53:05,6866.4,101489
2021-06-21 09:53:06,6866.4,101489
2021-06-21 09:53:07,6866.4,101490
2021-06-21 09:53:10,6866.4,101490
2021-06-21 09:53:11,6865.7,101500
2021-06-21 09:53:11,6866.0,101501
2021-06-21 09:53:12,6866.0,101510
2021-06-21 09:53:13,6865.7,101513
2021-06-21 09:53:14,6869.75,101576
2021-06-21 09:53:15,6867.5,101630
2021-06-21 09:53:16,6867.5,101630
2021-06-21 09:53:17,6867.5,101630
2021-06-21 09:53:18,6866.0,101640
2021-06-21 09:53:19,6866.0,101652
2021-06-21 09:53:20,6865.7,101684
2021-06-21 09:53:21,6865.65,101688
2021-06-21 09:53:22,6866.0,101737
2021-06-21 09:53:25,6866.0,101737
2021-06-21 09:53:26,6868.6,101781
2021-06-21 09:53:26,6868.6,101781
2021-06-21 09:53:27,6868.6,101781
2021-06-21 09:53:28,6868.6,101781
2021-06-21 09:53:29,6866.0,101785
2021-06-21 09:53:31,6866.7,101786
2021-06-21 09:53:32,6866.0,101791
2021-06-21 09:53:33,6866.0,101792
2021-06-21 09:53:34,6866.0,101792
2021-06-21 09:53:35,6866.15,101809
2021-06-21 09:53:36,6866.0,101834
2021-06-21 09:53:37,6866.15,101870
2021-06-21 09:53:38,6866.0,101874
2021-06-21 09:53:39,6866.0,101874
2021-06-21 09:53:40,6866.0,101874
2021-06-21 09:53:41,6866.0,101874
2021-06-21 09:53:42,6866.0,101874
2021-06-21 09:53:43,6866.0,101874
2021-06-21 09:53:44,6866.35,101908
2021-06-21 09:53:45,6868.2,101928
2021-06-21 09:53:46,6868.2,101928
2021-06-21 09:53:47,6868.2,101928
2021-06-21 09:53:48,6867.8,101932
2021-06-21 09:53:50,6867.8,101941
2021-06-21 09:53:51,6867.8,101942
2021-06-21 09:53:51,6867.8,101942
2021-06-21 09:53:52,6867.8,101942
2021-06-21 09:53:53,6867.8,101952
2021-06-21 09:53:54,6869.2,102052
2021-06-21 09:53:55,6867.85,102058
2021-06-21 09:53:57,6867.85,102058
2021-06-21 09:53:58,6867.1,102063
2021-06-21 09:53:59,6867.1,102063
2021-06-21 09:53:59,6867.1,102063
2021-06-21 09:54:00,6866.0,102084
2021-06-21 09:54:01,6866.0,102084
2021-06-21 09:54:02,6866.0,102084
2021-06-21 09:54:03,6865.6,102121
2021-06-21 09:54:04,6868.4,102285
2021-06-21 09:54:06,6867.25,102295
2021-06-21 09:54:07,6867.25,102298
2021-06-21 09:54:08,6867.25,102298
2021-06-21 09:54:09,6867.25,102298
2021-06-21 09:54:09,6867.25,102298
2021-06-21 09:54:10,6867.25,102298
2021-06-21 09:54:11,6867.25,102298
2021-06-21 09:54:12,6870.0,102408
2021-06-21 09:54:13,6870.0,102425
2021-06-21 09:54:14,6870.0,102476
2021-06-21 09:54:15,6870.0,102490
2021-06-21 09:54:16,6870.0,102490
2021-06-21 09:54:17,6868.15,102513
2021-06-21 09:54:18,6867.65,102603
2021-06-21 09:54:20,6869.8,102633
2021-06-21 09:54:21,6867.2,102643
2021-06-21 09:54:22,6867.2,102764
2021-06-21 09:54:23,6867.2,102764
2021-06-21 09:54:24,6868.4,102765
2021-06-21 09:54:25,6868.4,102768
2021-06-21 09:54:26,6868.4,102768
2021-06-21 09:54:27,6868.4,102768
2021-06-21 09:54:28,6868.4,102778
2021-06-21 09:54:29,6868.4,102778
2021-06-21 09:54:30,6868.4,102780
2021-06-21 09:54:31,6868.4,102780
2021-06-21 09:54:33,6868.05,102785
2021-06-21 09:54:34,6868.2,102794
2021-06-21 09:54:36,6867.5,102958
2021-06-21 09:54:36,6867.5,102958
2021-06-21 09:54:37,6870.0,102978
2021-06-21 09:54:38,6868.1,102988
2021-06-21 09:54:39,6868.1,102995
2021-06-21 09:54:41,6870.0,103054
2021-06-21 09:54:42,6870.0,103064
2021-06-21 09:54:43,6870.0,103078
2021-06-21 09:54:44,6870.0,103078
2021-06-21 09:54:45,6871.0,103082
2021-06-21 09:54:45,6871.0,103082
2021-06-21 09:54:46,6870.0,103092
2021-06-21 09:54:47,6870.0,103092
2021-06-21 09:54:48,6870.0,103092
2021-06-21 09:54:49,6870.95,103094
2021-06-21 09:54:50,6871.0,103098
2021-06-21 09:54:51,6871.0,103116
2021-06-21 09:54:52,6871.0,103117
2021-06-21 09:54:55,6871.0,103117
2021-06-21 09:54:56,6871.0,103122
2021-06-21 09:54:57,6870.0,103133
2021-06-21 09:54:58,6870.0,103133
2021-06-21 09:54:59,6870.0,103133
2021-06-21 09:55:00,6870.0,103133
2021-06-21 09:55:01,6870.0,103133
2021-06-21 09:55:02,6871.0,103164
2021-06-21 09:55:03,6870.0,103173
2021-06-21 09:55:04,6871.0,103234
2021-06-21 09:55:05,6871.0,103256
2021-06-21 09:55:06,6870.95,103262
2021-06-21 09:55:07,6871.0,103285
2021-06-21 09:55:08,6871.0,103294
2021-06-21 09:55:10,6871.0,103294
2021-06-21 09:55:11,6871.5,103374
2021-06-21 09:55:12,6871.5,103374
2021-06-21 09:55:13,6877.45,103756
2021-06-21 09:55:14,6871.95,103801
2021-06-21 09:55:15,6871.95,103819
2021-06-21 09:55:16,6871.95,103835
2021-06-21 09:55:16,6871.95,103835
2021-06-21 09:55:17,6871.95,103884
2021-06-21 09:55:18,6874.85,103911
2021-06-21 09:55:19,6875.0,103913
2021-06-21 09:55:20,6871.85,103923
2021-06-21 09:55:21,6871.85,103926
2021-06-21 09:55:22,6873.95,103928
2021-06-21 09:55:23,6873.95,103928
2021-06-21 09:55:24,6873.95,103933
2021-06-21 09:55:25,6875.0,103954
2021-06-21 09:55:26,6873.95,103959
2021-06-21 09:55:27,6873.65,103961
2021-06-21 09:55:28,6873.65,103961
2021-06-21 09:55:29,6874.65,103966
2021-06-21 09:55:31,6874.65,103966
2021-06-21 09:55:34,6874.65,103966
2021-06-21 09:55:35,6875.65,103969
2021-06-21 09:55:36,6875.05,104026
2021-06-21 09:55:37,6875.65,104067
2021-06-21 09:55:37,6875.65,104067
2021-06-21 09:55:38,6875.65,104067
2021-06-21 09:55:39,6875.65,104067
2021-06-21 09:55:41,6873.6,104074
2021-06-21 09:55:43,6874.45,104082
2021-06-21 09:55:44,6874.45,104082
2021-06-21 09:55:45,6874.45,104085
2021-06-21 09:55:46,6874.45,104085
2021-06-21 09:55:46,6874.45,104085
2021-06-21 09:55:47,6874.0,104086
2021-06-21 09:55:48,6876.0,104136
2021-06-21 09:55:49,6874.0,104138
2021-06-21 09:55:51,6874.0,104148
2021-06-21 09:55:52,6873.05,104199
2021-06-21 09:55:53,6872.55,104210
2021-06-21 09:55:54,6872.5,104214
2021-06-21 09:55:55,6872.5,104214
2021-06-21 09:55:55,6872.5,104214
2021-06-21 09:55:56,6872.55,104224
2021-06-21 09:55:57,6875.4,104229
2021-06-21 09:55:59,6875.4,104229
2021-06-21 09:56:00,6875.4,104229
2021-06-21 09:56:01,6871.7,104236
2021-06-21 09:56:01,6871.7,104236
2021-06-21 09:56:02,6871.7,104236
2021-06-21 09:56:03,6874.9,104350
2021-06-21 09:56:06,6876.0,104555
2021-06-21 09:56:07,6871.1,104558
2021-06-21 09:56:07,6874.3,104557
2021-06-21 09:56:08,6871.05,104586
2021-06-21 09:56:10,6871.05,104588
2021-06-21 09:56:11,6871.0,104590
2021-06-21 09:56:12,6871.05,104610
2021-06-21 09:56:13,6871.05,104612
2021-06-21 09:56:13,6871.05,104612
2021-06-21 09:56:14,6871.05,104612
2021-06-21 09:56:15,6872.55,104632
2021-06-21 09:56:16,6871.05,104640
2021-06-21 09:56:17,6873.95,104646
2021-06-21 09:56:18,6872.4,104648
2021-06-21 09:56:20,6871.7,104650
2021-06-21 09:56:21,6871.7,104651
2021-06-21 09:56:22,6871.7,104651
2021-06-21 09:56:23,6872.4,104655
2021-06-21 09:56:24,6872.4,104655
2021-06-21 09:56:24,6872.4,104655
2021-06-21 09:56:25,6872.4,104658
2021-06-21 09:56:27,6872.4,104658
2021-06-21 09:56:28,6872.4,104658
2021-06-21 09:56:29,6872.4,104658
2021-06-21 09:56:29,6872.4,104658
2021-06-21 09:56:30,6871.05,104660
2021-06-21 09:56:31,6872.4,104662
2021-06-21 09:56:32,6871.95,104663
2021-06-21 09:56:33,6871.95,104663
2021-06-21 09:56:35,6872.35,104669
2021-06-21 09:56:37,6872.35,104669
2021-06-21 09:56:37,6872.35,104669
2021-06-21 09:56:38,6872.35,104669
2021-06-21 09:56:39,6872.35,104669
2021-06-21 09:56:40,6872.4,104671
2021-06-21 09:56:41,6872.4,104671
2021-06-21 09:56:43,6872.4,104686
2021-06-21 09:56:45,6876.0,104711
2021-06-21 09:56:45,6876.0,104711
2021-06-21 09:56:46,6874.05,104713
2021-06-21 09:56:48,6873.4,104717
2021-06-21 09:56:49,6873.4,104717
2021-06-21 09:56:50,6874.8,104735
2021-06-21 09:56:51,6874.8,104735
2021-06-21 09:56:52,6875.6,104736
2021-06-21 09:56:52,6875.6,104736
2021-06-21 09:56:53,6875.6,104736
2021-06-21 09:56:54,6875.0,104739
2021-06-21 09:56:55,6877.0,104760
2021-06-21 09:56:57,6876.0,104767
2021-06-21 09:56:58,6877.3,104772
2021-06-21 09:56:59,6877.3,104772
2021-06-21 09:57:00,6876.0,104776
2021-06-21 09:57:01,6876.65,104783
2021-06-21 09:57:02,6876.65,104784
2021-06-21 09:57:03,6876.65,104785
2021-06-21 09:57:04,6876.65,104785
2021-06-21 09:57:05,6876.65,104791
2021-06-21 09:57:06,6877.5,104810
2021-06-21 09:57:06,6877.5,104810
2021-06-21 09:57:07,6877.85,104813
2021-06-21 09:57:08,6880.0,104963
2021-06-21 09:57:09,6880.0,105064
2021-06-21 09:57:10,6880.0,105064
2021-06-21 09:57:12,6878.0,105066
2021-06-21 09:57:13,6878.0,105076
2021-06-21 09:57:14,6878.0,105076
2021-06-21 09:57:15,6877.3,105108
2021-06-21 09:57:17,6878.0,105130
2021-06-21 09:57:18,6878.0,105130
2021-06-21 09:57:18,6876.65,105131
2021-06-21 09:57:19,6876.6,105138
2021-06-21 09:57:20,6878.0,105144
2021-06-21 09:57:22,6878.0,105144
2021-06-21 09:57:23,6878.0,105144
2021-06-21 09:57:24,6878.0,105144
2021-06-21 09:57:25,6877.95,105147
2021-06-21 09:57:26,6877.95,105147
2021-06-21 09:57:27,6877.95,105147
2021-06-21 09:57:28,6877.95,105147
2021-06-21 09:57:29,6877.95,105147
2021-06-21 09:57:29,6877.3,105150
2021-06-21 09:57:30,6877.0,105155
2021-06-21 09:57:32,6877.0,105158
2021-06-21 09:57:32,6877.0,105158
2021-06-21 09:57:33,6877.0,105161
2021-06-21 09:57:34,6877.0,105164
2021-06-21 09:57:35,6876.95,105172
2021-06-21 09:57:37,6877.95,105192
2021-06-21 09:57:38,6877.95,105204
2021-06-21 09:57:39,6877.95,105204
2021-06-21 09:57:40,6877.95,105204
2021-06-21 09:57:41,6877.95,105204
2021-06-21 09:57:42,6877.95,105204
2021-06-21 09:57:43,6877.95,105204
2021-06-21 09:57:44,6876.0,105208
2021-06-21 09:57:45,6876.3,105211
2021-06-21 09:57:45,6876.3,105211
2021-06-21 09:57:47,6879.85,105321
2021-06-21 09:57:48,6879.85,105321
2021-06-21 09:57:49,6879.85,105321
2021-06-21 09:57:50,6879.35,105323
2021-06-21 09:57:51,6879.35,105323
2021-06-21 09:57:52,6879.35,105323
2021-06-21 09:57:53,6877.65,105327
2021-06-21 09:57:54,6878.0,105328
2021-06-21 09:57:54,6878.0,105328
2021-06-21 09:57:55,6877.65,105340
2021-06-21 09:57:56,6877.65,105340
2021-06-21 09:57:57,6877.65,105340
2021-06-21 09:57:59,6877.65,105346
2021-06-21 09:58:00,6876.8,105364
2021-06-21 09:58:00,6876.8,105372
2021-06-21 09:58:01,6876.8,105373
2021-06-21 09:58:03,6879.9,105859
2021-06-21 09:58:04,6879.3,105951
2021-06-21 09:58:04,6879.3,105951
2021-06-21 09:58:05,6876.0,105964
2021-06-21 09:58:07,6876.0,105966
2021-06-21 09:58:08,6875.0,105970
2021-06-21 09:58:10,6880.0,106195
2021-06-21 09:58:11,6876.75,106236
2021-06-21 09:58:12,6878.4,106239
2021-06-21 09:58:13,6878.4,106239
2021-06-21 09:58:14,6878.4,106239
2021-06-21 09:58:15,6880.0,106273
2021-06-21 09:58:16,6880.0,106274
2021-06-21 09:58:17,6878.65,106289
2021-06-21 09:58:19,6880.0,106308
2021-06-21 09:58:20,6880.0,106313
2021-06-21 09:58:21,6880.0,106318
2021-06-21 09:58:22,6880.0,106319
2021-06-21 09:58:24,6878.0,106392
2021-06-21 09:58:25,6878.9,106410
2021-06-21 09:58:26,6878.9,106410
2021-06-21 09:58:27,6879.4,106412
2021-06-21 09:58:28,6879.4,106412
2021-06-21 09:58:29,6879.4,106412
2021-06-21 09:58:30,6876.5,106424
2021-06-21 09:58:31,6879.35,106428
2021-06-21 09:58:33,6879.0,106439
2021-06-21 09:58:34,6879.0,106439
2021-06-21 09:58:35,6879.0,106439
2021-06-21 09:58:36,6879.3,106448
2021-06-21 09:58:37,6879.3,106448
2021-06-21 09:58:38,6879.0,106451
2021-06-21 09:58:40,6880.0,106511
2021-06-21 09:58:41,6878.0,106525
2021-06-21 09:58:42,6878.0,106525
2021-06-21 09:58:43,6879.05,106527
2021-06-21 09:58:44,6879.05,106537
2021-06-21 09:58:44,6879.05,106537
2021-06-21 09:58:46,6879.0,106543
2021-06-21 09:58:47,6879.05,106550
2021-06-21 09:58:48,6879.0,106551
2021-06-21 09:58:49,6879.05,106581
2021-06-21 09:58:50,6879.0,106591
2021-06-21 09:58:51,6879.0,106592
2021-06-21 09:58:53,6879.0,106594
2021-06-21 09:58:54,6879.0,106594
2021-06-21 09:58:55,6879.0,106605
2021-06-21 09:58:56,6878.5,106613
2021-06-21 09:58:57,6877.7,106657
2021-06-21 09:58:58,6878.0,106663
2021-06-21 09:58:59,6878.95,106664
2021-06-21 09:59:00,6880.0,106775
2021-06-21 09:59:01,6880.0,106798
2021-06-21 09:59:02,6880.0,106798
2021-06-21 09:59:03,6880.0,106806
2021-06-21 09:59:04,6879.1,106824
2021-06-21 09:59:05,6879.95,106828
2021-06-21 09:59:06,6879.95,106831
2021-06-21 09:59:07,6879.95,106831
2021-06-21 09:59:08,6880.0,106942
2021-06-21 09:59:09,6880.0,106977
2021-06-21 09:59:10,6880.0,106977
2021-06-21 09:59:11,6880.0,106977
2021-06-21 09:59:12,6888.0,108538
2021-06-21 09:59:14,6888.9,108601
2021-06-21 09:59:15,6888.9,108604
2021-06-21 09:59:17,6885.05,108654
2021-06-21 09:59:18,6885.6,108820
2021-06-21 09:59:19,6888.9,108824
2021-06-21 09:59:20,6885.6,108926
2021-06-21 09:59:21,6888.9,108976
2021-06-21 09:59:22,6888.9,108976
2021-06-21 09:59:23,6885.6,108981
2021-06-21 09:59:24,6888.85,108991
2021-06-21 09:59:25,6884.9,109016
2021-06-21 09:59:26,6884.9,109016
2021-06-21 09:59:27,6885.0,109037
2021-06-21 09:59:28,6885.0,109059
2021-06-21 09:59:29,6885.0,109061
2021-06-21 09:59:30,6884.65,109119
2021-06-21 09:59:33,6884.6,109178
2021-06-21 09:59:34,6884.65,109229
2021-06-21 09:59:37,6884.65,109240
2021-06-21 09:59:39,6884.6,109290
2021-06-21 09:59:40,6884.6,109290
2021-06-21 09:59:41,6884.6,109307
2021-06-21 09:59:42,6884.6,109358
2021-06-21 09:59:43,6884.6,109358
2021-06-21 09:59:44,6884.6,109358
2021-06-21 09:59:45,6884.6,109361
2021-06-21 09:59:46,6884.6,109369
2021-06-21 09:59:47,6884.6,109374
2021-06-21 09:59:48,6884.6,109374
2021-06-21 09:59:49,6884.0,109404
2021-06-21 09:59:50,6882.85,109445
2021-06-21 09:59:51,6887.95,109513
2021-06-21 09:59:52,6886.95,109533
2021-06-21 09:59:53,6886.95,109533
2021-06-21 09:59:54,6886.95,109533
2021-06-21 09:59:55,6884.8,109538
2021-06-21 09:59:56,6884.65,109544
2021-06-21 09:59:57,6884.65,109544
2021-06-21 09:59:58,6884.8,109551
2021-06-21 10:00:00,6888.0,109601
2021-06-21 09:59:59,6888.0,109601
2021-06-21 10:00:01,6888.0,109601
2021-06-21 10:00:02,6885.05,109602
2021-06-21 10:00:03,6885.05,109602
2021-06-21 10:00:04,6885.05,109605
2021-06-21 10:00:05,6885.55,109611
2021-06-21 10:00:06,6885.1,109631
2021-06-21 10:00:07,6887.05,109670
2021-06-21 10:00:08,6888.0,109673
2021-06-21 10:00:09,6888.0,109674
2021-06-21 10:00:10,6888.0,109676
2021-06-21 10:00:11,6888.0,109676
2021-06-21 10:00:12,6888.0,109676
2021-06-21 10:00:13,6888.0,109677
2021-06-21 10:00:14,6888.0,109697
2021-06-21 10:00:15,6887.95,109711
2021-06-21 10:00:16,6887.95,109711
2021-06-21 10:00:17,6888.0,109721
2021-06-21 10:00:18,6885.6,109723
2021-06-21 10:00:19,6885.6,109723
2021-06-21 10:00:20,6887.5,109735
2021-06-21 10:00:21,6887.5,109772
2021-06-21 10:00:22,6887.0,109774
2021-06-21 10:00:23,6887.0,109774
2021-06-21 10:00:24,6887.0,109774
2021-06-21 10:00:25,6887.5,109778
2021-06-21 10:00:26,6887.4,109779
2021-06-21 10:00:27,6887.4,109779
2021-06-21 10:00:28,6887.4,109812
2021-06-21 10:00:29,6887.7,109851
2021-06-21 10:00:30,6890.0,110132
2021-06-21 10:00:31,6889.3,110155
2021-06-21 10:00:32,6887.7,110195
2021-06-21 10:00:34,6887.7,110195
2021-06-21 10:00:37,6890.0,110311
2021-06-21 10:00:38,6890.0,110311
2021-06-21 10:00:39,6889.95,110330
2021-06-21 10:00:40,6889.95,110330
2021-06-21 10:00:41,6889.95,110330
2021-06-21 10:00:42,6890.0,110388
2021-06-21 10:00:43,6890.0,110388
2021-06-21 10:00:44,6889.95,110414
2021-06-21 10:00:45,6889.95,110418
2021-06-21 10:00:46,6890.0,110443
2021-06-21 10:00:48,6890.0,110527
2021-06-21 10:00:49,6889.85,110547
2021-06-21 10:00:50,6889.85,110547
2021-06-21 10:00:51,6889.85,110547
2021-06-21 10:00:52,6889.95,110561
2021-06-21 10:00:53,6889.95,110561
2021-06-21 10:00:54,6889.9,110632
2021-06-21 10:00:55,6889.9,110650
2021-06-21 10:00:56,6889.9,110654
2021-06-21 10:00:57,6889.9,110654
2021-06-21 10:00:58,6889.85,110675
2021-06-21 10:00:59,6889.95,110786
2021-06-21 10:01:00,6890.0,110913
2021-06-21 10:01:01,6890.0,110941
2021-06-21 10:01:02,6891.0,110956
2021-06-21 10:01:03,6889.95,110957
2021-06-21 10:01:04,6889.9,110964
2021-06-21 10:01:05,6889.9,110964
2021-06-21 10:01:06,6892.5,111092
2021-06-21 10:01:08,6890.65,111113
2021-06-21 10:01:09,6894.4,111213
2021-06-21 10:01:10,6889.85,111227
2021-06-21 10:01:11,6890.65,111228
2021-06-21 10:01:12,6890.65,111230
2021-06-21 10:01:14,6890.65,111241
2021-06-21 10:01:14,6892.8,111268
2021-06-21 10:01:15,6890.1,111308
2021-06-21 10:01:16,6892.05,111313
2021-06-21 10:01:17,6890.65,111385
2021-06-21 10:01:18,6893.65,111409
2021-06-21 10:01:19,6890.15,111495
2021-06-21 10:01:21,6893.05,111535
2021-06-21 10:01:21,6893.05,111535
2021-06-21 10:01:24,6890.15,111696
2021-06-21 10:01:25,6891.6,111697
2021-06-21 10:01:26,6891.6,111712
2021-06-21 10:01:27,6891.6,111712
2021-06-21 10:01:28,6891.6,111712
2021-06-21 10:01:29,6891.55,111724
2021-06-21 10:01:30,6891.55,111727
2021-06-21 10:01:31,6891.6,111806
2021-06-21 10:01:32,6891.6,111831
2021-06-21 10:01:33,6892.3,111892
2021-06-21 10:01:34,6892.3,111892
2021-06-21 10:01:35,6892.3,111921
2021-06-21 10:01:36,6893.5,111996
2021-06-21 10:01:37,6893.5,111996
2021-06-21 10:01:39,6893.55,112006
2021-06-21 10:01:39,6893.55,112006
2021-06-21 10:01:40,6891.0,112008
2021-06-21 10:01:42,6890.0,112260
2021-06-21 10:01:43,6890.0,112273
2021-06-21 10:01:44,6890.0,112273
2021-06-21 10:01:45,6890.0,112278
2021-06-21 10:01:46,6890.0,112278
2021-06-21 10:01:47,6890.0,112278
2021-06-21 10:01:49,6890.05,112293
2021-06-21 10:01:50,6890.05,112299
2021-06-21 10:01:52,6890.0,112312
2021-06-21 10:01:52,6890.0,112341
2021-06-21 10:01:53,6890.0,112368
2021-06-21 10:01:54,6890.0,112372
2021-06-21 10:01:55,6889.9,112379
2021-06-21 10:01:56,6889.9,112379
2021-06-21 10:01:57,6889.9,112384
2021-06-21 10:01:58,6889.9,112394
2021-06-21 10:01:59,6890.0,112449
2021-06-21 10:02:00,6890.0,112449
2021-06-21 10:02:02,6890.0,112500
2021-06-21 10:02:03,6891.0,112600
2021-06-21 10:02:04,6891.0,112600
2021-06-21 10:02:04,6891.0,112600
2021-06-21 10:02:05,6891.6,112608
2021-06-21 10:02:06,6890.0,112609
2021-06-21 10:02:07,6890.0,112609
2021-06-21 10:02:08,6888.0,112832
2021-06-21 10:02:09,6889.3,112833
2021-06-21 10:02:10,6888.0,112845
2021-06-21 10:02:11,6887.0,112873
2021-06-21 10:02:13,6887.0,112883
2021-06-21 10:02:15,6886.25,112885
2021-06-21 10:02:15,6885.95,112897
2021-06-21 10:02:16,6884.65,112951
2021-06-21 10:02:17,6884.65,112979
2021-06-21 10:02:18,6884.65,112980
2021-06-21 10:02:19,6884.65,112980
2021-06-21 10:02:20,6884.15,113017
2021-06-21 10:02:22,6889.0,113130
2021-06-21 10:02:22,6884.25,113135
2021-06-21 10:02:23,6885.7,113145
2021-06-21 10:02:24,6885.7,113165
2021-06-21 10:02:25,6884.1,113185
2021-06-21 10:02:26,6884.1,113190
2021-06-21 10:02:27,6883.95,113240
2021-06-21 10:02:28,6885.65,113346
2021-06-21 10:02:29,6885.65,113346
2021-06-21 10:02:30,6885.65,113447
2021-06-21 10:02:32,6885.65,113447
2021-06-21 10:02:33,6885.65,113447
2021-06-21 10:02:34,6885.65,113552
2021-06-21 10:02:35,6885.6,113584
2021-06-21 10:02:36,6885.6,113584
2021-06-21 10:02:37,6885.6,113584
2021-06-21 10:02:38,6885.35,113589
2021-06-21 10:02:39,6885.65,113590
2021-06-21 10:02:40,6885.65,113591
2021-06-21 10:02:42,6885.0,113592
2021-06-21 10:02:42,6885.0,113592
2021-06-21 10:02:43,6885.0,113592
2021-06-21 10:02:44,6885.65,113593
2021-06-21 10:02:45,6885.65,113593
2021-06-21 10:02:46,6885.65,113596
2021-06-21 10:02:47,6885.0,113597
2021-06-21 10:02:48,6888.05,113697
2021-06-21 10:02:49,6888.05,113697
2021-06-21 10:02:50,6888.85,113701
2021-06-21 10:02:51,6888.35,113702
2021-06-21 10:02:52,6888.35,113702
2021-06-21 10:02:53,6888.35,113702
2021-06-21 10:02:54,6888.35,113709
2021-06-21 10:02:55,6888.35,113714
2021-06-21 10:02:56,6888.35,113714
2021-06-21 10:02:57,6886.4,113720
2021-06-21 10:02:58,6888.35,113744
2021-06-21 10:02:59,6889.9,113754
2021-06-21 10:03:00,6889.9,113754
2021-06-21 10:03:01,6889.9,113754
2021-06-21 10:03:02,6890.0,113779
2021-06-21 10:03:03,6889.3,113788
2021-06-21 10:03:05,6889.65,113798
2021-06-21 10:03:06,6890.0,113803
2021-06-21 10:03:07,6889.65,113881
2021-06-21 10:03:09,6888.85,113882
2021-06-21 10:03:09,6888.35,113896
2021-06-21 10:03:10,6888.05,113906
2021-06-21 10:03:11,6888.7,113946
2021-06-21 10:03:14,6885.9,113956
2021-06-21 10:03:15,6888.35,113961
2021-06-21 10:03:16,6889.0,113962
2021-06-21 10:03:18,6889.0,113982
2021-06-21 10:03:18,6888.35,113986
2021-06-21 10:03:19,6888.35,113986
2021-06-21 10:03:20,6888.35,113988
2021-06-21 10:03:22,6888.35,113991
2021-06-21 10:03:23,6888.35,114002
2021-06-21 10:03:23,6888.35,114003
2021-06-21 10:03:24,6890.0,114062
2021-06-21 10:03:26,6888.75,114066
2021-06-21 10:03:27,6888.75,114066
2021-06-21 10:03:28,6888.75,114066
2021-06-21 10:03:30,6888.75,114066
2021-06-21 10:03:31,6890.45,114116
2021-06-21 10:03:32,6888.1,114146
2021-06-21 10:03:33,6888.1,114146
2021-06-21 10:03:34,6888.25,114149
2021-06-21 10:03:35,6890.35,114154
2021-06-21 10:03:36,6890.35,114154
2021-06-21 10:03:37,6890.35,114179
2021-06-21 10:03:38,6890.35,114179
2021-06-21 10:03:39,6890.35,114179
2021-06-21 10:03:40,6889.9,114182
2021-06-21 10:03:41,6890.75,114273
2021-06-21 10:03:43,6890.75,114273
2021-06-21 10:03:44,6890.75,114323
2021-06-21 10:03:45,6890.35,114328
2021-06-21 10:03:46,6890.75,114340
2021-06-21 10:03:47,6888.4,114341
2021-06-21 10:03:48,6888.4,114342
2021-06-21 10:03:49,6890.0,114343
2021-06-21 10:03:50,6890.35,114344
2021-06-21 10:03:51,6890.35,114344
2021-06-21 10:03:52,6890.35,114344
2021-06-21 10:03:53,6890.35,114344
2021-06-21 10:03:54,6890.35,114344
2021-06-21 10:03:55,6889.7,114549
2021-06-21 10:03:56,6888.35,114560
2021-06-21 10:03:57,6888.25,114564
2021-06-21 10:03:58,6888.25,114574
2021-06-21 10:04:01,6886.2,114613
2021-06-21 10:04:02,6887.0,114615
2021-06-21 10:04:03,6887.0,114616
2021-06-21 10:04:03,6887.0,114626
2021-06-21 10:04:05,6888.0,114649
2021-06-21 10:04:06,6888.0,114652
2021-06-21 10:04:07,6888.0,114667
2021-06-21 10:04:08,6888.0,114667
2021-06-21 10:04:09,6888.0,114667
2021-06-21 10:04:10,6887.1,114679
2021-06-21 10:04:10,6887.1,114679
2021-06-21 10:04:12,6887.1,114679
2021-06-21 10:04:13,6887.1,114679
2021-06-21 10:04:14,6886.45,114681
2021-06-21 10:04:15,6885.7,114699
2021-06-21 10:04:16,6885.7,114699
2021-06-21 10:04:17,6885.7,114700
2021-06-21 10:04:18,6885.35,114701
2021-06-21 10:04:20,6883.0,114819
2021-06-21 10:04:21,6883.0,114829
2021-06-21 10:04:22,6882.7,114959
2021-06-21 10:04:23,6884.0,114964
2021-06-21 10:04:24,6884.0,114964
2021-06-21 10:04:26,6884.1,114967
2021-06-21 10:04:27,6884.1,114968
2021-06-21 10:04:27,6883.8,114970
2021-06-21 10:04:29,6883.8,114970
2021-06-21 10:04:29,6883.8,114970
2021-06-21 10:04:31,6883.95,114980
2021-06-21 10:04:32,6883.75,114985
2021-06-21 10:04:32,6883.75,114986
2021-06-21 10:04:33,6883.95,115026
2021-06-21 10:04:34,6883.95,115026
2021-06-21 10:04:35,6882.4,115036
2021-06-21 10:04:36,6883.95,115149
2021-06-21 10:04:38,6885.35,115215
2021-06-21 10:04:39,6885.35,115215
2021-06-21 10:04:40,6885.35,115215
2021-06-21 10:04:41,6885.35,115215
2021-06-21 10:04:42,6885.35,115217
2021-06-21 10:04:43,6885.35,115217
2021-06-21 10:04:44,6885.35,115217
2021-06-21 10:04:45,6884.0,115221
2021-06-21 10:04:47,6884.0,115221
2021-06-21 10:04:48,6884.0,115221
2021-06-21 10:04:49,6884.9,115225
2021-06-21 10:04:51,6884.0,115262
2021-06-21 10:04:52,6884.0,115262
2021-06-21 10:04:53,6884.4,115263
2021-06-21 10:04:55,6884.0,115275
2021-06-21 10:04:56,6883.6,115289
2021-06-21 10:04:57,6883.1,115364
2021-06-21 10:04:58,6883.1,115374
2021-06-21 10:04:59,6883.95,115376
2021-06-21 10:04:59,6883.95,115376
2021-06-21 10:05:00,6883.95,115379
2021-06-21 10:05:01,6883.95,115379
2021-06-21 10:05:02,6883.95,115379
2021-06-21 10:05:03,6883.95,115384
2021-06-21 10:05:04,6883.95,115406
2021-06-21 10:05:05,6883.95,115437
2021-06-21 10:05:06,6883.95,115437
2021-06-21 10:05:07,6883.6,115452
2021-06-21 10:05:08,6884.0,115494
2021-06-21 10:05:09,6884.0,115494
2021-06-21 10:05:10,6884.0,115494
2021-06-21 10:05:11,6884.0,115504
2021-06-21 10:05:12,6884.0,115604
2021-06-21 10:05:13,6884.0,115604
2021-06-21 10:05:14,6884.0,115614
2021-06-21 10:05:15,6884.4,115617
2021-06-21 10:05:16,6884.4,115625
2021-06-21 10:05:18,6884.2,115626
2021-06-21 10:05:21,6884.1,115629
2021-06-21 10:05:22,6884.1,115629
2021-06-21 10:05:22,6884.2,115632
2021-06-21 10:05:23,6884.0,115732
2021-06-21 10:05:24,6884.0,115732
2021-06-21 10:05:25,6884.2,115741
2021-06-21 10:05:26,6884.15,115759
2021-06-21 10:05:27,6884.1,115859
2021-06-21 10:05:28,6884.15,115921
2021-06-21 10:05:29,6884.15,115921
2021-06-21 10:05:31,6884.05,115924
2021-06-21 10:05:32,6884.05,115924
2021-06-21 10:05:32,6884.15,115928
2021-06-21 10:05:33,6884.15,115928
2021-06-21 10:05:35,6884.15,115931
2021-06-21 10:05:36,6884.15,115938
2021-06-21 10:05:36,6884.15,115938
2021-06-21 10:05:37,6884.05,115947
2021-06-21 10:05:38,6884.15,115952
2021-06-21 10:05:39,6884.05,115977
2021-06-21 10:05:40,6884.15,116003
2021-06-21 10:05:41,6884.1,116004
2021-06-21 10:05:42,6884.1,116004
2021-06-21 10:05:43,6884.15,116042
2021-06-21 10:05:44,6884.15,116042
2021-06-21 10:05:45,6885.35,116043
2021-06-21 10:05:46,6885.35,116043
2021-06-21 10:05:48,6884.15,116195
2021-06-21 10:05:49,6884.15,116195
2021-06-21 10:05:50,6884.15,116195
2021-06-21 10:05:51,6885.55,116197
2021-06-21 10:05:52,6885.55,116197
2021-06-21 10:05:53,6885.55,116197
2021-06-21 10:05:53,6885.55,116198
2021-06-21 10:05:54,6885.55,116198
2021-06-21 10:05:56,6885.5,116212
2021-06-21 10:05:58,6884.8,116214
2021-06-21 10:05:59,6884.8,116214
2021-06-21 10:06:00,6884.0,116245
2021-06-21 10:06:01,6884.0,116245
2021-06-21 10:06:02,6885.35,116345
2021-06-21 10:06:03,6885.5,116356
2021-06-21 10:06:04,6885.55,116361
2021-06-21 10:06:05,6885.55,116364
2021-06-21 10:06:05,6885.55,116367
2021-06-21 10:06:06,6884.0,116372
2021-06-21 10:06:07,6884.0,116375
2021-06-21 10:06:08,6884.0,116375
2021-06-21 10:06:09,6884.45,116376
2021-06-21 10:06:11,6884.45,116376
2021-06-21 10:06:13,6884.45,116384
2021-06-21 10:06:13,6884.0,116391
2021-06-21 10:06:14,6884.0,116391
2021-06-21 10:06:15,6883.6,116403
2021-06-21 10:06:16,6884.0,116448
2021-06-21 10:06:17,6884.0,116448
2021-06-21 10:06:19,6884.0,116448
2021-06-21 10:06:19,6884.0,116448
2021-06-21 10:06:20,6884.0,116448
2021-06-21 10:06:21,6882.05,116453
2021-06-21 10:06:22,6882.05,116473
2021-06-21 10:06:23,6884.0,116483
2021-06-21 10:06:24,6884.0,116587
2021-06-21 10:06:25,6884.75,116590
2021-06-21 10:06:26,6884.75,116590
2021-06-21 10:06:27,6884.75,116590
2021-06-21 10:06:28,6884.75,116590
2021-06-21 10:06:29,6884.0,116593
2021-06-21 10:06:30,6884.0,116593
2021-06-21 10:06:31,6884.0,116643
2021-06-21 10:06:32,6884.0,116644
2021-06-21 10:06:33,6883.95,116687
2021-06-21 10:06:34,6883.95,116699
2021-06-21 10:06:36,6883.15,116708
2021-06-21 10:06:37,6882.05,116768
2021-06-21 10:06:38,6882.05,116768
2021-06-21 10:06:39,6882.05,116768
2021-06-21 10:06:40,6882.65,116806
2021-06-21 10:06:41,6882.65,116806
2021-06-21 10:06:42,6882.0,116922
2021-06-21 10:06:43,6883.2,116931
2021-06-21 10:06:44,6881.2,116938
2021-06-21 10:06:45,6881.2,116948
2021-06-21 10:06:45,6881.2,116948
2021-06-21 10:06:46,6882.65,117023
2021-06-21 10:06:47,6882.65,117023
2021-06-21 10:06:48,6880.75,117037
2021-06-21 10:06:49,6880.75,117037
2021-06-21 10:06:50,6880.75,117094
2021-06-21 10:06:51,6880.75,117094
2021-06-21 10:06:52,6880.75,117094
2021-06-21 10:06:53,6880.75,117094
2021-06-21 10:06:54,6880.75,117094
2021-06-21 10:06:56,6882.65,117103
2021-06-21 10:06:57,6882.65,117103
2021-06-21 10:06:58,6880.7,117112
2021-06-21 10:06:58,6880.7,117112
2021-06-21 10:06:59,6880.7,117116
2021-06-21 10:07:01,6882.65,117191
2021-06-21 10:07:02,6882.65,117191
2021-06-21 10:07:03,6882.65,117191
2021-06-21 10:07:04,6882.65,117191
2021-06-21 10:07:05,6882.65,117280
2021-06-21 10:07:05,6883.6,117284
2021-06-21 10:07:06,6887.2,117403
2021-06-21 10:07:07,6887.2,117403
2021-06-21 10:07:08,6887.2,117403
2021-06-21 10:07:10,6887.2,117403
2021-06-21 10:07:11,6887.2,117403
2021-06-21 10:07:12,6884.75,117429
2021-06-21 10:07:13,6884.75,117429
2021-06-21 10:07:14,6884.75,117429
2021-06-21 10:07:15,6884.4,117449
2021-06-21 10:07:15,6884.4,117449
2021-06-21 10:07:16,6884.4,117449
2021-06-21 10:07:17,6884.75,117453
2021-06-21 10:07:18,6884.75,117453
2021-06-21 10:07:20,6885.45,117485
2021-06-21 10:07:21,6887.6,117490
2021-06-21 10:07:22,6887.15,117491
2021-06-21 10:07:23,6887.15,117491
2021-06-21 10:07:23,6887.15,117491
2021-06-21 10:07:24,6887.15,117491
2021-06-21 10:07:25,6887.1,117497
2021-06-21 10:07:26,6887.1,117497
2021-06-21 10:07:27,6887.1,117497
2021-06-21 10:07:28,6887.45,117518
2021-06-21 10:07:30,6887.45,117521
2021-06-21 10:07:31,6887.15,117531
2021-06-21 10:07:32,6887.15,117531
2021-06-21 10:07:33,6885.0,117589
2021-06-21 10:07:34,6882.5,117651
2021-06-21 10:07:35,6882.5,117651
2021-06-21 10:07:36,6884.0,117661
2021-06-21 10:07:37,6884.0,117662
2021-06-21 10:07:38,6884.0,117662
2021-06-21 10:07:39,6884.0,117662
2021-06-21 10:07:39,6884.0,117662
2021-06-21 10:07:41,6883.25,117682
2021-06-21 10:07:42,6883.25,117709
2021-06-21 10:07:43,6882.55,117728
2021-06-21 10:07:45,6882.55,117789
2021-06-21 10:07:45,6883.0,117824
2021-06-21 10:07:46,6881.65,117829
2021-06-21 10:07:48,6881.7,117839
2021-06-21 10:07:49,6881.7,117844
2021-06-21 10:07:51,6881.7,117875
2021-06-21 10:07:50,6881.7,117875
2021-06-21 10:07:52,6881.7,117875
2021-06-21 10:07:53,6881.65,117878
2021-06-21 10:07:54,6881.65,117878
2021-06-21 10:07:55,6880.75,117893
2021-06-21 10:07:56,6880.75,117893
2021-06-21 10:07:57,6880.75,117894
2021-06-21 10:07:57,6880.75,117894
2021-06-21 10:07:58,6880.75,117894
2021-06-21 10:07:59,6881.2,117897
2021-06-21 10:08:01,6880.75,117917
2021-06-21 10:08:02,6880.75,117917
2021-06-21 10:08:03,6880.75,117917
2021-06-21 10:08:04,6880.75,117917
2021-06-21 10:08:05,6881.15,117934
2021-06-21 10:08:06,6881.15,117934
2021-06-21 10:08:07,6883.9,117984
2021-06-21 10:08:08,6885.05,117998
2021-06-21 10:08:08,6885.05,117998
2021-06-21 10:08:10,6885.05,117998
2021-06-21 10:08:11,6885.0,118007
2021-06-21 10:08:12,6885.0,118007
2021-06-21 10:08:13,6885.0,118007
2021-06-21 10:08:14,6885.0,118008
2021-06-21 10:08:15,6885.0,118012
2021-06-21 10:08:16,6885.0,118012
2021-06-21 10:08:17,6884.35,118014
2021-06-21 10:08:18,6884.35,118015
2021-06-21 10:08:19,6884.35,118015
2021-06-21 10:08:20,6884.35,118017
2021-06-21 10:08:21,6884.85,118045
2021-06-21 10:08:22,6884.85,118045
2021-06-21 10:08:23,6885.55,118047
2021-06-21 10:08:24,6885.55,118047
2021-06-21 10:08:24,6885.55,118047
2021-06-21 10:08:26,6887.15,118050
2021-06-21 10:08:27,6887.15,118050
2021-06-21 10:08:28,6887.15,118052
2021-06-21 10:08:29,6887.15,118052
2021-06-21 10:08:30,6887.15,118052
2021-06-21 10:08:31,6885.8,118056
2021-06-21 10:08:32,6887.15,118061
2021-06-21 10:08:33,6885.0,118162
2021-06-21 10:08:34,6884.95,118264
2021-06-21 10:08:35,6884.0,118284
2021-06-21 10:08:35,6884.0,118284
2021-06-21 10:08:36,6884.35,118302
2021-06-21 10:08:37,6884.0,118308
2021-06-21 10:08:39,6887.15,118448
2021-06-21 10:08:40,6885.45,118449
2021-06-21 10:08:41,6883.0,118474
2021-06-21 10:08:42,6885.45,118478
2021-06-21 10:08:42,6885.45,118478
2021-06-21 10:08:44,6884.5,118488
2021-06-21 10:08:46,6885.2,118491
2021-06-21 10:08:47,6884.35,118492
2021-06-21 10:08:48,6884.35,118492
2021-06-21 10:08:49,6884.35,118492
2021-06-21 10:08:50,6885.2,118495
2021-06-21 10:08:51,6885.2,118497
2021-06-21 10:08:52,6885.2,118498
2021-06-21 10:08:52,6885.2,118498
2021-06-21 10:08:53,6885.2,118498
2021-06-21 10:08:54,6884.35,118510
2021-06-21 10:08:56,6884.35,118523
2021-06-21 10:08:57,6884.35,118528
2021-06-21 10:08:59,6884.3,118549
2021-06-21 10:09:00,6883.0,118556
2021-06-21 10:09:02,6885.25,118584
2021-06-21 10:09:03,6885.25,118585
2021-06-21 10:09:04,6884.55,118587
2021-06-21 10:09:04,6884.55,118587
2021-06-21 10:09:05,6887.15,118593
2021-06-21 10:09:07,6887.15,118593
2021-06-21 10:09:07,6886.9,118594
2021-06-21 10:09:09,6886.9,118595
2021-06-21 10:09:10,6886.9,118595
2021-06-21 10:09:11,6886.9,118595
2021-06-21 10:09:13,6885.6,118596
2021-06-21 10:09:14,6887.15,118646
2021-06-21 10:09:14,6887.15,118682
2021-06-21 10:09:15,6887.15,118682
