timestamp,ltp,volume
2021-06-21 09:16:41,119.35,486218
2021-06-21 09:16:41,119.35,486218
2021-06-21 09:16:42,119.3,486324
2021-06-21 09:16:43,119.4,494727
2021-06-21 09:16:44,119.4,494774
2021-06-21 09:16:45,119.55,494948
2021-06-21 09:16:46,119.5,495451
2021-06-21 09:16:47,119.5,495463
2021-06-21 09:16:48,119.6,506239
2021-06-21 09:16:49,119.55,506249
2021-06-21 09:16:51,119.6,512562
2021-06-21 09:16:52,119.6,512817
2021-06-21 09:16:53,119.5,512846
2021-06-21 09:16:54,119.55,513051
2021-06-21 09:16:55,119.5,523101
2021-06-21 09:16:56,119.5,528140
2021-06-21 09:16:57,119.5,528140
2021-06-21 09:16:59,119.5,529133
2021-06-21 09:16:58,119.5,529133
2021-06-21 09:17:00,119.75,546472
2021-06-21 09:17:01,119.75,546492
2021-06-21 09:17:03,119.75,546908
2021-06-21 09:17:04,119.65,547439
2021-06-21 09:17:05,119.7,547576
2021-06-21 09:17:07,119.75,548153
2021-06-21 09:17:09,119.75,549313
2021-06-21 09:17:11,119.65,550612
2021-06-21 09:17:12,119.65,552922
2021-06-21 09:17:13,119.65,554440
2021-06-21 09:17:14,119.65,554442
2021-06-21 09:17:15,119.65,556481
2021-06-21 09:17:17,119.6,557129
2021-06-21 09:17:18,119.75,571898
2021-06-21 09:17:20,119.75,572634
2021-06-21 09:17:21,119.65,572819
2021-06-21 09:17:22,119.65,573617
2021-06-21 09:17:23,119.65,582955
2021-06-21 09:17:24,119.6,583105
2021-06-21 09:17:25,119.55,591083
2021-06-21 09:17:26,119.55,591143
2021-06-21 09:17:27,119.65,592350
2021-06-21 09:17:28,119.6,592602
2021-06-21 09:17:29,119.65,594878
2021-06-21 09:17:30,119.6,594905
2021-06-21 09:17:31,119.6,594958
2021-06-21 09:17:32,119.6,594959
2021-06-21 09:17:33,119.65,595208
2021-06-21 09:17:34,119.65,595250
2021-06-21 09:17:35,119.7,602175
2021-06-21 09:17:36,119.6,602177
2021-06-21 09:17:37,119.65,602283
2021-06-21 09:17:38,119.6,613593
2021-06-21 09:17:39,119.6,613811
2021-06-21 09:17:40,119.5,613937
2021-06-21 09:17:41,119.45,615339
2021-06-21 09:17:42,119.55,615965
2021-06-21 09:17:43,119.5,616184
2021-06-21 09:17:44,119.5,619531
2021-06-21 09:17:45,119.55,621068
2021-06-21 09:17:46,119.65,624176
2021-06-21 09:17:47,119.7,624178
2021-06-21 09:17:48,119.7,624675
2021-06-21 09:17:49,119.55,637494
2021-06-21 09:17:50,119.55,637521
2021-06-21 09:17:51,119.65,637716
2021-06-21 09:17:52,119.6,637881
2021-06-21 09:17:53,119.6,637881
2021-06-21 09:17:54,119.65,638391
2021-06-21 09:17:55,119.65,643995
2021-06-21 09:17:57,119.6,643997
2021-06-21 09:17:58,119.7,644300
2021-06-21 09:17:59,119.7,645322
2021-06-21 09:17:59,119.7,645322
2021-06-21 09:18:00,119.7,649402
2021-06-21 09:18:01,119.65,657378
2021-06-21 09:18:02,119.65,657379
2021-06-21 09:18:03,119.7,668154
2021-06-21 09:18:04,119.6,683555
2021-06-21 09:18:05,119.7,684106
2021-06-21 09:18:06,119.75,684939
2021-06-21 09:18:07,119.75,688095
2021-06-21 09:18:08,119.8,688112
2021-06-21 09:18:09,119.8,688112
2021-06-21 09:18:10,119.85,688136
2021-06-21 09:18:11,119.8,688306
2021-06-21 09:18:12,119.85,688711
2021-06-21 09:18:13,119.85,688781
2021-06-21 09:18:14,119.85,688781
2021-06-21 09:18:15,119.95,691542
2021-06-21 09:18:16,119.8,694025
2021-06-21 09:18:17,120.0,697534
2021-06-21 09:18:18,119.95,714098
2021-06-21 09:18:19,120.15,716026
2021-06-21 09:18:20,120.0,717027
2021-06-21 09:18:22,120.1,717178
2021-06-21 09:18:22,120.0,717328
2021-06-21 09:18:23,120.0,717333
2021-06-21 09:18:24,120.1,717445
2021-06-21 09:18:25,120.1,718475
2021-06-21 09:18:26,120.0,718680
2021-06-21 09:18:27,120.0,718682
2021-06-21 09:18:28,120.15,719285
2021-06-21 09:18:31,120.05,720378
2021-06-21 09:18:32,120.1,720833
2021-06-21 09:18:32,120.1,720833
2021-06-21 09:18:33,120.0,721827
2021-06-21 09:18:34,120.05,724040
2021-06-21 09:18:35,120.15,725643
2021-06-21 09:18:36,120.1,725818
2021-06-21 09:18:37,120.0,726308
2021-06-21 09:18:38,120.05,726360
2021-06-21 09:18:39,120.1,726520
2021-06-21 09:18:40,120.2,729028
2021-06-21 09:18:41,120.2,729130
2021-06-21 09:18:42,120.1,729132
2021-06-21 09:18:44,120.1,730384
2021-06-21 09:18:45,120.1,730797
2021-06-21 09:18:45,120.1,730797
2021-06-21 09:18:46,120.1,733317
2021-06-21 09:18:47,120.1,734535
2021-06-21 09:18:48,120.25,734573
2021-06-21 09:18:49,120.15,734582
2021-06-21 09:18:50,120.15,743020
2021-06-21 09:18:51,120.15,745077
2021-06-21 09:18:52,120.25,745305
2021-06-21 09:18:54,120.15,745308
2021-06-21 09:18:54,120.15,745308
2021-06-21 09:18:55,120.2,746010
2021-06-21 09:18:56,120.1,746694
2021-06-21 09:18:57,120.1,746994
2021-06-21 09:18:58,120.2,747347
2021-06-21 09:18:59,120.15,747852
2021-06-21 09:19:00,120.2,748253
2021-06-21 09:19:02,120.3,764432
2021-06-21 09:19:03,120.3,764692
2021-06-21 09:19:04,120.4,764949
2021-06-21 09:19:05,120.25,765350
2021-06-21 09:19:06,120.35,765751
2021-06-21 09:19:07,120.25,766863
2021-06-21 09:19:08,120.4,766864
2021-06-21 09:19:09,120.4,766925
2021-06-21 09:19:10,120.35,768620
2021-06-21 09:19:11,120.35,768703
2021-06-21 09:19:12,120.3,769072
2021-06-21 09:19:13,120.3,769139
2021-06-21 09:19:14,120.25,770677
2021-06-21 09:19:15,120.35,771944
2021-06-21 09:19:16,120.35,774330
2021-06-21 09:19:17,120.35,775331
2021-06-21 09:19:19,120.4,778832
2021-06-21 09:19:20,120.3,779827
2021-06-21 09:19:21,120.3,785936
2021-06-21 09:19:22,120.3,791490
2021-06-21 09:19:23,120.35,791535
2021-06-21 09:19:24,120.35,794636
2021-06-21 09:19:24,120.4,794617
2021-06-21 09:19:25,120.3,795433
2021-06-21 09:19:26,120.35,795731
2021-06-21 09:19:27,120.35,799764
2021-06-21 09:19:29,120.4,800774
2021-06-21 09:19:30,120.4,802812
2021-06-21 09:19:31,120.4,802825
2021-06-21 09:19:31,120.4,802825
2021-06-21 09:19:32,120.35,804452
2021-06-21 09:19:33,120.4,804952
2021-06-21 09:19:34,120.4,805203
2021-06-21 09:19:35,120.3,806805
2021-06-21 09:19:36,120.4,807521
2021-06-21 09:19:37,120.45,813943
2021-06-21 09:19:38,120.4,815951
2021-06-21 09:19:39,120.5,821499
2021-06-21 09:19:41,120.5,826494
2021-06-21 09:19:42,120.5,827121
2021-06-21 09:19:43,120.5,827339
2021-06-21 09:19:44,120.45,828047
2021-06-21 09:19:45,120.45,830229
2021-06-21 09:19:46,120.5,839369
2021-06-21 09:19:47,120.4,842216
2021-06-21 09:19:49,120.4,843829
2021-06-21 09:19:51,120.4,844360
2021-06-21 09:19:52,120.4,844604
2021-06-21 09:19:53,120.25,864842
2021-06-21 09:19:54,120.25,866744
2021-06-21 09:19:55,120.35,867013
2021-06-21 09:19:56,120.35,868450
2021-06-21 09:19:57,120.35,869105
2021-06-21 09:19:58,120.35,869458
2021-06-21 09:19:59,120.45,870098
2021-06-21 09:20:00,120.5,870500
2021-06-21 09:20:01,120.35,871692
2021-06-21 09:20:02,120.4,877816
2021-06-21 09:20:02,120.4,877816
2021-06-21 09:20:03,120.3,882444
2021-06-21 09:20:04,120.4,883093
2021-06-21 09:20:05,120.4,883345
2021-06-21 09:20:06,120.3,895185
2021-06-21 09:20:07,120.2,897047
2021-06-21 09:20:08,120.25,901852
2021-06-21 09:20:09,120.15,902626
2021-06-21 09:20:10,120.15,902898
2021-06-21 09:20:11,120.3,912882
2021-06-21 09:20:14,120.15,913094
2021-06-21 09:20:15,120.2,913811
2021-06-21 09:20:16,120.25,914117
2021-06-21 09:20:16,120.25,914117
2021-06-21 09:20:18,120.15,917877
2021-06-21 09:20:18,120.1,934206
2021-06-21 09:20:20,120.1,935570
2021-06-21 09:20:21,120.1,936374
2021-06-21 09:20:22,120.1,936399
2021-06-21 09:20:23,120.1,936519
2021-06-21 09:20:24,120.0,942038
2021-06-21 09:20:24,120.05,943614
2021-06-21 09:20:26,120.1,944272
2021-06-21 09:20:26,120.1,944272
2021-06-21 09:20:28,120.25,948754
2021-06-21 09:20:29,120.2,959604
2021-06-21 09:20:30,120.2,960629
2021-06-21 09:20:30,120.2,960629
2021-06-21 09:20:31,120.2,960629
2021-06-21 09:20:32,120.2,960640
2021-06-21 09:20:33,120.2,961428
2021-06-21 09:20:34,120.25,961451
2021-06-21 09:20:35,120.2,962521
2021-06-21 09:20:36,120.2,963301
2021-06-21 09:20:37,120.2,963402
2021-06-21 09:20:38,120.1,964504
2021-06-21 09:20:39,120.1,964504
2021-06-21 09:20:40,120.1,964504
2021-06-21 09:20:41,120.1,964504
2021-06-21 09:20:42,120.1,964745
2021-06-21 09:20:43,120.2,967427
2021-06-21 09:20:44,120.1,967442
2021-06-21 09:20:45,120.2,967806
2021-06-21 09:20:46,120.2,968676
2021-06-21 09:20:47,120.25,970578
2021-06-21 09:20:49,120.25,970593
2021-06-21 09:20:50,120.25,972604
2021-06-21 09:20:51,120.15,974224
2021-06-21 09:20:52,120.2,975424
2021-06-21 09:20:52,120.2,975440
2021-06-21 09:20:53,120.2,975683
2021-06-21 09:20:54,120.2,975693
2021-06-21 09:20:55,120.15,979025
2021-06-21 09:20:56,120.15,979098
2021-06-21 09:20:57,120.2,980597
2021-06-21 09:20:58,120.2,982461
2021-06-21 09:20:59,120.2,984066
2021-06-21 09:21:00,120.2,985611
2021-06-21 09:21:01,120.2,986274
2021-06-21 09:21:02,120.15,986338
2021-06-21 09:21:03,120.2,986432
2021-06-21 09:21:04,120.2,986432
2021-06-21 09:21:05,120.3,990074
2021-06-21 09:21:06,120.35,991196
2021-06-21 09:21:07,120.25,991669
2021-06-21 09:21:08,120.25,991734
2021-06-21 09:21:09,120.2,992013
2021-06-21 09:21:10,120.3,992023
2021-06-21 09:21:11,120.25,994023
2021-06-21 09:21:13,120.3,1000905
2021-06-21 09:21:14,120.3,1000978
2021-06-21 09:21:15,120.35,1003035
2021-06-21 09:21:16,120.35,1003949
2021-06-21 09:21:17,120.35,1004087
2021-06-21 09:21:18,120.3,1004270
2021-06-21 09:21:19,120.35,1004485
2021-06-21 09:21:20,120.3,1004661
2021-06-21 09:21:21,120.25,1007191
2021-06-21 09:21:22,120.35,1008204
2021-06-21 09:21:23,120.25,1008339
2021-06-21 09:21:24,120.35,1009256
2021-06-21 09:21:25,120.35,1009856
2021-06-21 09:21:26,120.3,1009929
2021-06-21 09:21:28,120.25,1010149
2021-06-21 09:21:29,120.3,1010699
2021-06-21 09:21:30,120.25,1011212
2021-06-21 09:21:31,120.25,1011523
2021-06-21 09:21:32,120.25,1014487
2021-06-21 09:21:33,120.25,1014487
2021-06-21 09:21:34,120.35,1014760
2021-06-21 09:21:35,120.25,1015849
2021-06-21 09:21:36,120.2,1017708
2021-06-21 09:21:37,120.35,1022837
2021-06-21 09:21:38,120.3,1022910
2021-06-21 09:21:39,120.3,1023283
2021-06-21 09:21:39,120.3,1023283
2021-06-21 09:21:41,120.4,1023599
2021-06-21 09:21:42,120.3,1027172
2021-06-21 09:21:43,120.3,1027285
2021-06-21 09:21:44,120.3,1037263
2021-06-21 09:21:45,120.25,1037953
2021-06-21 09:21:46,120.25,1038304
2021-06-21 09:21:47,120.3,1053152
2021-06-21 09:21:48,120.3,1053400
2021-06-21 09:21:49,120.3,1053455
2021-06-21 09:21:50,120.35,1064999
2021-06-21 09:21:51,120.45,1065154
2021-06-21 09:21:52,120.35,1065331
2021-06-21 09:21:56,120.4,1067381
2021-06-21 09:22:02,120.5,1087683
2021-06-21 09:22:08,120.5,1094574
2021-06-21 09:22:13,120.65,1104812
2021-06-21 09:22:19,120.7,1122637
2021-06-21 09:22:25,120.7,1137815
2021-06-21 09:22:30,120.7,1143869
2021-06-21 09:22:36,120.7,1154370
2021-06-21 09:22:42,120.7,1164070
2021-06-21 09:22:48,120.7,1170963
2021-06-21 09:22:53,120.85,1180091
2021-06-21 09:22:59,121.0,1206300
2021-06-21 09:23:05,121.1,1222512
2021-06-21 09:23:11,121.1,1226513
2021-06-21 09:23:16,120.95,1246631
2021-06-21 09:23:22,120.95,1269047
2021-06-21 09:23:27,121.1,1273797
2021-06-21 09:23:33,121.15,1295389
2021-06-21 09:23:38,121.3,1300737
2021-06-21 09:23:44,121.4,1306707
2021-06-21 09:23:49,121.4,1323396
2021-06-21 09:23:55,121.5,1357550
2021-06-21 09:24:00,121.35,1374117
2021-06-21 09:24:06,121.15,1388369
2021-06-21 09:24:11,121.2,1404634
2021-06-21 09:24:17,121.1,1414370
2021-06-21 09:24:23,121.0,1500671
2021-06-21 09:24:29,121.15,1511212
2021-06-21 09:24:34,121.25,1533876
2021-06-21 09:24:40,121.35,1538708
2021-06-21 09:24:46,121.4,1552130
2021-06-21 09:24:51,121.4,1563715
2021-06-21 09:24:57,121.45,1632874
2021-06-21 09:25:03,121.55,1694893
2021-06-21 09:25:09,121.65,1712511
2021-06-21 09:25:14,121.6,1731710
2021-06-21 09:25:25,121.55,1751896
2021-06-21 09:25:31,121.65,1771249
2021-06-21 09:25:37,121.7,1779613
2021-06-21 09:25:42,121.55,1785907
2021-06-21 09:25:48,121.55,1816241
2021-06-21 09:25:54,121.6,1820420
2021-06-21 09:25:59,121.6,1824090
2021-06-21 09:26:05,121.6,1834095
2021-06-21 09:26:10,121.55,1842670
2021-06-21 09:26:15,121.45,1850805
2021-06-21 09:26:21,121.55,1893237
2021-06-21 09:26:27,121.35,1915680
2021-06-21 09:26:32,121.45,1919517
2021-06-21 09:26:38,121.5,1932750
2021-06-21 09:26:43,121.5,1935335
2021-06-21 09:26:49,121.5,1938067
2021-06-21 09:26:53,121.7,1963175
2021-06-21 09:26:54,121.6,1963800
2021-06-21 09:26:55,121.6,1964472
2021-06-21 09:26:56,121.7,1966837
2021-06-21 09:26:57,121.6,1977215
2021-06-21 09:26:58,121.65,1977793
2021-06-21 09:26:59,121.6,1977826
2021-06-21 09:27:00,121.6,1978083
2021-06-21 09:27:01,121.6,1978386
2021-06-21 09:27:02,121.6,1980307
2021-06-21 09:27:03,121.65,1980954
2021-06-21 09:27:04,121.7,1981609
2021-06-21 09:27:05,121.65,1982309
2021-06-21 09:27:06,121.75,1982477
2021-06-21 09:27:07,121.75,1983136
2021-06-21 09:27:08,121.65,1983181
2021-06-21 09:27:09,121.7,1986888
2021-06-21 09:27:10,121.75,1998806
2021-06-21 09:27:11,121.85,2001627
2021-06-21 09:27:12,121.75,2008606
2021-06-21 09:27:13,121.8,2008721
2021-06-21 09:27:19,121.75,2014142
2021-06-21 09:27:20,121.8,2015432
2021-06-21 09:27:21,121.8,2028905
2021-06-21 09:27:22,121.75,2039759
2021-06-21 09:27:23,121.8,2041914
2021-06-21 09:27:24,121.85,2042536
2021-06-21 09:27:26,121.7,2052996
2021-06-21 09:27:27,121.8,2053096
2021-06-21 09:27:29,121.75,2053939
2021-06-21 09:27:30,121.75,2062817
2021-06-21 09:27:31,121.75,2068004
2021-06-21 09:27:32,121.8,2068024
2021-06-21 09:27:33,121.9,2072160
2021-06-21 09:27:34,121.8,2072196
2021-06-21 09:27:35,121.8,2073998
2021-06-21 09:27:36,121.9,2074015
2021-06-21 09:27:37,121.95,2080608
2021-06-21 09:27:38,121.85,2084753
2021-06-21 09:27:39,121.95,2084868
2021-06-21 09:27:40,121.95,2085803
2021-06-21 09:27:41,121.9,2097324
2021-06-21 09:27:42,121.9,2101982
2021-06-21 09:27:43,121.9,2104080
2021-06-21 09:27:44,121.8,2125618
2021-06-21 09:27:45,121.8,2126452
2021-06-21 09:27:46,121.8,2138359
2021-06-21 09:27:47,121.75,2139996
2021-06-21 09:27:48,121.75,2140209
2021-06-21 09:27:49,121.75,2140960
2021-06-21 09:27:50,121.8,2141074
2021-06-21 09:27:51,121.8,2143771
2021-06-21 09:27:52,121.8,2144410
2021-06-21 09:27:53,121.8,2147710
2021-06-21 09:27:54,121.7,2163559
2021-06-21 09:27:55,121.7,2163608
2021-06-21 09:27:56,121.75,2163983
2021-06-21 09:27:57,121.55,2176318
2021-06-21 09:27:59,121.7,2177838
2021-06-21 09:28:00,121.55,2181488
2021-06-21 09:28:01,121.6,2181554
2021-06-21 09:28:02,121.65,2182766
2021-06-21 09:28:03,121.55,2182846
2021-06-21 09:28:04,121.65,2182856
2021-06-21 09:28:05,121.7,2183351
2021-06-21 09:28:06,121.75,2184756
2021-06-21 09:28:07,121.7,2186175
2021-06-21 09:28:08,121.8,2189195
2021-06-21 09:28:09,121.7,2191339
2021-06-21 09:28:10,121.8,2197071
2021-06-21 09:28:11,121.8,2197071
2021-06-21 09:28:12,121.7,2198199
2021-06-21 09:28:13,121.8,2198661
2021-06-21 09:28:14,121.8,2198661
2021-06-21 09:28:15,121.8,2198772
2021-06-21 09:28:16,121.8,2198805
2021-06-21 09:28:17,121.8,2198906
2021-06-21 09:28:18,121.8,2200958
2021-06-21 09:28:19,121.8,2202594
2021-06-21 09:28:20,121.75,2207364
2021-06-21 09:28:21,121.75,2207552
2021-06-21 09:28:22,121.75,2210952
2021-06-21 09:28:23,121.7,2211611
2021-06-21 09:28:24,121.75,2211791
2021-06-21 09:28:25,121.7,2212378
2021-06-21 09:28:26,121.7,2212632
2021-06-21 09:28:27,121.7,2218866
2021-06-21 09:28:28,121.7,2220066
2021-06-21 09:28:29,121.7,2221434
2021-06-21 09:28:30,121.7,2221522
2021-06-21 09:28:31,121.7,2223828
2021-06-21 09:28:32,121.7,2223828
2021-06-21 09:28:33,121.7,2224488
2021-06-21 09:28:34,121.7,2224990
2021-06-21 09:28:35,121.65,2225163
2021-06-21 09:28:36,121.65,2225371
2021-06-21 09:28:37,121.65,2225831
2021-06-21 09:28:38,121.7,2225974
2021-06-21 09:28:39,121.7,2226589
2021-06-21 09:28:40,121.7,2226889
2021-06-21 09:28:41,121.7,2227179
2021-06-21 09:28:42,121.6,2228555
2021-06-21 09:28:44,121.65,2231679
2021-06-21 09:28:45,121.6,2232291
2021-06-21 09:28:46,121.65,2232792
2021-06-21 09:28:48,121.65,2233226
2021-06-21 09:28:49,121.7,2234025
2021-06-21 09:28:49,121.6,2233526
2021-06-21 09:28:51,121.7,2237111
2021-06-21 09:28:52,121.6,2238971
2021-06-21 09:28:53,121.7,2239692
2021-06-21 09:28:55,121.7,2242380
2021-06-21 09:28:55,121.7,2242380
2021-06-21 09:28:56,121.7,2242599
2021-06-21 09:28:57,121.6,2243134
2021-06-21 09:28:58,121.6,2243184
2021-06-21 09:28:59,121.7,2243284
2021-06-21 09:29:00,121.6,2243378
2021-06-21 09:29:01,121.65,2243828
2021-06-21 09:29:02,121.65,2244048
2021-06-21 09:29:04,121.65,2244152
2021-06-21 09:29:05,121.65,2244266
2021-06-21 09:29:11,121.5,2273566
2021-06-21 09:29:12,121.5,2278716
2021-06-21 09:29:13,121.6,2278741
2021-06-21 09:29:14,121.5,2278766
2021-06-21 09:29:15,121.5,2279619
2021-06-21 09:29:17,121.5,2279973
2021-06-21 09:29:18,121.45,2280513
2021-06-21 09:29:19,121.55,2281813
2021-06-21 09:29:21,121.55,2281915
2021-06-21 09:29:21,121.5,2281978
2021-06-21 09:29:23,121.5,2284375
2021-06-21 09:29:24,121.5,2284416
2021-06-21 09:29:24,121.5,2284416
2021-06-21 09:29:26,121.4,2292306
2021-06-21 09:29:26,121.45,2292307
2021-06-21 09:29:27,121.45,2294488
2021-06-21 09:29:29,121.35,2294823
2021-06-21 09:29:30,121.35,2300066
2021-06-21 09:29:30,121.3,2301375
2021-06-21 09:29:31,121.3,2301375
2021-06-21 09:29:33,121.3,2303977
2021-06-21 09:29:33,121.3,2304485
2021-06-21 09:29:34,121.4,2305588
2021-06-21 09:29:35,121.3,2307421
2021-06-21 09:29:36,121.4,2307486
2021-06-21 09:29:37,121.35,2309169
2021-06-21 09:29:38,121.4,2309205
2021-06-21 09:29:39,121.45,2310000
2021-06-21 09:29:40,121.4,2310362
2021-06-21 09:29:41,121.35,2310371
2021-06-21 09:29:42,121.35,2311561
2021-06-21 09:29:44,121.45,2311963
2021-06-21 09:29:44,121.35,2311970
2021-06-21 09:29:46,121.5,2314175
2021-06-21 09:29:46,121.4,2316730
2021-06-21 09:29:47,121.4,2317586
2021-06-21 09:29:49,121.3,2355176
2021-06-21 09:29:51,121.3,2355719
2021-06-21 09:29:52,121.35,2356570
2021-06-21 09:29:53,121.35,2356751
2021-06-21 09:29:54,121.3,2358156
2021-06-21 09:29:55,121.35,2363817
2021-06-21 09:29:56,121.4,2366733
2021-06-21 09:29:56,121.3,2366852
2021-06-21 09:29:57,121.4,2380428
2021-06-21 09:29:58,121.45,2381988
2021-06-21 09:29:59,121.45,2381988
2021-06-21 09:30:01,121.45,2382097
2021-06-21 09:30:02,121.4,2389388
2021-06-21 09:30:03,121.4,2389943
2021-06-21 09:30:04,121.4,2389944
2021-06-21 09:30:05,121.35,2391331
2021-06-21 09:30:06,121.4,2395723
2021-06-21 09:30:07,121.3,2398461
2021-06-21 09:30:08,121.4,2402287
2021-06-21 09:30:09,121.35,2402469
2021-06-21 09:30:09,121.35,2404242
2021-06-21 09:30:11,121.35,2405546
2021-06-21 09:30:11,121.3,2406056
2021-06-21 09:30:12,121.3,2409395
2021-06-21 09:30:13,121.25,2409671
2021-06-21 09:30:14,121.3,2409980
2021-06-21 09:30:15,121.2,2410140
2021-06-21 09:30:16,121.2,2415009
2021-06-21 09:30:17,121.25,2416863
2021-06-21 09:30:18,121.25,2417005
2021-06-21 09:30:19,121.25,2417026
2021-06-21 09:30:20,121.05,2422960
2021-06-21 09:30:21,121.1,2425260
2021-06-21 09:30:22,121.05,2429860
2021-06-21 09:30:23,121.1,2432468
2021-06-21 09:30:24,121.1,2432733
2021-06-21 09:30:25,121.0,2432881
2021-06-21 09:30:26,121.0,2433521
2021-06-21 09:30:27,120.95,2473328
2021-06-21 09:30:28,120.95,2475715
2021-06-21 09:30:29,120.95,2481820
2021-06-21 09:30:30,120.95,2491627
2021-06-21 09:30:31,120.95,2495419
2021-06-21 09:30:32,121.0,2499512
2021-06-21 09:30:33,121.05,2502263
2021-06-21 09:30:34,121.1,2508015
2021-06-21 09:30:35,121.1,2508116
2021-06-21 09:30:36,121.1,2508580
2021-06-21 09:30:37,121.0,2510669
2021-06-21 09:30:38,121.05,2510803
2021-06-21 09:30:39,121.1,2511238
2021-06-21 09:30:40,121.1,2511939
2021-06-21 09:30:41,121.1,2516011
2021-06-21 09:30:42,121.0,2520404
2021-06-21 09:30:43,121.0,2521953
2021-06-21 09:30:44,120.95,2530749
2021-06-21 09:30:45,120.95,2531550
2021-06-21 09:30:46,120.95,2540540
2021-06-21 09:30:47,120.85,2541047
2021-06-21 09:30:48,120.95,2543071
2021-06-21 09:30:49,120.95,2544882
2021-06-21 09:30:51,120.95,2545684
2021-06-21 09:30:51,120.95,2545694
2021-06-21 09:30:52,120.95,2545700
2021-06-21 09:30:53,120.9,2545775
2021-06-21 09:30:54,120.85,2546362
2021-06-21 09:30:55,120.9,2552769
2021-06-21 09:30:57,120.95,2552829
2021-06-21 09:30:58,120.95,2557016
2021-06-21 09:30:59,120.9,2558358
2021-06-21 09:31:00,120.95,2559379
2021-06-21 09:31:00,120.9,2559432
2021-06-21 09:31:02,120.95,2561502
2021-06-21 09:31:02,120.95,2561812
2021-06-21 09:31:03,120.9,2561996
2021-06-21 09:31:04,120.9,2563198
2021-06-21 09:31:05,120.85,2563562
2021-06-21 09:31:07,120.85,2569068
2021-06-21 09:31:07,120.95,2569238
2021-06-21 09:31:08,120.95,2569538
2021-06-21 09:31:10,120.95,2574303
2021-06-21 09:31:11,120.9,2578465
2021-06-21 09:31:12,120.9,2579085
2021-06-21 09:31:13,120.9,2582854
2021-06-21 09:31:13,120.9,2582854
2021-06-21 09:31:14,120.95,2583013
2021-06-21 09:31:15,121.0,2585616
2021-06-21 09:31:18,120.95,2589611
2021-06-21 09:31:18,120.85,2589812
2021-06-21 09:31:20,120.95,2590177
2021-06-21 09:31:21,121.15,2646304
2021-06-21 09:31:21,121.2,2646604
2021-06-21 09:31:22,121.15,2650105
2021-06-21 09:31:23,121.25,2665721
2021-06-21 09:31:24,121.2,2681140
2021-06-21 09:31:25,121.2,2681243
2021-06-21 09:31:26,121.35,2691818
2021-06-21 09:31:27,121.25,2692458
2021-06-21 09:31:28,121.25,2692970
2021-06-21 09:31:29,121.25,2693196
2021-06-21 09:31:31,121.25,2696668
2021-06-21 09:31:31,121.35,2706584
2021-06-21 09:31:32,121.25,2709125
2021-06-21 09:31:33,121.25,2710177
2021-06-21 09:31:34,121.3,2710888
2021-06-21 09:31:35,121.25,2714813
2021-06-21 09:31:36,121.35,2715313
2021-06-21 09:31:37,121.3,2715681
2021-06-21 09:31:38,121.3,2715921
2021-06-21 09:31:39,121.3,2716175
2021-06-21 09:31:40,121.3,2716189
2021-06-21 09:31:41,121.4,2732646
2021-06-21 09:31:42,121.3,2736006
2021-06-21 09:31:43,121.35,2736818
2021-06-21 09:31:44,121.4,2736850
2021-06-21 09:31:45,121.3,2740187
2021-06-21 09:31:46,121.3,2740187
2021-06-21 09:31:47,121.35,2740913
2021-06-21 09:31:49,121.35,2740996
2021-06-21 09:31:50,121.3,2741056
2021-06-21 09:31:51,121.35,2745026
2021-06-21 09:31:52,121.35,2745226
2021-06-21 09:31:53,121.35,2761178
2021-06-21 09:31:54,121.35,2761178
2021-06-21 09:31:55,121.35,2761178
2021-06-21 09:31:56,121.3,2761639
2021-06-21 09:31:57,121.3,2761742
2021-06-21 09:31:58,121.35,2761788
2021-06-21 09:31:58,121.35,2762038
2021-06-21 09:31:59,121.35,2762153
2021-06-21 09:32:00,121.25,2763343
2021-06-21 09:32:01,121.25,2763895
2021-06-21 09:32:02,121.25,2764303
2021-06-21 09:32:03,121.35,2765188
2021-06-21 09:32:04,121.35,2765489
2021-06-21 09:32:06,121.35,2767940
2021-06-21 09:32:07,121.35,2767942
2021-06-21 09:32:08,121.35,2776361
2021-06-21 09:32:09,121.35,2776496
2021-06-21 09:32:10,121.35,2776496
2021-06-21 09:32:11,121.4,2780205
2021-06-21 09:32:12,121.4,2780501
2021-06-21 09:32:13,121.4,2780502
2021-06-21 09:32:14,121.45,2811270
2021-06-21 09:32:15,121.4,2811968
2021-06-21 09:32:16,121.4,2830084
2021-06-21 09:32:17,121.5,2831882
2021-06-21 09:32:18,121.4,2831903
2021-06-21 09:32:19,121.45,2831931
2021-06-21 09:32:20,121.45,2833183
2021-06-21 09:32:21,121.5,2833893
2021-06-21 09:32:23,121.45,2855035
2021-06-21 09:32:24,121.5,2864950
2021-06-21 09:32:25,121.5,2864971
2021-06-21 09:32:25,121.5,2864971
2021-06-21 09:32:28,121.4,2871647
2021-06-21 09:32:29,121.4,2871692
2021-06-21 09:32:29,121.4,2871692
2021-06-21 09:32:30,121.5,2875096
2021-06-21 09:32:31,121.45,2875764
2021-06-21 09:32:33,121.5,2891293
2021-06-21 09:32:34,121.4,2898349
2021-06-21 09:32:35,121.5,2920566
2021-06-21 09:32:36,121.5,2921099
2021-06-21 09:32:38,121.45,2940246
2021-06-21 09:32:39,121.5,2940577
2021-06-21 09:32:39,121.5,2940577
2021-06-21 09:32:40,121.45,2944181
2021-06-21 09:32:41,121.45,2944591
2021-06-21 09:32:43,121.5,2944704
2021-06-21 09:32:43,121.5,2944704
2021-06-21 09:32:45,121.45,2962069
2021-06-21 09:32:46,121.4,2965821
2021-06-21 09:32:47,121.45,2967576
2021-06-21 09:32:47,121.45,2967602
2021-06-21 09:32:48,121.4,2967700
2021-06-21 09:32:50,121.45,2967811
2021-06-21 09:32:51,121.45,2967818
2021-06-21 09:32:52,121.45,2967950
2021-06-21 09:32:52,121.45,2967950
2021-06-21 09:32:54,121.4,2969230
2021-06-21 09:32:55,121.4,2969233
2021-06-21 09:32:57,121.5,2973369
2021-06-21 09:32:58,121.55,2975796
2021-06-21 09:32:58,121.5,2978846
2021-06-21 09:33:00,121.45,2981136
2021-06-21 09:33:01,121.45,2983476
2021-06-21 09:33:02,121.5,2984891
2021-06-21 09:33:04,121.5,2985346
2021-06-21 09:33:05,121.45,2986458
2021-06-21 09:33:06,121.55,2993464
2021-06-21 09:33:07,121.55,2997183
2021-06-21 09:33:08,121.5,3007186
2021-06-21 09:33:09,121.5,3007186
2021-06-21 09:33:10,121.6,3007227
2021-06-21 09:33:11,121.55,3007878
2021-06-21 09:33:12,121.55,3008904
2021-06-21 09:33:13,121.55,3009041
2021-06-21 09:33:14,121.55,3009353
2021-06-21 09:33:15,121.5,3014904
2021-06-21 09:33:15,121.5,3022537
2021-06-21 09:33:16,121.5,3022795
2021-06-21 09:33:17,121.45,3026369
2021-06-21 09:33:18,121.5,3028364
2021-06-21 09:33:19,121.5,3034062
2021-06-21 09:33:20,121.5,3036551
2021-06-21 09:33:21,121.5,3037062
2021-06-21 09:33:22,121.55,3038032
2021-06-21 09:33:24,121.45,3038441
2021-06-21 09:33:25,121.5,3039848
2021-06-21 09:33:26,121.5,3039868
2021-06-21 09:33:27,121.5,3040192
2021-06-21 09:33:28,121.5,3040724
2021-06-21 09:33:29,121.6,3047671
2021-06-21 09:33:30,121.5,3048587
2021-06-21 09:33:32,121.5,3048918
2021-06-21 09:33:33,121.5,3049068
2021-06-21 09:33:34,121.45,3049164
2021-06-21 09:33:34,121.5,3049204
2021-06-21 09:33:35,121.45,3049254
2021-06-21 09:33:36,121.45,3049634
2021-06-21 09:33:37,121.5,3049834
2021-06-21 09:33:38,121.5,3049836
2021-06-21 09:33:39,121.65,3059250
2021-06-21 09:33:40,121.55,3059314
2021-06-21 09:33:41,121.6,3060324
2021-06-21 09:33:42,121.55,3060626
2021-06-21 09:33:43,121.55,3061156
2021-06-21 09:33:45,121.55,3061292
2021-06-21 09:33:46,121.5,3061355
2021-06-21 09:33:47,121.5,3061628
2021-06-21 09:33:48,121.55,3061938
2021-06-21 09:33:49,121.55,3061991
2021-06-21 09:33:50,121.55,3062736
2021-06-21 09:33:50,121.55,3062736
2021-06-21 09:33:51,121.5,3062741
2021-06-21 09:33:52,121.5,3062741
2021-06-21 09:33:53,121.6,3063041
2021-06-21 09:33:56,121.6,3063547
2021-06-21 09:33:56,121.5,3063948
2021-06-21 09:33:57,121.5,3064013
2021-06-21 09:33:58,121.55,3064249
2021-06-21 09:33:59,121.55,3064355
2021-06-21 09:34:00,121.5,3071986
2021-06-21 09:34:01,121.5,3072087
2021-06-21 09:34:03,121.5,3073127
2021-06-21 09:34:04,121.45,3073700
2021-06-21 09:34:05,121.5,3073911
2021-06-21 09:34:06,121.5,3073915
2021-06-21 09:34:08,121.5,3074373
2021-06-21 09:34:10,121.5,3074470
2021-06-21 09:34:11,121.45,3080497
2021-06-21 09:34:12,121.55,3080518
2021-06-21 09:34:12,121.55,3080518
2021-06-21 09:34:13,121.5,3080598
2021-06-21 09:34:14,121.55,3080602
2021-06-21 09:34:16,121.55,3080752
2021-06-21 09:34:17,121.45,3082792
2021-06-21 09:34:17,121.45,3082792
2021-06-21 09:34:18,121.5,3082856
2021-06-21 09:34:19,121.35,3087946
2021-06-21 09:34:20,121.4,3088396
2021-06-21 09:34:21,121.4,3088396
2021-06-21 09:34:22,121.4,3093499
2021-06-21 09:34:24,121.3,3093591
2021-06-21 09:34:25,121.4,3093665
2021-06-21 09:34:26,121.4,3095117
2021-06-21 09:34:27,121.45,3095129
2021-06-21 09:34:28,121.45,3095129
2021-06-21 09:34:29,121.45,3095276
2021-06-21 09:34:30,121.45,3095634
2021-06-21 09:34:31,121.45,3096166
2021-06-21 09:34:32,121.45,3096176
2021-06-21 09:34:33,121.45,3096787
2021-06-21 09:34:34,121.45,3097237
2021-06-21 09:34:35,121.4,3097587
2021-06-21 09:34:37,121.45,3097850
2021-06-21 09:34:38,121.45,3098294
2021-06-21 09:34:39,121.45,3098329
2021-06-21 09:34:40,121.5,3099584
2021-06-21 09:34:41,121.45,3100346
2021-06-21 09:34:42,121.45,3100347
2021-06-21 09:34:43,121.5,3100628
2021-06-21 09:34:44,121.5,3100628
2021-06-21 09:34:45,121.5,3100638
2021-06-21 09:34:46,121.45,3100900
2021-06-21 09:34:47,121.45,3101357
2021-06-21 09:34:49,121.5,3101854
2021-06-21 09:34:50,121.5,3101854
2021-06-21 09:34:50,121.45,3102456
2021-06-21 09:34:51,121.5,3102491
2021-06-21 09:34:52,121.55,3107493
2021-06-21 09:34:54,121.5,3110474
2021-06-21 09:34:55,121.5,3111077
2021-06-21 09:34:57,121.55,3111797
2021-06-21 09:34:58,121.5,3112134
2021-06-21 09:34:58,121.5,3112134
2021-06-21 09:35:00,121.5,3112506
2021-06-21 09:35:01,121.5,3112527
2021-06-21 09:35:02,121.55,3112699
2021-06-21 09:35:03,121.55,3113244
2021-06-21 09:35:05,121.55,3114355
2021-06-21 09:35:07,121.55,3117580
2021-06-21 09:35:07,121.5,3117585
2021-06-21 09:35:08,121.5,3117835
2021-06-21 09:35:09,121.55,3117852
2021-06-21 09:35:11,121.5,3117876
2021-06-21 09:35:12,121.5,3117876
2021-06-21 09:35:13,121.5,3117892
2021-06-21 09:35:14,121.45,3118129
2021-06-21 09:35:15,121.55,3131263
2021-06-21 09:35:16,121.5,3131321
2021-06-21 09:35:17,121.5,3132033
2021-06-21 09:35:17,121.5,3132098
2021-06-21 09:35:18,121.5,3132299
2021-06-21 09:35:20,121.5,3134344
2021-06-21 09:35:20,121.5,3134345
2021-06-21 09:35:21,121.55,3134346
2021-06-21 09:35:23,121.55,3134471
2021-06-21 09:35:24,121.5,3138058
2021-06-21 09:35:25,121.55,3143058
2021-06-21 09:35:26,121.5,3157807
2021-06-21 09:35:27,121.6,3158217
2021-06-21 09:35:28,121.55,3158262
2021-06-21 09:35:29,121.5,3158722
2021-06-21 09:35:30,121.55,3158855
2021-06-21 09:35:32,121.55,3159857
2021-06-21 09:35:33,121.55,3160897
2021-06-21 09:35:34,121.55,3161832
2021-06-21 09:35:35,121.5,3161878
2021-06-21 09:35:36,121.6,3165080
2021-06-21 09:35:37,121.6,3165080
2021-06-21 09:35:39,121.55,3166657
2021-06-21 09:35:39,121.6,3167157
2021-06-21 09:35:40,121.55,3167439
2021-06-21 09:35:42,121.55,3168880
2021-06-21 09:35:43,121.55,3171180
2021-06-21 09:35:44,121.5,3171860
2021-06-21 09:35:45,121.5,3172361
2021-06-21 09:35:46,121.5,3172361
2021-06-21 09:35:47,121.55,3175896
2021-06-21 09:35:47,121.5,3175898
2021-06-21 09:35:49,121.5,3175899
2021-06-21 09:35:49,121.5,3179641
2021-06-21 09:35:50,121.4,3179979
2021-06-21 09:35:51,121.5,3180546
2021-06-21 09:35:53,121.5,3182090
2021-06-21 09:35:54,121.4,3183621
2021-06-21 09:35:55,121.5,3187593
2021-06-21 09:35:56,121.45,3187807
2021-06-21 09:35:57,121.5,3190029
2021-06-21 09:35:58,121.45,3190130
2021-06-21 09:35:59,121.4,3190131
2021-06-21 09:36:00,121.4,3198388
2021-06-21 09:36:00,121.4,3198390
2021-06-21 09:36:01,121.4,3198406
2021-06-21 09:36:02,121.4,3198961
2021-06-21 09:36:04,121.4,3199108
2021-06-21 09:36:04,121.4,3199113
2021-06-21 09:36:06,121.4,3199591
2021-06-21 09:36:07,121.35,3213576
2021-06-21 09:36:08,121.15,3222468
2021-06-21 09:36:08,121.15,3222468
2021-06-21 09:36:09,121.15,3223250
2021-06-21 09:36:11,121.25,3223956
2021-06-21 09:36:12,121.15,3224727
2021-06-21 09:36:14,121.25,3225587
2021-06-21 09:36:15,121.2,3225692
2021-06-21 09:36:15,121.2,3226302
2021-06-21 09:36:16,121.2,3226302
2021-06-21 09:36:17,121.15,3226322
2021-06-21 09:36:19,121.2,3228437
2021-06-21 09:36:21,121.15,3236822
2021-06-21 09:36:22,121.1,3238042
2021-06-21 09:36:23,121.1,3242152
2021-06-21 09:36:24,121.15,3242871
2021-06-21 09:36:24,121.05,3242971
2021-06-21 09:36:26,121.05,3244126
2021-06-21 09:36:26,121.05,3244126
2021-06-21 09:36:28,121.15,3259176
2021-06-21 09:36:29,121.15,3259176
2021-06-21 09:36:29,121.15,3259176
2021-06-21 09:36:31,121.1,3259180
2021-06-21 09:36:32,121.0,3259480
2021-06-21 09:36:33,121.0,3298058
2021-06-21 09:36:33,121.0,3298058
2021-06-21 09:36:34,120.95,3299204
2021-06-21 09:36:35,120.9,3299729
2021-06-21 09:36:36,120.95,3299732
2021-06-21 09:36:37,120.95,3299732
2021-06-21 09:36:39,121.0,3299912
2021-06-21 09:36:39,121.0,3299912
2021-06-21 09:36:40,120.95,3300067
2021-06-21 09:36:41,121.0,3300078
2021-06-21 09:36:42,121.0,3300079
2021-06-21 09:36:44,120.9,3301859
2021-06-21 09:36:44,120.9,3302409
2021-06-21 09:36:45,121.0,3304409
2021-06-21 09:36:46,120.9,3305657
2021-06-21 09:36:47,120.8,3316058
2021-06-21 09:36:49,120.8,3317174
2021-06-21 09:36:50,120.8,3319217
2021-06-21 09:36:51,120.9,3319317
2021-06-21 09:36:52,120.9,3319317
2021-06-21 09:36:54,120.9,3320249
2021-06-21 09:36:55,120.85,3321249
2021-06-21 09:36:56,120.85,3322358
2021-06-21 09:36:57,120.9,3324337
2021-06-21 09:36:57,120.85,3324837
2021-06-21 09:36:59,120.85,3327193
2021-06-21 09:37:00,120.85,3335663
2021-06-21 09:37:01,120.85,3335683
2021-06-21 09:37:02,120.85,3335736
2021-06-21 09:37:03,120.85,3335790
2021-06-21 09:37:04,120.85,3335792
2021-06-21 09:37:04,120.85,3336100
2021-06-21 09:37:06,120.85,3337050
2021-06-21 09:37:07,120.85,3337050
2021-06-21 09:37:08,120.85,3337539
2021-06-21 09:37:09,120.9,3337553
2021-06-21 09:37:10,120.85,3337559
2021-06-21 09:37:11,120.9,3342949
2021-06-21 09:37:12,120.9,3343033
2021-06-21 09:37:13,120.9,3344321
2021-06-21 09:37:14,120.9,3344321
2021-06-21 09:37:15,120.95,3344779
2021-06-21 09:37:16,120.9,3345280
2021-06-21 09:37:17,120.95,3345346
2021-06-21 09:37:18,120.95,3345471
2021-06-21 09:37:20,120.9,3345598
2021-06-21 09:37:21,120.95,3345634
2021-06-21 09:37:22,120.95,3345634
2021-06-21 09:37:23,120.95,3345866
2021-06-21 09:37:24,120.95,3346892
2021-06-21 09:37:25,120.95,3347092
2021-06-21 09:37:26,120.85,3347142
2021-06-21 09:37:27,120.95,3347352
2021-06-21 09:37:28,120.95,3347364
2021-06-21 09:37:29,120.9,3349394
2021-06-21 09:37:30,120.85,3350326
2021-06-21 09:37:31,120.9,3350977
2021-06-21 09:37:32,120.95,3351978
2021-06-21 09:37:33,120.85,3352066
2021-06-21 09:37:34,120.9,3352108
2021-06-21 09:37:35,120.85,3352178
2021-06-21 09:37:36,120.85,3352280
2021-06-21 09:37:37,120.8,3360010
2021-06-21 09:37:38,120.9,3360032
2021-06-21 09:37:39,120.9,3360376
2021-06-21 09:37:40,120.9,3366472
2021-06-21 09:37:41,120.9,3366546
2021-06-21 09:37:42,120.9,3367046
2021-06-21 09:37:43,120.8,3374746
2021-06-21 09:37:45,120.9,3375775
2021-06-21 09:37:46,120.8,3375977
2021-06-21 09:37:47,120.8,3376104
2021-06-21 09:37:48,120.8,3376356
2021-06-21 09:37:49,120.8,3376401
2021-06-21 09:37:50,120.8,3378165
2021-06-21 09:37:51,120.85,3378583
2021-06-21 09:37:52,120.85,3378634
2021-06-21 09:37:53,120.85,3378636
2021-06-21 09:37:54,120.8,3379803
2021-06-21 09:37:55,120.85,3381709
2021-06-21 09:37:56,120.8,3381754
2021-06-21 09:37:57,120.85,3381775
2021-06-21 09:37:58,120.85,3381784
2021-06-21 09:37:59,120.8,3381799
2021-06-21 09:38:00,120.85,3383691
2021-06-21 09:38:01,120.9,3383746
2021-06-21 09:38:02,120.85,3384000
2021-06-21 09:38:03,120.9,3384219
2021-06-21 09:38:04,120.9,3384219
2021-06-21 09:38:05,120.85,3385846
2021-06-21 09:38:06,120.9,3386239
2021-06-21 09:38:07,120.9,3386829
2021-06-21 09:38:08,120.9,3387045
2021-06-21 09:38:09,120.85,3388045
2021-06-21 09:38:10,120.85,3389095
2021-06-21 09:38:11,120.85,3389095
2021-06-21 09:38:12,120.9,3389317
2021-06-21 09:38:13,120.85,3389335
2021-06-21 09:38:14,121.0,3400251
2021-06-21 09:38:15,120.95,3401751
2021-06-21 09:38:16,121.0,3401754
2021-06-21 09:38:17,120.9,3401804
2021-06-21 09:38:18,120.95,3402816
2021-06-21 09:38:19,120.95,3403625
2021-06-21 09:38:20,120.95,3404737
2021-06-21 09:38:21,121.05,3407799
2021-06-21 09:38:22,120.95,3407859
2021-06-21 09:38:23,120.95,3407870
2021-06-21 09:38:24,120.95,3408120
2021-06-21 09:38:25,121.0,3413147
2021-06-21 09:38:26,121.05,3413187
2021-06-21 09:38:27,121.0,3413587
2021-06-21 09:38:28,121.0,3416238
2021-06-21 09:38:29,121.05,3416248
2021-06-21 09:38:30,121.05,3419310
2021-06-21 09:38:31,121.0,3419335
2021-06-21 09:38:32,121.05,3419435
2021-06-21 09:38:33,121.05,3419445
2021-06-21 09:38:34,121.05,3419445
2021-06-21 09:38:35,121.0,3419619
2021-06-21 09:38:36,121.0,3419619
2021-06-21 09:38:37,121.0,3422160
2021-06-21 09:38:38,120.95,3422361
2021-06-21 09:38:39,120.95,3422361
2021-06-21 09:38:40,121.0,3429051
2021-06-21 09:38:41,121.0,3433696
2021-06-21 09:38:42,121.0,3433696
2021-06-21 09:38:43,121.0,3435304
2021-06-21 09:38:44,121.0,3435515
2021-06-21 09:38:45,121.05,3438336
2021-06-21 09:38:46,121.05,3438336
2021-06-21 09:38:47,121.05,3438449
2021-06-21 09:38:48,121.05,3438768
2021-06-21 09:38:49,121.05,3438768
2021-06-21 09:38:50,121.0,3438968
2021-06-21 09:38:51,121.05,3438969
2021-06-21 09:38:52,121.05,3438969
2021-06-21 09:38:53,121.1,3441475
2021-06-21 09:38:54,121.1,3441475
2021-06-21 09:38:55,121.15,3441561
2021-06-21 09:38:56,121.15,3441681
2021-06-21 09:38:57,121.05,3441711
2021-06-21 09:38:58,121.05,3441716
2021-06-21 09:38:59,121.05,3441716
2021-06-21 09:39:00,121.15,3441887
2021-06-21 09:39:01,121.05,3442187
2021-06-21 09:39:02,121.15,3442506
2021-06-21 09:39:03,121.15,3442531
2021-06-21 09:39:04,121.15,3445456
2021-06-21 09:39:05,121.15,3445471
2021-06-21 09:39:06,121.15,3448260
2021-06-21 09:39:07,121.15,3448278
2021-06-21 09:39:08,121.1,3448702
2021-06-21 09:39:09,121.15,3451306
2021-06-21 09:39:10,121.1,3451935
2021-06-21 09:39:11,121.1,3451935
2021-06-21 09:39:12,121.15,3452676
2021-06-21 09:39:13,121.15,3452739
2021-06-21 09:39:15,121.15,3452798
2021-06-21 09:39:14,121.15,3452798
2021-06-21 09:39:16,121.15,3453804
2021-06-21 09:39:17,121.15,3455084
2021-06-21 09:39:18,121.1,3455089
2021-06-21 09:39:19,121.15,3455142
2021-06-21 09:39:20,121.1,3455332
2021-06-21 09:39:21,121.15,3457602
2021-06-21 09:39:22,121.15,3457705
2021-06-21 09:39:23,121.15,3457755
2021-06-21 09:39:24,121.1,3459902
2021-06-21 09:39:25,121.15,3460785
2021-06-21 09:39:26,121.1,3461025
2021-06-21 09:39:27,121.15,3461350
2021-06-21 09:39:29,121.15,3462382
2021-06-21 09:39:30,121.15,3462680
2021-06-21 09:39:32,121.15,3462954
2021-06-21 09:39:33,121.15,3462955
2021-06-21 09:39:34,121.15,3464506
2021-06-21 09:39:36,121.15,3464628
2021-06-21 09:39:37,121.1,3469491
2021-06-21 09:39:37,121.15,3469492
2021-06-21 09:39:38,121.15,3469592
2021-06-21 09:39:39,121.1,3470343
2021-06-21 09:39:40,121.05,3470735
2021-06-21 09:39:41,121.15,3470835
2021-06-21 09:39:43,121.15,3470864
2021-06-21 09:39:44,121.1,3470964
2021-06-21 09:39:44,121.15,3471002
2021-06-21 09:39:45,121.15,3471065
2021-06-21 09:39:46,121.15,3475520
2021-06-21 09:39:49,121.1,3476903
2021-06-21 09:39:50,121.15,3477756
2021-06-21 09:39:51,121.15,3477756
2021-06-21 09:39:52,121.15,3480217
2021-06-21 09:39:53,121.05,3486273
2021-06-21 09:39:54,121.05,3488380
2021-06-21 09:39:56,121.05,3489632
2021-06-21 09:39:57,121.05,3489735
2021-06-21 09:39:58,121.05,3489737
2021-06-21 09:39:59,121.05,3489740
2021-06-21 09:40:00,121.0,3490377
2021-06-21 09:40:01,121.0,3495284
2021-06-21 09:40:02,121.0,3495429
2021-06-21 09:40:03,121.0,3496199
2021-06-21 09:40:04,121.05,3496410
2021-06-21 09:40:06,121.0,3497429
2021-06-21 09:40:05,121.05,3497412
2021-06-21 09:40:07,121.05,3497629
2021-06-21 09:40:08,121.0,3497730
2021-06-21 09:40:09,121.05,3497867
2021-06-21 09:40:10,121.0,3499861
2021-06-21 09:40:11,121.05,3500092
2021-06-21 09:40:12,121.0,3500094
2021-06-21 09:40:13,121.0,3500149
2021-06-21 09:40:14,121.05,3500500
2021-06-21 09:40:15,121.0,3501493
2021-06-21 09:40:16,121.05,3502043
2021-06-21 09:40:17,121.05,3502044
2021-06-21 09:40:20,121.05,3502245
2021-06-21 09:40:19,121.05,3502245
2021-06-21 09:40:21,121.05,3502845
2021-06-21 09:40:22,121.0,3502895
2021-06-21 09:40:23,121.0,3502901
2021-06-21 09:40:24,120.95,3503103
2021-06-21 09:40:25,121.0,3504603
2021-06-21 09:40:26,121.0,3504603
2021-06-21 09:40:27,120.95,3504728
2021-06-21 09:40:29,121.05,3507272
2021-06-21 09:40:28,121.05,3507272
2021-06-21 09:40:30,121.0,3507680
2021-06-21 09:40:31,121.0,3507830
2021-06-21 09:40:32,121.0,3507845
2021-06-21 09:40:33,121.0,3507858
2021-06-21 09:40:34,121.05,3507859
2021-06-21 09:40:35,121.0,3507931
2021-06-21 09:40:36,121.0,3508239
2021-06-21 09:40:38,121.0,3508449
2021-06-21 09:40:38,121.0,3508549
2021-06-21 09:40:39,121.0,3510227
2021-06-21 09:40:40,121.05,3510231
2021-06-21 09:40:41,120.95,3510334
2021-06-21 09:40:42,120.95,3510334
2021-06-21 09:40:43,120.9,3520394
2021-06-21 09:40:44,120.9,3520394
2021-06-21 09:40:45,120.95,3520434
2021-06-21 09:40:46,120.9,3520435
2021-06-21 09:40:47,120.85,3527457
2021-06-21 09:40:48,120.8,3527859
2021-06-21 09:40:49,120.8,3528085
2021-06-21 09:40:50,120.8,3533111
2021-06-21 09:40:51,120.85,3533186
2021-06-21 09:40:52,120.8,3535282
2021-06-21 09:40:53,120.85,3535379
2021-06-21 09:40:54,120.85,3535515
2021-06-21 09:40:55,120.8,3535934
2021-06-21 09:40:56,120.85,3536041
2021-06-21 09:40:57,120.8,3546992
2021-06-21 09:40:59,120.8,3547272
2021-06-21 09:40:59,120.8,3547272
2021-06-21 09:41:00,120.8,3547672
2021-06-21 09:41:01,120.8,3551291
2021-06-21 09:41:02,120.8,3551597
2021-06-21 09:41:03,120.8,3551872
2021-06-21 09:41:04,120.8,3552084
2021-06-21 09:41:05,120.75,3552095
2021-06-21 09:41:07,120.8,3556358
2021-06-21 09:41:08,120.75,3561318
2021-06-21 09:41:09,120.8,3561721
2021-06-21 09:41:10,120.7,3561911
2021-06-21 09:41:11,120.75,3561988
2021-06-21 09:41:13,120.75,3573681
2021-06-21 09:41:14,120.75,3573681
2021-06-21 09:41:15,120.75,3578226
2021-06-21 09:41:16,120.75,3578242
2021-06-21 09:41:17,120.75,3579403
2021-06-21 09:41:18,120.75,3580112
2021-06-21 09:41:19,120.65,3580122
2021-06-21 09:41:20,120.7,3580342
2021-06-21 09:41:21,120.75,3580555
2021-06-21 09:41:22,120.75,3580555
2021-06-21 09:41:24,120.75,3580898
2021-06-21 09:41:25,120.75,3580958
2021-06-21 09:41:26,120.75,3581039
2021-06-21 09:41:27,120.75,3581039
2021-06-21 09:41:30,120.7,3582053
2021-06-21 09:41:31,120.7,3582063
2021-06-21 09:41:34,120.75,3584520
2021-06-21 09:41:35,120.75,3585172
2021-06-21 09:41:36,120.75,3585173
2021-06-21 09:41:37,120.75,3585180
2021-06-21 09:41:37,120.75,3585310
2021-06-21 09:41:38,120.75,3590070
2021-06-21 09:41:39,120.75,3590677
2021-06-21 09:41:40,120.75,3590736
2021-06-21 09:41:41,120.8,3602216
2021-06-21 09:41:42,120.85,3602244
2021-06-21 09:41:43,120.75,3602511
2021-06-21 09:41:44,120.85,3605211
2021-06-21 09:41:45,120.95,3608910
2021-06-21 09:41:47,120.95,3609110
2021-06-21 09:41:49,120.85,3609447
2021-06-21 09:41:50,120.8,3612512
2021-06-21 09:41:51,120.8,3612512
2021-06-21 09:41:52,120.9,3612569
2021-06-21 09:41:55,120.8,3615441
2021-06-21 09:42:00,120.9,3622175
2021-06-21 09:42:05,120.9,3624632
2021-06-21 09:42:15,121.0,3641891
2021-06-21 09:42:19,121.0,3643220
2021-06-21 09:42:24,121.0,3645919
2021-06-21 09:42:29,121.0,3655379
2021-06-21 09:42:33,120.95,3659981
2021-06-21 09:42:38,121.0,3666658
2021-06-21 09:42:43,121.0,3684530
2021-06-21 09:42:48,120.95,3697701
2021-06-21 09:42:53,120.8,3702575
2021-06-21 09:42:57,120.9,3703717
2021-06-21 09:43:02,120.9,3704588
2021-06-21 09:43:11,120.9,3715809
2021-06-21 09:43:16,120.8,3733414
2021-06-21 09:43:20,120.85,3734673
2021-06-21 09:43:25,120.9,3735353
2021-06-21 09:43:30,120.85,3740075
2021-06-21 09:43:35,120.95,3751339
2021-06-21 09:43:40,120.95,3752249
2021-06-21 09:43:44,120.95,3752925
2021-06-21 09:43:49,120.9,3758376
2021-06-21 09:43:58,120.85,3768825
2021-06-21 09:44:03,120.9,3773942
2021-06-21 09:44:12,120.9,3776689
2021-06-21 09:44:17,120.85,3777914
2021-06-21 09:44:22,120.85,3778722
2021-06-21 09:44:27,120.8,3779349
2021-06-21 09:44:32,120.85,3779521
2021-06-21 09:44:37,120.9,3780436
2021-06-21 09:44:42,120.8,3781039
2021-06-21 09:44:47,120.9,3781625
2021-06-21 09:44:52,120.85,3782629
2021-06-21 09:44:56,120.85,3792562
2021-06-21 09:45:01,120.85,3793373
2021-06-21 09:45:06,120.85,3794040
2021-06-21 09:45:11,120.8,3794447
2021-06-21 09:45:15,120.8,3798566
2021-06-21 09:45:21,120.8,3800306
2021-06-21 09:45:26,120.8,3801123
2021-06-21 09:45:31,120.75,3801808
2021-06-21 09:45:36,120.8,3802808
2021-06-21 09:45:41,120.8,3805320
2021-06-21 09:45:45,120.8,3805611
2021-06-21 09:45:50,120.75,3822109
2021-06-21 09:45:54,120.8,3822440
2021-06-21 09:45:59,120.9,3844753
2021-06-21 09:46:04,120.9,3848040
2021-06-21 09:46:09,120.9,3848999
2021-06-21 09:46:14,120.95,3853037
2021-06-21 09:46:18,120.95,3858112
2021-06-21 09:46:23,120.85,3859065
2021-06-21 09:46:28,120.9,3860544
2021-06-21 09:46:33,120.9,3868753
2021-06-21 09:46:37,120.8,3869833
2021-06-21 09:46:42,120.9,3874878
2021-06-21 09:46:47,120.8,3885533
2021-06-21 09:46:52,120.9,3886312
2021-06-21 09:46:56,120.9,3886496
2021-06-21 09:47:00,120.9,3886708
2021-06-21 09:47:04,120.85,3889032
2021-06-21 09:47:09,120.75,3895795
2021-06-21 09:47:13,120.8,3895902
2021-06-21 09:47:17,120.75,3896474
2021-06-21 09:47:22,120.8,3897797
2021-06-21 09:47:27,120.8,3897813
2021-06-21 09:47:32,120.8,3898988
2021-06-21 09:47:37,120.85,3901780
2021-06-21 09:47:41,120.75,3903420
2021-06-21 09:47:46,120.85,3905299
2021-06-21 09:47:50,120.9,3905975
2021-06-21 09:47:55,120.9,3907493
2021-06-21 09:47:59,120.9,3907812
2021-06-21 09:48:04,120.8,3918855
2021-06-21 09:48:09,120.75,3928983
2021-06-21 09:48:14,120.7,3939920
2021-06-21 09:48:19,120.8,3940646
2021-06-21 09:48:24,120.75,3942421
2021-06-21 09:48:29,120.7,3942931
2021-06-21 09:48:33,120.8,3944656
2021-06-21 09:48:38,120.7,3944915
2021-06-21 09:48:42,120.75,3945667
2021-06-21 09:48:47,120.75,3946359
2021-06-21 09:48:51,120.8,3946615
2021-06-21 09:48:55,120.8,3947380
2021-06-21 09:49:00,120.75,3953917
2021-06-21 09:49:04,120.65,3955238
2021-06-21 09:49:09,120.6,3977938
2021-06-21 09:49:14,120.7,3980711
2021-06-21 09:49:19,120.65,3981565
2021-06-21 09:49:23,120.55,3982751
2021-06-21 09:49:28,120.65,3985328
2021-06-21 09:49:32,120.6,3986824
2021-06-21 09:49:36,120.6,3991793
2021-06-21 09:49:41,120.6,3996000
2021-06-21 09:49:46,120.7,4000643
2021-06-21 09:49:50,120.6,4001449
2021-06-21 09:49:55,120.65,4002597
2021-06-21 09:49:59,120.65,4003501
2021-06-21 09:50:04,120.65,4004881
2021-06-21 09:50:09,120.65,4006176
2021-06-21 09:50:14,120.7,4006252
2021-06-21 09:50:18,120.7,4006704
2021-06-21 09:50:23,120.7,4007565
2021-06-21 09:50:28,120.6,4012403
2021-06-21 09:50:32,120.55,4013069
2021-06-21 09:50:37,120.55,4014993
2021-06-21 09:50:42,120.55,4016072
2021-06-21 09:50:46,120.6,4016228
2021-06-21 09:50:51,120.6,4016720
2021-06-21 09:50:55,120.55,4022892
2021-06-21 09:51:00,120.55,4024184
2021-06-21 09:51:04,120.55,4025089
2021-06-21 09:51:09,120.55,4026764
2021-06-21 09:51:13,120.55,4029043
2021-06-21 09:51:18,120.5,4060405
2021-06-21 09:51:22,120.55,4066261
2021-06-21 09:51:27,120.45,4068634
2021-06-21 09:51:32,120.45,4071530
2021-06-21 09:51:36,120.4,4075459
2021-06-21 09:51:41,120.5,4077877
2021-06-21 09:51:46,120.4,4108693
2021-06-21 09:51:50,120.3,4115508
2021-06-21 09:51:55,120.3,4116746
2021-06-21 09:51:59,120.4,4117786
2021-06-21 09:52:04,120.4,4123085
2021-06-21 09:52:09,120.4,4123975
2021-06-21 09:52:14,120.4,4125111
2021-06-21 09:52:19,120.3,4127448
2021-06-21 09:52:24,120.3,4130740
2021-06-21 09:52:28,120.25,4137785
2021-06-21 09:52:33,120.3,4139459
2021-06-21 09:52:38,120.25,4143068
2021-06-21 09:52:42,120.35,4147736
2021-06-21 09:52:57,120.3,4154507
2021-06-21 09:53:01,120.3,4167707
2021-06-21 09:53:06,120.4,4168331
2021-06-21 09:53:10,120.35,4173808
2021-06-21 09:53:15,120.4,4173826
2021-06-21 09:53:19,120.35,4174529
2021-06-21 09:53:24,120.35,4175145
2021-06-21 09:53:28,120.35,4175275
2021-06-21 09:53:37,120.35,4181146
2021-06-21 09:53:41,120.35,4181709
2021-06-21 09:53:46,120.35,4182110
2021-06-21 09:53:51,120.35,4182495
2021-06-21 09:53:55,120.3,4182932
2021-06-21 09:53:59,120.35,4189395
2021-06-21 09:54:03,120.3,4194473
2021-06-21 09:54:07,120.35,4197937
2021-06-21 09:54:11,120.3,4199096
2021-06-21 09:54:15,120.35,4203878
2021-06-21 09:54:19,120.25,4205412
2021-06-21 09:54:24,120.25,4206890
2021-06-21 09:54:28,120.35,4207025
2021-06-21 09:54:32,120.35,4207381
2021-06-21 09:54:36,120.25,4207643
2021-06-21 09:54:41,120.3,4209481
2021-06-21 09:54:45,120.3,4209766
2021-06-21 09:54:50,120.25,4210715
2021-06-21 09:54:54,120.3,4211491
2021-06-21 09:54:59,120.3,4212149
2021-06-21 09:55:03,120.25,4213868
2021-06-21 09:55:07,120.3,4214494
2021-06-21 09:55:12,120.3,4216377
2021-06-21 09:55:16,120.35,4217126
2021-06-21 09:55:21,120.35,4219761
2021-06-21 09:55:25,120.3,4220788
2021-06-21 09:55:30,120.5,4242198
2021-06-21 09:55:36,120.4,4243078
2021-06-21 09:55:40,120.4,4246973
2021-06-21 09:55:45,120.45,4247590
2021-06-21 09:55:49,120.45,4248804
2021-06-21 09:55:54,120.55,4261649
2021-06-21 09:55:58,120.6,4278268
2021-06-21 09:56:03,120.6,4279606
2021-06-21 09:56:07,120.6,4282442
2021-06-21 09:56:19,120.6,4288022
2021-06-21 09:56:24,120.6,4288929
2021-06-21 09:56:28,120.55,4289739
2021-06-21 09:56:32,120.6,4289889
2021-06-21 09:56:36,120.55,4290359
2021-06-21 09:56:41,120.55,4291588
2021-06-21 09:56:46,120.6,4292312
2021-06-21 09:56:51,120.6,4295567
2021-06-21 09:56:55,120.65,4298206
2021-06-21 09:57:00,120.6,4298265
2021-06-21 09:57:09,120.6,4301876
2021-06-21 09:57:14,120.65,4302631
2021-06-21 09:57:19,120.6,4302961
2021-06-21 09:57:23,120.6,4303468
2021-06-21 09:57:28,120.55,4304806
2021-06-21 09:57:32,120.65,4322015
2021-06-21 09:57:37,120.7,4325268
2021-06-21 09:57:42,120.7,4325472
2021-06-21 09:57:47,120.75,4329951
2021-06-21 09:57:51,120.7,4330358
2021-06-21 09:57:55,120.7,4331549
2021-06-21 09:58:00,120.75,4331909
2021-06-21 09:58:04,120.75,4332109
2021-06-21 09:58:09,120.75,4334244
2021-06-21 09:58:13,120.75,4334846
2021-06-21 09:58:18,120.9,4350360
2021-06-21 09:58:23,120.9,4350797
2021-06-21 09:58:27,120.9,4351373
2021-06-21 09:58:32,120.75,4353741
2021-06-21 09:58:37,120.85,4359719
2021-06-21 09:58:42,120.75,4368985
2021-06-21 09:58:47,120.75,4372225
2021-06-21 09:58:52,120.75,4375219
2021-06-21 09:58:56,120.85,4376122
2021-06-21 09:59:00,120.8,4376502
2021-06-21 09:59:05,120.8,4381113
2021-06-21 09:59:09,120.8,4381758
2021-06-21 09:59:14,120.75,4382560
2021-06-21 09:59:19,120.8,4383047
2021-06-21 09:59:23,120.75,4386649
2021-06-21 09:59:27,120.7,4388648
2021-06-21 09:59:31,120.75,4396748
2021-06-21 09:59:36,120.75,4397050
2021-06-21 09:59:40,120.75,4397110
2021-06-21 09:59:44,120.8,4397245
2021-06-21 09:59:49,120.75,4397406
2021-06-21 09:59:53,120.75,4398282
2021-06-21 09:59:57,120.75,4398383
2021-06-21 10:00:02,120.75,4400764
2021-06-21 10:00:11,120.8,4404074
2021-06-21 10:00:16,120.8,4405086
2021-06-21 10:00:20,120.8,4405115
2021-06-21 10:00:24,120.8,4420538
2021-06-21 10:00:29,120.8,4420604
2021-06-21 10:00:33,120.8,4420808
2021-06-21 10:00:38,120.8,4421435
2021-06-21 10:00:42,120.8,4434961
2021-06-21 10:00:47,120.8,4439890
2021-06-21 10:00:52,121.0,4457045
2021-06-21 10:00:57,121.0,4458996
2021-06-21 10:01:02,121.0,4470111
2021-06-21 10:01:07,120.95,4470678
2021-06-21 10:01:12,121.0,4473010
2021-06-21 10:01:16,121.0,4509733
2021-06-21 10:01:21,121.0,4510346
2021-06-21 10:01:25,121.05,4510544
2021-06-21 10:01:30,121.05,4512754
2021-06-21 10:01:34,121.0,4515555
2021-06-21 10:01:38,121.0,4516963
2021-06-21 10:01:42,121.0,4518969
2021-06-21 10:01:47,120.95,4519777
2021-06-21 10:01:51,121.0,4521506
2021-06-21 10:01:55,121.0,4522235
2021-06-21 10:02:00,121.0,4523770
2021-06-21 10:02:04,121.0,4528003
2021-06-21 10:02:09,120.9,4532111
2021-06-21 10:02:13,120.9,4532930
2021-06-21 10:02:18,120.8,4533572
2021-06-21 10:02:22,120.85,4534973
2021-06-21 10:02:27,120.9,4535899
2021-06-21 10:02:32,120.8,4537813
2021-06-21 10:02:37,120.9,4539384
2021-06-21 10:02:41,120.9,4539644
2021-06-21 10:02:45,120.85,4540149
2021-06-21 10:02:49,120.9,4540407
2021-06-21 10:02:58,120.85,4541824
2021-06-21 10:03:02,120.85,4543091
2021-06-21 10:03:07,120.95,4543134
2021-06-21 10:03:11,120.95,4543960
2021-06-21 10:03:16,120.85,4545791
2021-06-21 10:03:21,120.85,4546385
2021-06-21 10:03:25,120.9,4546726
2021-06-21 10:03:29,120.9,4551861
2021-06-21 10:03:33,120.8,4552403
2021-06-21 10:03:37,120.9,4553688
2021-06-21 10:03:41,120.9,4553994
2021-06-21 10:03:45,120.85,4554047
2021-06-21 10:03:49,120.85,4554279
2021-06-21 10:03:53,120.85,4554347
2021-06-21 10:03:57,120.8,4560911
2021-06-21 10:04:02,120.8,4560969
2021-06-21 10:04:06,120.9,4561054
2021-06-21 10:04:10,120.8,4561605
2021-06-21 10:04:14,120.85,4562170
2021-06-21 10:04:18,120.85,4563361
2021-06-21 10:04:22,120.9,4563846
2021-06-21 10:04:27,120.85,4565379
2021-06-21 10:04:30,120.9,4566405
2021-06-21 10:04:34,120.8,4566471
2021-06-21 10:04:38,120.85,4575719
2021-06-21 10:04:42,120.85,4575970
2021-06-21 10:04:51,120.85,4577205
2021-06-21 10:04:55,120.8,4577525
2021-06-21 10:04:59,120.85,4577652
2021-06-21 10:05:04,120.85,4579283
2021-06-21 10:05:08,120.8,4579979
2021-06-21 10:05:11,120.8,4580599
2021-06-21 10:05:16,120.8,4581705
2021-06-21 10:05:20,120.75,4583187
2021-06-21 10:05:24,120.8,4592073
2021-06-21 10:05:29,120.7,4592697
2021-06-21 10:05:33,120.75,4595284
2021-06-21 10:05:37,120.75,4596969
2021-06-21 10:05:45,120.8,4597378
2021-06-21 10:05:49,120.8,4597390
2021-06-21 10:05:53,120.75,4597621
2021-06-21 10:05:57,120.7,4597957
2021-06-21 10:06:01,120.7,4598102
2021-06-21 10:06:05,120.75,4598162
2021-06-21 10:06:09,120.75,4599634
2021-06-21 10:06:13,120.75,4600821
2021-06-21 10:06:18,120.7,4600869
2021-06-21 10:06:22,120.7,4601385
2021-06-21 10:06:25,120.7,4602495
2021-06-21 10:06:29,120.7,4603312
2021-06-21 10:06:34,120.65,4603966
2021-06-21 10:06:38,120.65,4638521
2021-06-21 10:06:42,120.65,4638596
2021-06-21 10:06:47,120.65,4643932
2021-06-21 10:06:51,120.6,4643938
2021-06-21 10:06:54,120.6,4644103
2021-06-21 10:06:58,120.65,4645979
2021-06-21 10:07:02,120.7,4646393
2021-06-21 10:07:05,120.65,4646431
2021-06-21 10:07:09,120.65,4647578
2021-06-21 10:07:13,120.6,4648636
2021-06-21 10:07:17,120.65,4648692
2021-06-21 10:07:21,120.6,4650760
2021-06-21 10:07:25,120.6,4651080
2021-06-21 10:07:29,120.65,4651371
2021-06-21 10:07:33,120.65,4651486
2021-06-21 10:07:37,120.65,4651849
2021-06-21 10:07:47,120.6,4661572
2021-06-21 10:07:51,120.65,4661997
2021-06-21 10:07:55,120.6,4662023
2021-06-21 10:07:59,120.65,4663788
2021-06-21 10:08:02,120.7,4663792
2021-06-21 10:08:10,120.7,4664436
2021-06-21 10:08:14,120.7,4665225
2021-06-21 10:08:18,120.7,4666227
2021-06-21 10:08:22,120.7,4672156
2021-06-21 10:08:26,120.65,4674506
2021-06-21 10:08:30,120.65,4675517
2021-06-21 10:08:33,120.65,4675547
2021-06-21 10:08:37,120.65,4677222
2021-06-21 10:08:41,120.65,4678123
2021-06-21 10:08:46,120.65,4678345
2021-06-21 10:08:50,120.6,4678934
2021-06-21 10:08:54,120.6,4680072
2021-06-21 10:08:58,120.6,4680342
2021-06-21 10:09:02,120.65,4681716
2021-06-21 10:09:06,120.7,4682006
2021-06-21 10:09:11,120.6,4690915
2021-06-21 10:09:15,120.65,4692008
2021-06-21 10:09:19,120.6,4692115
2021-06-21 10:09:23,120.6,4693340
2021-06-21 10:09:27,120.6,4694493
2021-06-21 10:09:31,120.55,4695620
2021-06-21 10:09:35,120.6,4695749
2021-06-21 10:09:39,120.6,4696376
2021-06-21 10:09:44,120.6,4699904
2021-06-21 10:09:48,120.6,4700374
2021-06-21 10:09:52,120.65,4700392
2021-06-21 10:09:56,120.7,4702418
2021-06-21 10:10:00,120.7,4703266
2021-06-21 10:10:04,120.6,4703733
2021-06-21 10:10:08,120.6,4704833
2021-06-21 10:10:12,120.65,4704900
2021-06-21 10:10:16,120.65,4705089
2021-06-21 10:10:20,120.65,4705114
2021-06-21 10:10:24,120.65,4705119
2021-06-21 10:10:29,120.65,4705129
2021-06-21 10:10:33,120.65,4705347
2021-06-21 10:10:36,120.7,4708722
2021-06-21 10:10:40,120.7,4708877
2021-06-21 10:10:44,120.7,4709668
2021-06-21 10:10:48,120.6,4710173
2021-06-21 10:10:52,120.8,4716785
2021-06-21 10:10:56,120.7,4716981
2021-06-21 10:11:00,120.75,4719127
2021-06-21 10:11:04,120.75,4719255
2021-06-21 10:11:08,120.7,4719266
2021-06-21 10:11:15,120.75,4722416
2021-06-21 10:11:19,120.7,4722439
2021-06-21 10:11:23,120.75,4722846
2021-06-21 10:11:27,120.7,4722961
2021-06-21 10:11:31,120.75,4723202
2021-06-21 10:11:35,120.65,4723728
2021-06-21 10:11:39,120.7,4726442
2021-06-21 10:11:43,120.65,4734055
2021-06-21 10:11:47,120.7,4734268
2021-06-21 10:11:51,120.65,4734339
2021-06-21 10:11:55,120.6,4735092
2021-06-21 10:11:59,120.6,4736469
2021-06-21 10:12:02,120.7,4736549
2021-06-21 10:12:11,120.7,4737251
2021-06-21 10:12:15,120.6,4740286
2021-06-21 10:12:19,120.7,4740698
2021-06-21 10:12:23,120.7,4742009
2021-06-21 10:12:28,120.65,4742353
2021-06-21 10:12:32,120.6,4776311
2021-06-21 10:12:37,120.6,4776509
2021-06-21 10:12:40,120.6,4777521
2021-06-21 10:12:44,120.6,4777574
2021-06-21 10:12:47,120.55,4777834
2021-06-21 10:12:51,120.6,4779593
2021-06-21 10:12:55,120.5,4780553
2021-06-21 10:12:59,120.6,4780863
2021-06-21 10:13:03,120.6,4782553
2021-06-21 10:13:06,120.6,4787561
2021-06-21 10:13:10,120.55,4787718
2021-06-21 10:13:14,120.6,4787811
2021-06-21 10:13:17,120.5,4787962
2021-06-21 10:13:22,120.5,4788164
2021-06-21 10:13:26,120.6,4790146
2021-06-21 10:13:30,120.6,4790447
2021-06-21 10:13:34,120.6,4790944
2021-06-21 10:13:39,120.55,4791253
2021-06-21 10:13:43,120.55,4791872
2021-06-21 10:13:46,120.55,4792367
2021-06-21 10:13:50,120.55,4792459
2021-06-21 10:13:54,120.55,4792635
2021-06-21 10:13:57,120.6,4793543
2021-06-21 10:14:02,120.55,4793558
2021-06-21 10:14:06,120.55,4794069
2021-06-21 10:14:10,120.55,4794836
2021-06-21 10:14:14,120.55,4795166
2021-06-21 10:14:18,120.5,4795566
2021-06-21 10:14:27,120.5,4796419
2021-06-21 10:14:30,120.6,4797524
2021-06-21 10:14:34,120.55,4809644
2021-06-21 10:14:38,120.55,4810060
2021-06-21 10:14:42,120.55,4811992
2021-06-21 10:14:46,120.5,4814224
2021-06-21 10:14:50,120.5,4814990
2021-06-21 10:14:55,120.45,4816187
2021-06-21 10:14:59,120.5,4817295
2021-06-21 10:15:03,120.5,4817450
2021-06-21 10:15:07,120.5,4817575
2021-06-21 10:15:12,120.45,4820739
2021-06-21 10:15:16,120.5,4821146
2021-06-21 10:15:21,120.55,4821252
2021-06-21 10:15:24,120.55,4825372
2021-06-21 10:15:28,120.55,4825500
2021-06-21 10:15:36,120.5,4830238
2021-06-21 10:15:40,120.55,4830774
2021-06-21 10:15:44,120.5,4831341
2021-06-21 10:15:47,120.6,4831422
2021-06-21 10:15:51,120.55,4831579
2021-06-21 10:15:59,120.55,4831800
2021-06-21 10:16:04,120.65,4845420
2021-06-21 10:16:07,120.65,4845934
2021-06-21 10:16:11,120.65,4846067
2021-06-21 10:16:15,120.65,4846315
2021-06-21 10:16:19,120.6,4846551
2021-06-21 10:16:23,120.65,4849998
2021-06-21 10:16:27,120.55,4850108
2021-06-21 10:16:31,120.6,4853350
2021-06-21 10:16:35,120.65,4853666
2021-06-21 10:16:42,120.65,4854027
2021-06-21 10:16:46,120.65,4854035
2021-06-21 10:16:50,120.6,4854660
2021-06-21 10:16:54,120.6,4854772
2021-06-21 10:16:57,120.6,4858159
2021-06-21 10:17:01,120.6,4858543
2021-06-21 10:17:05,120.6,4858749
2021-06-21 10:17:09,120.6,4858869
2021-06-21 10:17:14,120.55,4859391
2021-06-21 10:17:19,120.55,4861915
2021-06-21 10:17:27,120.55,4862555
2021-06-21 10:17:31,120.55,4863025
2021-06-21 10:17:35,120.6,4863995
2021-06-21 10:17:40,120.55,4866056
2021-06-21 10:17:44,120.55,4867496
2021-06-21 10:17:48,120.6,4867683
2021-06-21 10:17:52,120.6,4867693
2021-06-21 10:17:56,120.55,4868206
2021-06-21 10:18:00,120.55,4868597
2021-06-21 10:18:05,120.6,4868662
2021-06-21 10:18:08,120.55,4868682
2021-06-21 10:18:12,120.5,4884754
2021-06-21 10:18:16,120.5,4884776
2021-06-21 10:18:24,120.45,4885709
2021-06-21 10:18:28,120.5,4887748
2021-06-21 10:18:32,120.5,4889742
2021-06-21 10:18:37,120.5,4889981
2021-06-21 10:18:41,120.5,4891289
2021-06-21 10:18:45,120.5,4891550
2021-06-21 10:18:49,120.5,4891601
2021-06-21 10:18:53,120.55,4901459
2021-06-21 10:18:57,120.45,4901684
2021-06-21 10:19:01,120.55,4903757
2021-06-21 10:19:08,120.5,4905266
2021-06-21 10:19:12,120.5,4905867
2021-06-21 10:19:16,120.5,4906015
2021-06-21 10:19:20,120.5,4909259
2021-06-21 10:19:24,120.5,4909382
2021-06-21 10:19:28,120.55,4909794
2021-06-21 10:19:33,120.5,4909827
2021-06-21 10:19:37,120.55,4909828
2021-06-21 10:19:42,120.45,4912328
2021-06-21 10:19:46,120.55,4912348
2021-06-21 10:19:50,120.5,4912379
2021-06-21 10:19:53,120.5,4913038
2021-06-21 10:19:57,120.55,4913164
2021-06-21 10:20:01,120.55,4913172
2021-06-21 10:20:05,120.5,4917167
2021-06-21 10:20:08,120.55,4917767
2021-06-21 10:20:12,120.5,4917895
2021-06-21 10:20:16,120.6,4918854
2021-06-21 10:20:19,120.6,4920079
2021-06-21 10:20:23,120.6,4920117
2021-06-21 10:20:27,120.5,4922165
2021-06-21 10:20:30,120.55,4922471
2021-06-21 10:20:34,120.55,4923571
2021-06-21 10:20:37,120.55,4923623
2021-06-21 10:20:41,120.6,4924647
2021-06-21 10:20:45,120.55,4925085
2021-06-21 10:20:49,120.55,4925187
2021-06-21 10:20:53,120.6,4925232
2021-06-21 10:20:57,120.5,4925596
2021-06-21 10:21:01,120.6,4925990
2021-06-21 10:21:04,120.65,4929195
2021-06-21 10:21:08,120.55,4929282
2021-06-21 10:21:12,120.65,4929817
2021-06-21 10:21:15,120.65,4929927
2021-06-21 10:21:19,120.65,4930490
2021-06-21 10:21:22,120.6,4930669
2021-06-21 10:21:25,120.6,4932246
2021-06-21 10:21:29,120.65,4933439
2021-06-21 10:21:33,120.6,4934758
2021-06-21 10:21:36,120.7,4935289
2021-06-21 10:21:40,120.6,4938821
2021-06-21 10:21:43,120.65,4939981
2021-06-21 10:21:47,120.65,4949086
2021-06-21 10:21:51,120.65,4950504
2021-06-21 10:21:55,120.65,4958555
2021-06-21 10:21:59,120.65,4958868
2021-06-21 10:22:03,120.65,4959726
2021-06-21 10:22:06,120.65,4961059
2021-06-21 10:22:10,120.7,4961532
2021-06-21 10:22:13,120.7,4961992
2021-06-21 10:22:17,120.65,4962024
2021-06-21 10:22:20,120.7,4962145
2021-06-21 10:22:24,120.7,4962290
2021-06-21 10:22:27,120.7,4962746
2021-06-21 10:22:31,120.7,4962757
2021-06-21 10:22:35,120.65,4963057
2021-06-21 10:22:39,120.7,4963134
2021-06-21 10:22:42,120.65,4964382
2021-06-21 10:22:46,120.65,4974545
2021-06-21 10:22:49,120.65,4975827
2021-06-21 10:22:53,120.65,4978401
2021-06-21 10:22:56,120.55,4978901
2021-06-21 10:22:59,120.65,4979903
2021-06-21 10:23:07,120.5,4984499
2021-06-21 10:23:11,120.5,4984535
2021-06-21 10:23:14,120.6,4987127
2021-06-21 10:23:18,120.6,4993712
2021-06-21 10:23:22,120.6,4994394
2021-06-21 10:23:26,120.6,4994531
2021-06-21 10:23:29,120.6,4996778
2021-06-21 10:23:33,120.6,4996967
2021-06-21 10:23:37,120.55,4997042
2021-06-21 10:23:40,120.55,5007315
2021-06-21 10:23:43,120.55,5007317
2021-06-21 10:23:47,120.5,5007993
2021-06-21 10:23:50,120.55,5009379
2021-06-21 10:23:54,120.55,5009729
2021-06-21 10:23:58,120.5,5009783
2021-06-21 10:24:01,120.5,5011430
2021-06-21 10:24:05,120.5,5011555
2021-06-21 10:24:08,120.5,5011656
2021-06-21 10:24:15,120.5,5017320
2021-06-21 10:24:18,120.5,5026633
2021-06-21 10:24:22,120.45,5026688
2021-06-21 10:24:25,120.45,5026804
2021-06-21 10:24:29,120.45,5026922
2021-06-21 10:24:32,120.4,5028200
2021-06-21 10:24:36,120.45,5028263
2021-06-21 10:24:40,120.4,5028563
2021-06-21 10:24:43,120.4,5028876
2021-06-21 10:24:47,120.45,5029127
2021-06-21 10:24:51,120.45,5029963
2021-06-21 10:24:55,120.5,5030077
2021-06-21 10:24:58,120.45,5030241
2021-06-21 10:25:02,120.5,5030411
2021-06-21 10:25:06,120.55,5031696
2021-06-21 10:25:10,120.55,5031776
2021-06-21 10:25:13,120.55,5031780
2021-06-21 10:25:17,120.5,5032480
2021-06-21 10:25:21,120.5,5033702
2021-06-21 10:25:28,120.4,5033994
2021-06-21 10:25:32,120.5,5034099
2021-06-21 10:25:35,120.45,5034628
2021-06-21 10:25:39,120.5,5036911
2021-06-21 10:25:43,120.4,5037566
2021-06-21 10:25:47,120.4,5037835
2021-06-21 10:25:50,120.45,5037889
2021-06-21 10:25:54,120.45,5038689
2021-06-21 10:25:58,120.4,5051315
2021-06-21 10:26:01,120.4,5052519
2021-06-21 10:26:05,120.4,5053979
2021-06-21 10:26:09,120.3,5054098
2021-06-21 10:26:13,120.4,5055173
2021-06-21 10:26:16,120.35,5073338
2021-06-21 10:26:20,120.3,5073938
2021-06-21 10:26:23,120.25,5109116
2021-06-21 10:26:27,120.25,5112357
2021-06-21 10:26:30,120.15,5130395
2021-06-21 10:26:33,120.15,5133642
2021-06-21 10:26:37,120.2,5134102
2021-06-21 10:26:42,120.2,5134437
2021-06-21 10:26:45,120.2,5136814
2021-06-21 10:26:49,120.15,5138345
2021-06-21 10:26:53,120.1,5139918
2021-06-21 10:26:57,120.2,5141425
2021-06-21 10:27:01,120.2,5141826
2021-06-21 10:27:04,120.2,5142659
2021-06-21 10:27:08,120.15,5142754
2021-06-21 10:27:11,120.15,5143037
2021-06-21 10:27:15,120.2,5143759
2021-06-21 10:27:18,120.2,5143960
2021-06-21 10:27:22,120.15,5151758
2021-06-21 10:27:26,120.2,5154626
2021-06-21 10:27:31,120.15,5154835
2021-06-21 10:27:39,120.2,5160457
2021-06-21 10:27:43,120.2,5160790
2021-06-21 10:27:47,120.25,5162304
2021-06-21 10:27:51,120.25,5164309
2021-06-21 10:27:55,120.2,5165540
2021-06-21 10:27:59,120.2,5165686
2021-06-21 10:28:04,120.2,5172900
2021-06-21 10:28:08,120.15,5173202
2021-06-21 10:28:12,120.15,5174639
2021-06-21 10:28:16,120.25,5175542
2021-06-21 10:28:20,120.2,5177300
2021-06-21 10:28:24,120.25,5179461
2021-06-21 10:28:29,120.2,5179650
2021-06-21 10:28:33,120.2,5180410
2021-06-21 10:28:37,120.25,5180440
2021-06-21 10:28:40,120.25,5183988
2021-06-21 10:28:44,120.3,5184283
2021-06-21 10:28:48,120.3,5187589
2021-06-21 10:28:52,120.3,5189599
2021-06-21 10:28:55,120.3,5190036
2021-06-21 10:28:59,120.3,5190161
2021-06-21 10:29:03,120.35,5190596
2021-06-21 10:29:07,120.3,5190597
2021-06-21 10:29:11,120.35,5190950
2021-06-21 10:29:15,120.35,5191060
2021-06-21 10:29:18,120.35,5191508
2021-06-21 10:29:22,120.3,5191519
2021-06-21 10:29:25,120.35,5192141
2021-06-21 10:29:29,120.35,5194326
2021-06-21 10:29:33,120.35,5194476
2021-06-21 10:29:37,120.4,5201644
2021-06-21 10:29:40,120.4,5201770
2021-06-21 10:29:44,120.4,5202074
2021-06-21 10:29:48,120.4,5203268
2021-06-21 10:29:51,120.4,5203272
2021-06-21 10:29:55,120.35,5203443
2021-06-21 10:29:59,120.45,5205283
2021-06-21 10:30:02,120.45,5206348
2021-06-21 10:30:11,120.45,5206548
2021-06-21 10:30:15,120.4,5206818
2021-06-21 10:30:20,120.45,5206925
2021-06-21 10:30:24,120.45,5207089
2021-06-21 10:30:28,120.5,5242457
2021-06-21 10:30:31,120.5,5243092
2021-06-21 10:30:35,120.5,5243103
2021-06-21 10:30:39,120.5,5246731
2021-06-21 10:30:42,120.55,5247855
2021-06-21 10:30:46,120.55,5249345
2021-06-21 10:30:49,120.55,5249696
2021-06-21 10:30:53,120.55,5254494
2021-06-21 10:30:57,120.55,5254753
2021-06-21 10:31:00,120.55,5255371
2021-06-21 10:31:04,120.55,5257226
2021-06-21 10:31:08,120.6,5290564
2021-06-21 10:31:12,120.65,5294626
2021-06-21 10:31:16,120.7,5297946
2021-06-21 10:31:20,120.7,5302685
2021-06-21 10:31:24,120.75,5304776
2021-06-21 10:31:27,120.65,5304787
2021-06-21 10:31:35,120.75,5305582
2021-06-21 10:31:38,120.75,5306625
2021-06-21 10:31:41,120.75,5315425
2021-06-21 10:31:46,120.75,5316245
2021-06-21 10:31:50,120.8,5322147
2021-06-21 10:31:58,120.8,5324273
2021-06-21 10:32:01,120.8,5324357
2021-06-21 10:32:04,120.8,5324383
2021-06-21 10:32:07,120.75,5327569
2021-06-21 10:32:10,120.75,5328369
2021-06-21 10:32:13,120.75,5328471
2021-06-21 10:32:17,120.75,5328841
2021-06-21 10:32:20,120.75,5329726
2021-06-21 10:32:23,120.8,5329732
2021-06-21 10:32:27,120.7,5331371
2021-06-21 10:32:30,120.75,5332003
2021-06-21 10:32:33,120.75,5332028
2021-06-21 10:32:37,120.7,5332030
2021-06-21 10:32:40,120.8,5335853
2021-06-21 10:32:43,120.75,5336163
2021-06-21 10:32:46,120.75,5336835
2021-06-21 10:32:50,120.7,5337050
2021-06-21 10:32:53,120.75,5337301
2021-06-21 10:32:56,120.7,5337879
2021-06-21 10:32:59,120.7,5338437
2021-06-21 10:33:02,120.75,5338541
2021-06-21 10:33:06,120.7,5342794
2021-06-21 10:33:09,120.7,5342884
2021-06-21 10:33:13,120.65,5349305
2021-06-21 10:33:16,120.6,5349395
2021-06-21 10:33:19,120.55,5350058
2021-06-21 10:33:23,120.55,5350064
2021-06-21 10:33:26,120.55,5351136
2021-06-21 10:33:29,120.55,5351294
2021-06-21 10:33:32,120.6,5351962
2021-06-21 10:33:35,120.6,5351992
2021-06-21 10:33:39,120.6,5352003
2021-06-21 10:33:43,120.6,5353023
2021-06-21 10:33:46,120.6,5353420
2021-06-21 10:33:49,120.65,5353588
2021-06-21 10:33:53,120.65,5354149
2021-06-21 10:33:56,120.65,5354159
2021-06-21 10:33:59,120.6,5354831
2021-06-21 10:34:03,120.65,5354889
2021-06-21 10:34:06,120.65,5355191
2021-06-21 10:34:09,120.65,5355191
2021-06-21 10:34:13,120.65,5355305
2021-06-21 10:34:16,120.65,5356758
2021-06-21 10:34:19,120.65,5357028
2021-06-21 10:34:22,120.6,5358118
2021-06-21 10:34:26,120.65,5358128
2021-06-21 10:34:28,120.6,5358633
2021-06-21 10:34:32,120.6,5360376
2021-06-21 10:34:35,120.65,5361700
2021-06-21 10:34:39,120.6,5361760
2021-06-21 10:34:42,120.65,5362960
2021-06-21 10:34:45,120.65,5363445
2021-06-21 10:34:48,120.6,5363539
2021-06-21 10:34:51,120.6,5364016
2021-06-21 10:34:54,120.6,5364356
2021-06-21 10:34:57,120.6,5365549
2021-06-21 10:35:01,120.6,5365980
2021-06-21 10:35:05,120.6,5366045
2021-06-21 10:35:08,120.6,5366188
2021-06-21 10:35:12,120.55,5366268
2021-06-21 10:35:20,120.6,5367046
2021-06-21 10:35:24,120.55,5369209
2021-06-21 10:35:28,120.6,5370207
2021-06-21 10:35:32,120.55,5370256
2021-06-21 10:35:36,120.6,5370286
2021-06-21 10:35:39,120.6,5371201
2021-06-21 10:35:43,120.6,5372584
2021-06-21 10:35:46,120.5,5373240
2021-06-21 10:35:49,120.6,5373244
2021-06-21 10:35:52,120.6,5373421
2021-06-21 10:35:55,120.55,5373470
2021-06-21 10:35:59,120.5,5374098
2021-06-21 10:36:02,120.5,5375548
2021-06-21 10:36:10,120.55,5377099
2021-06-21 10:36:13,120.6,5377206
2021-06-21 10:36:17,120.55,5377215
2021-06-21 10:36:20,120.55,5379820
2021-06-21 10:36:23,120.55,5379823
2021-06-21 10:36:26,120.6,5380184
2021-06-21 10:36:30,120.6,5380191
2021-06-21 10:36:34,120.55,5380429
2021-06-21 10:36:38,120.6,5380980
2021-06-21 10:36:42,120.6,5381050
2021-06-21 10:36:46,120.55,5381241
2021-06-21 10:36:49,120.6,5381352
2021-06-21 10:36:53,120.55,5381365
2021-06-21 10:36:57,120.6,5381942
2021-06-21 10:37:00,120.55,5382268
2021-06-21 10:37:04,120.5,5390133
2021-06-21 10:37:08,120.5,5394888
2021-06-21 10:37:12,120.45,5394927
2021-06-21 10:37:16,120.45,5396145
2021-06-21 10:37:21,120.45,5396427
2021-06-21 10:37:25,120.45,5398169
2021-06-21 10:37:28,120.45,5398274
2021-06-21 10:37:31,120.5,5399513
2021-06-21 10:37:35,120.4,5400670
2021-06-21 10:37:39,120.45,5400872
2021-06-21 10:37:42,120.45,5401338
2021-06-21 10:37:46,120.4,5412750
2021-06-21 10:37:50,120.4,5413329
2021-06-21 10:37:53,120.4,5421079
2021-06-21 10:37:57,120.4,5421147
2021-06-21 10:38:02,120.4,5421169
2021-06-21 10:38:05,120.4,5423455
2021-06-21 10:38:09,120.4,5424212
2021-06-21 10:38:12,120.4,5424364
2021-06-21 10:38:16,120.4,5424370
2021-06-21 10:38:19,120.4,5424510
2021-06-21 10:38:22,120.3,5425243
2021-06-21 10:38:26,120.3,5426079
2021-06-21 10:38:30,120.3,5426179
2021-06-21 10:38:33,120.35,5427400
2021-06-21 10:38:36,120.4,5428451
2021-06-21 10:38:40,120.35,5428465
2021-06-21 10:38:43,120.4,5430005
2021-06-21 10:38:47,120.35,5430365
2021-06-21 10:38:50,120.35,5430725
2021-06-21 10:38:54,120.3,5430900
2021-06-21 10:38:57,120.3,5431366
2021-06-21 10:39:00,120.3,5431751
2021-06-21 10:39:04,120.4,5432757
2021-06-21 10:39:07,120.4,5432762
2021-06-21 10:39:10,120.35,5432870
2021-06-21 10:39:13,120.4,5433087
2021-06-21 10:39:17,120.4,5433598
2021-06-21 10:39:21,120.4,5433859
2021-06-21 10:39:24,120.4,5434862
2021-06-21 10:39:28,120.4,5434876
2021-06-21 10:39:31,120.35,5435328
2021-06-21 10:39:35,120.4,5441184
2021-06-21 10:39:38,120.5,5444446
2021-06-21 10:39:42,120.5,5444755
2021-06-21 10:39:45,120.45,5445356
2021-06-21 10:39:49,120.5,5445822
2021-06-21 10:39:53,120.5,5445963
2021-06-21 10:39:57,120.55,5446268
2021-06-21 10:40:00,120.55,5447360
2021-06-21 10:40:04,120.55,5447435
2021-06-21 10:40:08,120.55,5447814
2021-06-21 10:40:11,120.5,5453143
2021-06-21 10:40:15,120.55,5456446
2021-06-21 10:40:18,120.45,5456491
2021-06-21 10:40:22,120.5,5456514
2021-06-21 10:40:25,120.5,5456674
2021-06-21 10:40:29,120.5,5457068
2021-06-21 10:40:32,120.5,5458073
2021-06-21 10:40:35,120.5,5459622
2021-06-21 10:40:39,120.45,5459722
2021-06-21 10:40:42,120.45,5460749
2021-06-21 10:40:45,120.45,5460890
2021-06-21 10:40:48,120.5,5462506
2021-06-21 10:40:51,120.55,5462522
2021-06-21 10:40:53,120.55,5462590
2021-06-21 10:40:57,120.6,5464955
2021-06-21 10:41:00,120.6,5465007
2021-06-21 10:41:04,120.6,5467108
2021-06-21 10:41:08,120.6,5467109
2021-06-21 10:41:12,120.7,5478553
2021-06-21 10:41:16,120.7,5478758
2021-06-21 10:41:19,120.7,5479506
2021-06-21 10:41:23,120.7,5482241
2021-06-21 10:41:26,120.65,5483156
2021-06-21 10:41:29,120.7,5483415
2021-06-21 10:41:33,120.65,5484015
2021-06-21 10:41:36,120.7,5485215
2021-06-21 10:41:39,120.7,5485365
2021-06-21 10:41:42,120.7,5503958
2021-06-21 10:41:46,120.7,5504072
2021-06-21 10:41:50,120.7,5504228
2021-06-21 10:41:53,120.75,5504232
2021-06-21 10:41:56,120.7,5508354
2021-06-21 10:41:59,120.75,5508372
2021-06-21 10:42:03,120.7,5508377
2021-06-21 10:42:06,120.7,5510421
2021-06-21 10:42:10,120.7,5510434
2021-06-21 10:42:13,120.7,5510818
2021-06-21 10:42:16,120.7,5511823
2021-06-21 10:42:20,120.7,5511842
2021-06-21 10:42:24,120.7,5511993
2021-06-21 10:42:27,120.75,5512691
2021-06-21 10:42:31,120.65,5516314
2021-06-21 10:42:34,120.65,5516529
2021-06-21 10:42:38,120.65,5517912
2021-06-21 10:42:41,120.65,5517920
2021-06-21 10:42:45,120.7,5519681
2021-06-21 10:42:48,120.7,5520801
2021-06-21 10:42:51,120.7,5520862
2021-06-21 10:42:55,120.7,5520962
2021-06-21 10:42:58,120.65,5520965
2021-06-21 10:43:01,120.7,5521398
2021-06-21 10:43:04,120.7,5521440
2021-06-21 10:43:07,120.65,5521746
2021-06-21 10:43:10,120.7,5521929
2021-06-21 10:43:14,120.7,5522989
2021-06-21 10:43:17,120.65,5523097
2021-06-21 10:43:21,120.65,5524212
2021-06-21 10:43:24,120.7,5524577
2021-06-21 10:43:27,120.7,5526227
2021-06-21 10:43:30,120.65,5526288
2021-06-21 10:43:33,120.65,5526396
2021-06-21 10:43:36,120.65,5526460
2021-06-21 10:43:39,120.65,5526515
2021-06-21 10:43:42,120.65,5526640
2021-06-21 10:43:45,120.6,5532337
2021-06-21 10:43:47,120.65,5532459
2021-06-21 10:43:50,120.65,5532463
2021-06-21 10:43:53,120.65,5532566
2021-06-21 10:43:56,120.65,5535160
2021-06-21 10:43:59,120.65,5535862
2021-06-21 10:44:03,120.6,5536865
2021-06-21 10:44:07,120.7,5536986
2021-06-21 10:44:11,120.7,5537188
2021-06-21 10:44:15,120.7,5541929
2021-06-21 10:44:18,120.8,5567050
2021-06-21 10:44:22,120.75,5567186
2021-06-21 10:44:25,120.7,5567566
2021-06-21 10:44:28,120.7,5571190
2021-06-21 10:44:31,120.65,5572831
2021-06-21 10:44:34,120.65,5572881
2021-06-21 10:44:38,120.65,5573207
2021-06-21 10:44:41,120.65,5573336
2021-06-21 10:44:44,120.7,5575834
2021-06-21 10:44:47,120.65,5577111
2021-06-21 10:44:50,120.75,5577176
2021-06-21 10:44:53,120.65,5577188
2021-06-21 10:44:57,120.75,5577225
2021-06-21 10:45:00,120.65,5577536
2021-06-21 10:45:04,120.75,5580709
2021-06-21 10:45:08,120.8,5580914
2021-06-21 10:45:11,120.75,5581018
2021-06-21 10:45:14,120.8,5581389
2021-06-21 10:45:18,120.8,5585318
2021-06-21 10:45:24,120.8,5585539
2021-06-21 10:45:28,120.8,5585564
2021-06-21 10:45:31,120.8,5586593
2021-06-21 10:45:34,120.75,5586652
2021-06-21 10:45:37,120.8,5586956
2021-06-21 10:45:43,120.8,5588230
2021-06-21 10:45:47,120.8,5588230
2021-06-21 10:45:50,120.8,5588461
2021-06-21 10:45:53,120.75,5589516
2021-06-21 10:45:56,120.75,5589719
2021-06-21 10:46:00,120.7,5589969
2021-06-21 10:46:03,120.8,5590165
2021-06-21 10:46:07,120.75,5590426
2021-06-21 10:46:10,120.8,5590739
2021-06-21 10:46:13,120.8,5590969
2021-06-21 10:46:17,120.75,5591794
2021-06-21 10:46:20,120.8,5592518
2021-06-21 10:46:23,120.8,5592633
2021-06-21 10:46:26,120.8,5592752
2021-06-21 10:46:30,120.8,5595530
2021-06-21 10:46:34,120.75,5597249
2021-06-21 10:46:38,120.7,5597365
2021-06-21 10:46:42,120.7,5598243
2021-06-21 10:46:45,120.7,5599300
2021-06-21 10:46:49,120.7,5599678
2021-06-21 10:46:52,120.7,5599695
2021-06-21 10:46:55,120.7,5600695
2021-06-21 10:46:58,120.7,5600811
2021-06-21 10:47:01,120.65,5604181
2021-06-21 10:47:04,120.65,5604646
2021-06-21 10:47:07,120.6,5605040
2021-06-21 10:47:11,120.65,5605155
2021-06-21 10:47:14,120.65,5605339
2021-06-21 10:47:17,120.6,5605349
2021-06-21 10:47:21,120.65,5606498
2021-06-21 10:47:24,120.65,5606508
2021-06-21 10:47:26,120.65,5606592
2021-06-21 10:47:29,120.65,5606747
2021-06-21 10:47:33,120.65,5606882
2021-06-21 10:47:36,120.6,5607388
2021-06-21 10:47:39,120.6,5608600
2021-06-21 10:47:42,120.65,5608716
2021-06-21 10:47:45,120.6,5609046
2021-06-21 10:47:48,120.65,5609244
2021-06-21 10:47:52,120.65,5609469
2021-06-21 10:47:55,120.6,5615377
2021-06-21 10:47:59,120.6,5615477
2021-06-21 10:48:02,120.6,5615977
2021-06-21 10:48:05,120.6,5616167
2021-06-21 10:48:09,120.6,5616183
2021-06-21 10:48:12,120.5,5616316
2021-06-21 10:48:20,120.6,5617972
2021-06-21 10:48:24,120.6,5618054
2021-06-21 10:48:27,120.6,5618268
2021-06-21 10:48:30,120.6,5618274
2021-06-21 10:48:34,120.6,5618719
2021-06-21 10:48:37,120.55,5618769
2021-06-21 10:48:41,120.55,5618883
2021-06-21 10:48:44,120.5,5619484
2021-06-21 10:48:47,120.55,5619492
2021-06-21 10:48:50,120.5,5619497
2021-06-21 10:48:54,120.55,5619502
2021-06-21 10:48:57,120.55,5619574
2021-06-21 10:49:01,120.5,5619806
2021-06-21 10:49:05,120.5,5632944
2021-06-21 10:49:08,120.5,5633052
2021-06-21 10:49:12,120.5,5633065
2021-06-21 10:49:15,120.45,5634030
2021-06-21 10:49:19,120.5,5634181
2021-06-21 10:49:22,120.5,5634189
2021-06-21 10:49:26,120.5,5635079
2021-06-21 10:49:29,120.5,5635079
2021-06-21 10:49:33,120.5,5635089
2021-06-21 10:49:36,120.5,5635209
2021-06-21 10:49:39,120.5,5637893
2021-06-21 10:49:42,120.4,5639859
2021-06-21 10:49:49,120.5,5641393
2021-06-21 10:49:52,120.5,5641400
2021-06-21 10:49:56,120.5,5641403
2021-06-21 10:50:00,120.4,5641528
2021-06-21 10:50:03,120.5,5641529
2021-06-21 10:50:06,120.5,5641629
2021-06-21 10:50:09,120.5,5641702
2021-06-21 10:50:13,120.5,5641704
2021-06-21 10:50:16,120.45,5642201
2021-06-21 10:50:19,120.45,5642272
2021-06-21 10:50:22,120.4,5642299
2021-06-21 10:50:26,120.45,5642867
2021-06-21 10:50:30,120.45,5643290
2021-06-21 10:50:33,120.45,5643312
2021-06-21 10:50:37,120.45,5643337
2021-06-21 10:50:41,120.45,5645119
2021-06-21 10:50:44,120.5,5646186
2021-06-21 10:50:48,120.45,5646496
2021-06-21 10:50:51,120.5,5647046
2021-06-21 10:50:54,120.5,5647278
2021-06-21 10:50:57,120.5,5647401
2021-06-21 10:51:01,120.45,5648093
2021-06-21 10:51:04,120.45,5648212
2021-06-21 10:51:07,120.5,5648773
2021-06-21 10:51:11,120.5,5648776
2021-06-21 10:51:14,120.45,5648927
2021-06-21 10:51:17,120.5,5648928
2021-06-21 10:51:20,120.5,5649670
2021-06-21 10:51:24,120.5,5649805
2021-06-21 10:51:27,120.5,5650062
2021-06-21 10:51:30,120.5,5650343
2021-06-21 10:51:34,120.5,5650344
2021-06-21 10:51:37,120.4,5650349
2021-06-21 10:51:41,120.5,5650354
2021-06-21 10:51:44,120.5,5650401
2021-06-21 10:51:48,120.5,5651606
2021-06-21 10:51:52,120.5,5651709
2021-06-21 10:51:55,120.4,5652028
2021-06-21 10:51:58,120.45,5652348
2021-06-21 10:52:01,120.5,5652959
2021-06-21 10:52:05,120.45,5653029
2021-06-21 10:52:08,120.4,5653076
2021-06-21 10:52:11,120.4,5654184
2021-06-21 10:52:14,120.4,5654198
2021-06-21 10:52:16,120.45,5670307
2021-06-21 10:52:19,120.45,5670613
2021-06-21 10:52:23,120.5,5670799
2021-06-21 10:52:26,120.5,5670822
2021-06-21 10:52:29,120.45,5670917
2021-06-21 10:52:32,120.5,5674435
2021-06-21 10:52:35,120.5,5676985
2021-06-21 10:52:38,120.45,5677016
2021-06-21 10:52:42,120.4,5678353
2021-06-21 10:52:45,120.45,5678467
2021-06-21 10:52:48,120.45,5678718
2021-06-21 10:52:51,120.4,5678857
2021-06-21 10:52:54,120.45,5678863
2021-06-21 10:52:57,120.45,5678873
2021-06-21 10:53:01,120.35,5681640
2021-06-21 10:53:04,120.35,5681692
2021-06-21 10:53:07,120.35,5688494
2021-06-21 10:53:10,120.3,5704781
2021-06-21 10:53:13,120.35,5705093
2021-06-21 10:53:15,120.3,5705406
2021-06-21 10:53:18,120.25,5706099
2021-06-21 10:53:22,120.25,5707385
2021-06-21 10:53:25,120.3,5707412
2021-06-21 10:53:29,120.25,5707637
2021-06-21 10:53:32,120.25,5710656
2021-06-21 10:53:35,120.25,5712324
2021-06-21 10:53:38,120.3,5715826
2021-06-21 10:53:42,120.3,5715837
2021-06-21 10:53:45,120.3,5716933
2021-06-21 10:53:48,120.3,5716993
2021-06-21 10:53:52,120.35,5717082
2021-06-21 10:53:55,120.35,5717091
2021-06-21 10:53:58,120.35,5717091
2021-06-21 10:54:02,120.3,5717167
2021-06-21 10:54:05,120.35,5717362
2021-06-21 10:54:08,120.3,5717384
2021-06-21 10:54:11,120.35,5718524
2021-06-21 10:54:14,120.35,5718528
2021-06-21 10:54:17,120.35,5719350
2021-06-21 10:54:21,120.3,5720517
2021-06-21 10:54:23,120.35,5720746
2021-06-21 10:54:27,120.3,5720761
2021-06-21 10:54:30,120.35,5723791
2021-06-21 10:54:33,120.35,5724275
2021-06-21 10:54:36,120.35,5724275
2021-06-21 10:54:39,120.35,5724784
2021-06-21 10:54:42,120.35,5724983
2021-06-21 10:54:45,120.3,5725049
2021-06-21 10:54:49,120.35,5725053
2021-06-21 10:54:53,120.35,5726066
2021-06-21 10:54:57,120.35,5726913
2021-06-21 10:55:00,120.35,5728760
2021-06-21 10:55:04,120.35,5734761
2021-06-21 10:55:07,120.25,5761091
2021-06-21 10:55:11,120.3,5761600
2021-06-21 10:55:14,120.3,5771721
2021-06-21 10:55:17,120.3,5773072
2021-06-21 10:55:21,120.25,5775765
2021-06-21 10:55:24,120.3,5776794
2021-06-21 10:55:27,120.3,5776799
2021-06-21 10:55:30,120.3,5782413
2021-06-21 10:55:34,120.3,5782514
2021-06-21 10:55:37,120.3,5782616
2021-06-21 10:55:41,120.3,5792079
2021-06-21 10:55:44,120.35,5793109
2021-06-21 10:55:47,120.35,5793109
2021-06-21 10:55:50,120.35,5793209
2021-06-21 10:55:54,120.35,5793566
2021-06-21 10:55:58,120.35,5793776
2021-06-21 10:56:01,120.35,5793932
2021-06-21 10:56:05,120.3,5794140
2021-06-21 10:56:09,120.3,5794261
2021-06-21 10:56:12,120.35,5795086
2021-06-21 10:56:16,120.35,5795255
2021-06-21 10:56:19,120.3,5795265
2021-06-21 10:56:22,120.3,5795266
2021-06-21 10:56:25,120.35,5799266
2021-06-21 10:56:28,120.35,5800371
2021-06-21 10:56:32,120.3,5800923
2021-06-21 10:56:34,120.3,5801050
2021-06-21 10:56:37,120.3,5801050
2021-06-21 10:56:40,120.3,5801396
2021-06-21 10:56:43,120.3,5801487
2021-06-21 10:56:46,120.3,5801707
2021-06-21 10:56:49,120.35,5802454
2021-06-21 10:56:52,120.35,5802679
2021-06-21 10:56:56,120.35,5802776
2021-06-21 10:56:59,120.35,5802786
2021-06-21 10:57:02,120.35,5803298
2021-06-21 10:57:05,120.35,5803430
2021-06-21 10:57:08,120.35,5803469
2021-06-21 10:57:11,120.3,5803815
2021-06-21 10:57:14,120.35,5803817
2021-06-21 10:57:18,120.35,5806982
2021-06-21 10:57:21,120.3,5807766
2021-06-21 10:57:24,120.35,5807954
2021-06-21 10:57:26,120.3,5808054
2021-06-21 10:57:29,120.3,5808054
2021-06-21 10:57:32,120.35,5808060
2021-06-21 10:57:35,120.35,5808070
2021-06-21 10:57:37,120.35,5808087
2021-06-21 10:57:40,120.35,5808117
2021-06-21 10:57:42,120.4,5808621
2021-06-21 10:57:45,120.35,5808626
2021-06-21 10:57:48,120.35,5808718
2021-06-21 10:57:51,120.45,5809539
2021-06-21 10:57:54,120.35,5809569
2021-06-21 10:58:00,120.35,5809772
2021-06-21 10:58:06,120.45,5810430
2021-06-21 10:58:09,120.45,5810480
2021-06-21 10:58:13,120.4,5810707
2021-06-21 10:58:17,120.4,5810752
2021-06-21 10:58:21,120.35,5810805
2021-06-21 10:58:25,120.3,5820400
2021-06-21 10:58:28,120.35,5820635
2021-06-21 10:58:31,120.35,5820682
2021-06-21 10:58:35,120.3,5820738
2021-06-21 10:58:38,120.35,5820829
2021-06-21 10:58:41,120.35,5820853
2021-06-21 10:58:44,120.25,5824854
2021-06-21 10:58:47,120.3,5824855
2021-06-21 10:58:50,120.3,5827164
2021-06-21 10:58:53,120.25,5833182
2021-06-21 10:58:56,120.3,5834535
2021-06-21 10:58:59,120.3,5834594
2021-06-21 10:59:02,120.25,5835689
2021-06-21 10:59:05,120.25,5835689
2021-06-21 10:59:08,120.3,5836785
2021-06-21 10:59:11,120.3,5845035
2021-06-21 10:59:15,120.3,5845040
2021-06-21 10:59:18,120.25,5847239
2021-06-21 10:59:21,120.25,5847239
2021-06-21 10:59:24,120.3,5847344
2021-06-21 10:59:27,120.25,5850300
2021-06-21 10:59:31,120.25,5851158
2021-06-21 10:59:35,120.25,5851158
2021-06-21 10:59:38,120.25,5855743
2021-06-21 10:59:41,120.25,5855743
2021-06-21 10:59:44,120.3,5856252
2021-06-21 10:59:50,120.3,5856875
2021-06-21 10:59:52,120.25,5860908
2021-06-21 10:59:55,120.2,5861099
2021-06-21 10:59:58,120.25,5861132
2021-06-21 11:00:02,120.25,5861249
2021-06-21 11:00:06,120.25,5862315
2021-06-21 11:00:10,120.2,5862448
2021-06-21 11:00:14,120.25,5865816
2021-06-21 11:00:18,120.25,5866626
2021-06-21 11:00:21,120.25,5866634
2021-06-21 11:00:25,120.2,5867358
2021-06-21 11:00:28,120.2,5867956
2021-06-21 11:00:31,120.25,5867966
2021-06-21 11:00:34,120.25,5868009
2021-06-21 11:00:37,120.2,5868136
2021-06-21 11:00:40,120.2,5868156
2021-06-21 11:00:44,120.2,5868407
2021-06-21 11:00:47,120.2,5908005
2021-06-21 11:00:51,120.2,5916664
2021-06-21 11:00:55,120.15,5926040
2021-06-21 11:00:58,120.1,5928448
2021-06-21 11:01:03,120.15,5931744
2021-06-21 11:01:07,120.1,5936897
2021-06-21 11:01:11,120.1,5947574
2021-06-21 11:01:16,120.05,5952626
2021-06-21 11:01:20,120.0,5964359
2021-06-21 11:01:23,120.0,5966094
2021-06-21 11:01:30,120.05,5967300
2021-06-21 11:01:34,120.0,5968501
2021-06-21 11:01:38,120.0,5968556
2021-06-21 11:01:42,120.05,5970630
2021-06-21 11:01:46,120.0,5975930
2021-06-21 11:01:49,120.05,5982163
2021-06-21 11:01:53,120.05,5982707
2021-06-21 11:01:58,120.1,5983216
2021-06-21 11:02:02,120.1,5983683
2021-06-21 11:02:06,120.05,5984119
2021-06-21 11:02:10,120.15,5987449
2021-06-21 11:02:13,120.15,5987450
2021-06-21 11:02:18,120.15,5987518
2021-06-21 11:02:21,120.15,5989884
2021-06-21 11:02:25,120.15,5990220
2021-06-21 11:02:28,120.15,5990835
2021-06-21 11:02:32,120.15,5990965
2021-06-21 11:02:35,120.1,5991257
2021-06-21 11:02:39,120.05,5994579
2021-06-21 11:02:43,120.05,5994582
2021-06-21 11:02:46,120.05,5997925
2021-06-21 11:02:50,120.15,5998870
2021-06-21 11:02:54,120.1,6001003
2021-06-21 11:02:57,120.05,6003787
2021-06-21 11:03:01,120.1,6004347
2021-06-21 11:03:04,120.1,6004962
2021-06-21 11:03:08,120.15,6005081
2021-06-21 11:03:10,120.05,6012817
2021-06-21 11:03:14,120.05,6015717
2021-06-21 11:03:18,120.0,6017208
2021-06-21 11:03:21,120.05,6017796
2021-06-21 11:03:25,120.05,6020374
2021-06-21 11:03:28,120.05,6020494
2021-06-21 11:03:31,120.0,6021518
2021-06-21 11:03:35,120.05,6030038
2021-06-21 11:03:39,120.05,6031724
2021-06-21 11:03:46,120.1,6032235
2021-06-21 11:03:50,120.1,6033733
2021-06-21 11:03:53,120.05,6034991
2021-06-21 11:03:57,120.1,6036341
2021-06-21 11:04:01,120.1,6039619
2021-06-21 11:04:05,120.1,6039904
2021-06-21 11:04:09,120.15,6040114
2021-06-21 11:04:12,120.1,6041152
2021-06-21 11:04:15,120.15,6041366
2021-06-21 11:04:19,120.15,6042534
2021-06-21 11:04:23,120.2,6043438
2021-06-21 11:04:28,120.2,6043638
2021-06-21 11:04:31,120.2,6043793
2021-06-21 11:04:35,120.15,6043898
2021-06-21 11:04:39,120.2,6045351
2021-06-21 11:04:43,120.15,6048514
2021-06-21 11:04:47,120.2,6049031
2021-06-21 11:04:50,120.2,6049435
2021-06-21 11:04:54,120.2,6050075
2021-06-21 11:04:57,120.2,6050129
2021-06-21 11:05:01,120.15,6050253
2021-06-21 11:05:05,120.2,6050307
2021-06-21 11:05:08,120.15,6050675
2021-06-21 11:05:11,120.15,6050777
2021-06-21 11:05:13,120.15,6051960
2021-06-21 11:05:16,120.1,6052071
2021-06-21 11:05:20,120.1,6053533
2021-06-21 11:05:24,120.1,6054797
2021-06-21 11:05:28,120.1,6054989
2021-06-21 11:05:32,120.15,6058691
2021-06-21 11:05:35,120.1,6062492
2021-06-21 11:05:39,120.15,6063462
2021-06-21 11:05:42,120.15,6063874
2021-06-21 11:05:45,120.1,6064086
2021-06-21 11:05:48,120.15,6064110
2021-06-21 11:05:51,120.1,6064601
2021-06-21 11:05:54,120.1,6064601
2021-06-21 11:05:56,120.15,6066964
2021-06-21 11:05:59,120.15,6067002
2021-06-21 11:06:03,120.15,6067307
2021-06-21 11:06:06,120.15,6067535
2021-06-21 11:06:09,120.1,6067742
2021-06-21 11:06:12,120.1,6068083
2021-06-21 11:06:15,120.15,6068133
2021-06-21 11:06:18,120.1,6077655
2021-06-21 11:06:21,120.15,6077666
2021-06-21 11:06:25,120.1,6078243
2021-06-21 11:06:28,120.2,6078357
2021-06-21 11:06:31,120.1,6078412
2021-06-21 11:06:34,120.2,6078537
2021-06-21 11:06:37,120.2,6078537
2021-06-21 11:06:40,120.1,6080063
2021-06-21 11:06:42,120.2,6080077
2021-06-21 11:06:45,120.15,6080971
2021-06-21 11:06:49,120.15,6081988
2021-06-21 11:06:52,120.15,6082220
2021-06-21 11:06:54,120.1,6082663
2021-06-21 11:06:56,120.1,6082770
2021-06-21 11:06:59,120.1,6082770
2021-06-21 11:07:02,120.15,6082871
2021-06-21 11:07:05,120.15,6083508
2021-06-21 11:07:09,120.15,6083518
2021-06-21 11:07:11,120.1,6083625
2021-06-21 11:07:14,120.1,6083625
2021-06-21 11:07:17,120.15,6083735
2021-06-21 11:07:20,120.15,6083855
2021-06-21 11:07:23,120.15,6084473
2021-06-21 11:07:26,120.15,6086083
2021-06-21 11:07:29,120.15,6087297
2021-06-21 11:07:32,120.15,6087344
2021-06-21 11:07:35,120.1,6087394
2021-06-21 11:07:39,120.1,6091235
2021-06-21 11:07:42,120.1,6091664
2021-06-21 11:07:45,120.1,6091715
2021-06-21 11:07:48,120.15,6093472
2021-06-21 11:07:51,120.1,6093513
2021-06-21 11:07:58,120.05,6112787
2021-06-21 11:08:01,120.1,6113028
2021-06-21 11:08:04,120.05,6113645
2021-06-21 11:08:08,120.05,6116685
2021-06-21 11:08:12,120.05,6121596
2021-06-21 11:08:15,120.1,6124048
2021-06-21 11:08:19,120.1,6124061
2021-06-21 11:08:23,120.05,6145356
2021-06-21 11:08:26,120.05,6147000
2021-06-21 11:08:29,120.0,6147025
2021-06-21 11:08:32,120.05,6147075
2021-06-21 11:08:36,120.0,6147290
2021-06-21 11:08:40,120.05,6147821
2021-06-21 11:08:42,120.05,6148552
2021-06-21 11:08:46,120.0,6148625
2021-06-21 11:08:50,120.1,6150037
2021-06-21 11:08:54,120.1,6150197
2021-06-21 11:08:57,120.05,6150211
2021-06-21 11:09:00,120.05,6150215
2021-06-21 11:09:04,120.05,6150770
2021-06-21 11:09:08,120.05,6151311
2021-06-21 11:09:11,120.1,6151840
2021-06-21 11:09:15,120.05,6151878
2021-06-21 11:09:18,120.0,6152666
2021-06-21 11:09:22,120.05,6153080
2021-06-21 11:09:25,120.0,6153198
2021-06-21 11:09:29,120.05,6153606
2021-06-21 11:09:32,120.05,6153713
2021-06-21 11:09:35,120.0,6154073
2021-06-21 11:09:38,120.0,6155822
2021-06-21 11:09:41,120.0,6155910
2021-06-21 11:09:44,120.05,6156360
2021-06-21 11:09:47,120.05,6156660
2021-06-21 11:09:50,120.0,6157055
2021-06-21 11:09:53,120.05,6157079
2021-06-21 11:09:57,119.95,6343059
2021-06-21 11:10:02,119.95,6345417
2021-06-21 11:10:06,119.95,6376205
2021-06-21 11:10:09,119.85,6377326
2021-06-21 11:10:12,119.95,6378665
2021-06-21 11:10:15,119.85,6381389
2021-06-21 11:10:19,119.95,6381895
2021-06-21 11:10:22,119.95,6393996
2021-06-21 11:10:26,119.9,6394782
2021-06-21 11:10:31,119.9,6395942
2021-06-21 11:10:34,119.95,6398989
2021-06-21 11:10:37,119.9,6399491
2021-06-21 11:10:40,119.85,6401027
2021-06-21 11:10:43,119.9,6401652
2021-06-21 11:10:46,119.85,6402752
2021-06-21 11:10:49,119.85,6403021
2021-06-21 11:10:52,119.85,6403076
2021-06-21 11:10:55,119.85,6407876
2021-06-21 11:10:57,119.85,6408158
2021-06-21 11:11:00,119.85,6408158
2021-06-21 11:11:03,119.9,6408184
2021-06-21 11:11:06,119.9,6408196
2021-06-21 11:11:09,119.9,6409490
2021-06-21 11:11:11,119.85,6409642
2021-06-21 11:11:14,119.9,6409678
2021-06-21 11:11:16,119.9,6415038
2021-06-21 11:11:20,120.0,6440645
2021-06-21 11:11:23,120.0,6441862
2021-06-21 11:11:25,119.85,6444415
2021-06-21 11:11:28,119.95,6446440
2021-06-21 11:11:31,120.0,6449096
2021-06-21 11:11:35,120.0,6449097
2021-06-21 11:11:38,119.95,6449603
2021-06-21 11:11:44,120.0,6450350
2021-06-21 11:11:46,120.0,6450595
2021-06-21 11:11:49,120.0,6450706
2021-06-21 11:11:53,120.0,6450817
2021-06-21 11:11:56,120.0,6451441
2021-06-21 11:11:58,120.0,6460845
2021-06-21 11:12:01,120.0,6461150
2021-06-21 11:12:04,119.95,6461200
2021-06-21 11:12:07,120.0,6461750
2021-06-21 11:12:10,120.05,6463285
2021-06-21 11:12:13,120.0,6463710
2021-06-21 11:12:16,120.05,6463722
2021-06-21 11:12:20,120.05,6463941
2021-06-21 11:12:23,120.05,6464142
2021-06-21 11:12:26,120.05,6465102
2021-06-21 11:12:29,120.05,6465407
2021-06-21 11:12:32,120.05,6465504
2021-06-21 11:12:35,120.0,6466035
2021-06-21 11:12:38,120.0,6466535
2021-06-21 11:12:41,120.05,6466547
2021-06-21 11:12:44,120.05,6466550
2021-06-21 11:12:47,120.05,6466551
2021-06-21 11:12:49,120.05,6466551
2021-06-21 11:12:53,120.05,6468191
2021-06-21 11:12:56,120.0,6468192
2021-06-21 11:13:00,120.05,6468566
2021-06-21 11:13:03,120.05,6468678
2021-06-21 11:13:05,120.05,6468678
2021-06-21 11:13:08,120.0,6470140
2021-06-21 11:13:11,120.05,6470223
2021-06-21 11:13:14,120.05,6470574
2021-06-21 11:13:17,120.0,6470820
2021-06-21 11:13:20,120.05,6471127
2021-06-21 11:13:22,120.05,6471150
2021-06-21 11:13:25,120.0,6471684
2021-06-21 11:13:28,120.0,6471911
2021-06-21 11:13:32,120.0,6484288
2021-06-21 11:13:35,119.95,6484656
2021-06-21 11:13:38,119.95,6486901
2021-06-21 11:13:41,119.9,6492813
2021-06-21 11:13:43,119.9,6492813
2021-06-21 11:13:46,119.85,6493740
2021-06-21 11:13:50,119.9,6493948
2021-06-21 11:13:52,119.85,6499748
2021-06-21 11:13:55,119.9,6499970
2021-06-21 11:13:58,119.9,6499980
2021-06-21 11:14:00,119.9,6499986
2021-06-21 11:14:03,119.9,6500346
2021-06-21 11:14:07,119.9,6503033
2021-06-21 11:14:10,119.9,6503839
2021-06-21 11:14:12,119.9,6503886
2021-06-21 11:14:15,119.85,6505138
2021-06-21 11:14:19,119.85,6505352
2021-06-21 11:14:22,119.85,6505745
2021-06-21 11:14:25,119.95,6516745
2021-06-21 11:14:28,119.85,6517764
2021-06-21 11:14:31,119.85,6517811
2021-06-21 11:14:35,119.85,6518009
2021-06-21 11:14:39,119.9,6518743
2021-06-21 11:14:42,119.9,6518771
2021-06-21 11:14:45,119.85,6519614
2021-06-21 11:14:48,119.8,6519825
2021-06-21 11:14:51,119.85,6520505
2021-06-21 11:14:55,119.85,6521129
2021-06-21 11:14:58,119.85,6521225
2021-06-21 11:15:01,119.85,6521342
2021-06-21 11:15:05,119.85,6531906
2021-06-21 11:15:08,119.8,6540369
2021-06-21 11:15:12,119.75,6541203
2021-06-21 11:15:16,119.8,6542007
2021-06-21 11:15:20,119.75,6544480
2021-06-21 11:15:24,119.75,6553661
2021-06-21 11:15:28,119.8,6554519
2021-06-21 11:15:31,119.8,6555178
2021-06-21 11:15:34,119.75,6555299
2021-06-21 11:15:37,119.75,6555559
2021-06-21 11:15:41,119.8,6555753
2021-06-21 11:15:44,119.8,6556481
2021-06-21 11:15:47,119.8,6556494
2021-06-21 11:15:51,119.75,6557642
2021-06-21 11:15:54,119.75,6557642
2021-06-21 11:15:57,119.75,6559275
2021-06-21 11:16:01,119.8,6560262
2021-06-21 11:16:05,119.75,6560731
2021-06-21 11:16:09,119.8,6560998
2021-06-21 11:16:13,119.75,6561913
2021-06-21 11:16:16,119.75,6563509
2021-06-21 11:16:19,119.7,6576025
2021-06-21 11:16:23,119.7,6578058
2021-06-21 11:16:27,119.7,6578322
2021-06-21 11:16:30,119.7,6579619
2021-06-21 11:16:33,119.7,6581001
2021-06-21 11:16:36,119.75,6581099
2021-06-21 11:16:40,119.65,6587930
2021-06-21 11:16:43,119.7,6588666
2021-06-21 11:16:45,119.7,6588666
2021-06-21 11:16:48,119.7,6588688
2021-06-21 11:16:51,119.65,6589830
2021-06-21 11:16:55,119.7,6590894
2021-06-21 11:16:58,119.7,6591999
2021-06-21 11:17:00,119.7,6591999
2021-06-21 11:17:03,119.6,6593545
2021-06-21 11:17:06,119.65,6593970
2021-06-21 11:17:09,119.6,6594347
2021-06-21 11:17:12,119.65,6594482
2021-06-21 11:17:14,119.65,6594497
2021-06-21 11:17:17,119.6,6605072
2021-06-21 11:17:20,119.6,6606774
2021-06-21 11:17:24,119.6,6606857
2021-06-21 11:17:27,119.6,6607661
2021-06-21 11:17:30,119.65,6607740
2021-06-21 11:17:33,119.65,6607945
2021-06-21 11:17:36,119.65,6608646
2021-06-21 11:17:40,119.65,6610571
2021-06-21 11:17:43,119.65,6610596
2021-06-21 11:17:45,119.7,6611377
2021-06-21 11:17:49,119.65,6612390
2021-06-21 11:17:53,119.65,6612426
2021-06-21 11:17:56,119.65,6612795
2021-06-21 11:17:59,119.7,6620045
2021-06-21 11:18:05,119.7,6621367
2021-06-21 11:18:08,119.75,6621667
2021-06-21 11:18:11,119.75,6621772
2021-06-21 11:18:14,119.75,6623775
2021-06-21 11:18:17,119.7,6625175
2021-06-21 11:18:20,119.75,6625276
2021-06-21 11:18:22,119.75,6631079
2021-06-21 11:18:26,119.75,6634565
2021-06-21 11:18:30,119.75,6637588
2021-06-21 11:18:33,119.75,6637921
2021-06-21 11:18:37,119.8,6642945
2021-06-21 11:18:41,119.7,6643345
2021-06-21 11:18:45,119.75,6644436
2021-06-21 11:18:48,119.75,6644615
2021-06-21 11:18:51,119.8,6644645
2021-06-21 11:18:55,119.8,6644656
2021-06-21 11:18:59,119.8,6644858
2021-06-21 11:19:02,119.8,6644968
2021-06-21 11:19:05,119.75,6644993
2021-06-21 11:19:07,119.8,6644998
2021-06-21 11:19:10,119.75,6645153
2021-06-21 11:19:14,119.8,6645862
2021-06-21 11:19:18,119.75,6646217
2021-06-21 11:19:22,119.8,6649170
2021-06-21 11:19:25,119.8,6649172
2021-06-21 11:19:28,119.8,6649461
2021-06-21 11:19:31,119.75,6649849
2021-06-21 11:19:35,119.8,6650065
2021-06-21 11:19:38,119.8,6650585
2021-06-21 11:19:41,119.8,6651151
2021-06-21 11:19:44,119.8,6651431
2021-06-21 11:19:47,119.75,6652171
2021-06-21 11:19:50,119.8,6653051
2021-06-21 11:19:53,119.8,6662591
2021-06-21 11:19:57,119.8,6672606
2021-06-21 11:20:03,119.8,6674504
2021-06-21 11:20:06,119.8,6675206
2021-06-21 11:20:09,119.85,6675857
2021-06-21 11:20:12,119.8,6675872
2021-06-21 11:20:16,119.85,6676437
2021-06-21 11:20:19,119.8,6676687
2021-06-21 11:20:22,119.85,6682790
2021-06-21 11:20:25,119.8,6682933
2021-06-21 11:20:28,119.8,6683780
2021-06-21 11:20:31,119.8,6683961
2021-06-21 11:20:34,119.8,6683972
2021-06-21 11:20:36,119.85,6684537
2021-06-21 11:20:39,119.8,6684719
2021-06-21 11:20:43,119.85,6685519
2021-06-21 11:20:47,119.85,6685945
2021-06-21 11:20:51,119.85,6685955
2021-06-21 11:20:54,119.85,6695958
2021-06-21 11:20:58,119.75,6698861
2021-06-21 11:21:01,119.8,6699923
2021-06-21 11:21:04,119.8,6701078
2021-06-21 11:21:07,119.8,6701088
2021-06-21 11:21:09,119.8,6701170
2021-06-21 11:21:12,119.75,6701690
2021-06-21 11:21:14,119.8,6701710
2021-06-21 11:21:17,119.8,6701952
2021-06-21 11:21:20,119.75,6705268
2021-06-21 11:21:22,119.8,6705369
2021-06-21 11:21:25,119.75,6705587
2021-06-21 11:21:28,119.8,6705597
2021-06-21 11:21:31,119.8,6709602
2021-06-21 11:21:34,119.8,6709604
2021-06-21 11:21:36,119.75,6710044
2021-06-21 11:21:39,119.8,6710235
2021-06-21 11:21:42,119.8,6710275
2021-06-21 11:21:46,119.8,6714795
2021-06-21 11:21:49,119.8,6714847
2021-06-21 11:21:51,119.75,6715288
2021-06-21 11:21:54,119.75,6715290
2021-06-21 11:21:57,119.8,6715328
2021-06-21 11:22:00,119.75,6721078
2021-06-21 11:22:02,119.75,6723078
2021-06-21 11:22:05,119.75,6724063
2021-06-21 11:22:08,119.8,6724265
2021-06-21 11:22:11,119.8,6724992
2021-06-21 11:22:15,119.8,6725425
2021-06-21 11:22:18,119.8,6725530
2021-06-21 11:22:22,119.8,6728724
2021-06-21 11:22:25,119.8,6728725
2021-06-21 11:22:28,119.85,6732504
2021-06-21 11:22:32,119.8,6732515
2021-06-21 11:22:39,119.85,6733206
2021-06-21 11:22:42,119.8,6733298
2021-06-21 11:22:45,119.85,6734213
2021-06-21 11:22:49,119.75,6734714
2021-06-21 11:22:52,119.75,6735064
2021-06-21 11:22:55,119.85,6735071
2021-06-21 11:22:58,119.85,6735072
2021-06-21 11:23:00,119.85,6735322
2021-06-21 11:23:03,119.85,6735322
2021-06-21 11:23:06,119.8,6747946
2021-06-21 11:23:08,119.8,6747946
2021-06-21 11:23:11,119.9,6747957
2021-06-21 11:23:15,119.9,6747959
2021-06-21 11:23:18,119.85,6748077
2021-06-21 11:23:21,119.8,6750817
2021-06-21 11:23:24,119.8,6750817
2021-06-21 11:23:27,119.8,6751169
2021-06-21 11:23:29,119.8,6753188
2021-06-21 11:23:32,119.8,6754388
2021-06-21 11:23:35,119.9,6755488
2021-06-21 11:23:38,119.9,6756376
2021-06-21 11:23:42,119.8,6758256
2021-06-21 11:23:49,119.9,6759164
2021-06-21 11:23:52,119.9,6768236
2021-06-21 11:23:55,119.9,6768236
2021-06-21 11:23:58,119.95,6768486
2021-06-21 11:24:02,119.95,6768509
2021-06-21 11:24:05,119.9,6776777
2021-06-21 11:24:08,120.0,6776977
2021-06-21 11:24:10,119.95,6777210
2021-06-21 11:24:13,120.0,6778354
2021-06-21 11:24:15,119.9,6778554
2021-06-21 11:24:18,120.0,6779410
2021-06-21 11:24:21,120.0,6782433
2021-06-21 11:24:24,120.0,6784030
2021-06-21 11:24:27,120.0,6784833
2021-06-21 11:24:30,119.95,6786138
2021-06-21 11:24:33,120.0,6786158
2021-06-21 11:24:37,119.95,6786256
2021-06-21 11:24:40,119.95,6786390
2021-06-21 11:24:44,119.95,6786625
2021-06-21 11:24:46,120.0,6786925
2021-06-21 11:24:49,119.95,6787257
2021-06-21 11:24:52,119.95,6787445
2021-06-21 11:24:55,119.95,6787848
2021-06-21 11:24:59,120.0,6788871
2021-06-21 11:25:02,119.95,6788883
2021-06-21 11:25:04,120.0,6788884
2021-06-21 11:25:07,119.95,6788965
2021-06-21 11:25:10,119.95,6794165
2021-06-21 11:25:12,119.95,6796836
2021-06-21 11:25:15,120.05,6802620
2021-06-21 11:25:19,120.05,6804223
2021-06-21 11:25:22,120.05,6806742
2021-06-21 11:25:24,120.05,6806742
2021-06-21 11:25:27,120.0,6806782
2021-06-21 11:25:29,120.05,6806837
2021-06-21 11:25:32,120.05,6807441
2021-06-21 11:25:34,120.05,6808131
2021-06-21 11:25:37,120.1,6810713
2021-06-21 11:25:40,120.05,6812908
2021-06-21 11:25:43,120.1,6813648
2021-06-21 11:25:46,120.1,6814152
2021-06-21 11:25:49,120.1,6815312
2021-06-21 11:25:52,120.1,6815512
2021-06-21 11:25:55,120.0,6816866
2021-06-21 11:25:58,120.05,6816875
2021-06-21 11:26:01,120.05,6816986
2021-06-21 11:26:03,120.0,6817096
2021-06-21 11:26:07,120.05,6817403
2021-06-21 11:26:10,120.0,6817929
2021-06-21 11:26:13,120.05,6818184
2021-06-21 11:26:15,120.1,6818246
2021-06-21 11:26:18,120.1,6818246
2021-06-21 11:26:22,120.05,6823247
2021-06-21 11:26:25,120.05,6823497
2021-06-21 11:26:27,120.05,6823507
2021-06-21 11:26:30,120.05,6824536
2021-06-21 11:26:33,120.05,6824541
2021-06-21 11:26:36,120.0,6824788
2021-06-21 11:26:39,120.05,6824841
2021-06-21 11:26:41,120.05,6824844
2021-06-21 11:26:44,120.05,6824844
2021-06-21 11:26:47,120.05,6824976
2021-06-21 11:26:49,120.05,6824976
2021-06-21 11:26:52,120.05,6825294
2021-06-21 11:26:54,120.05,6825295
2021-06-21 11:26:57,120.05,6825465
2021-06-21 11:27:00,120.05,6825491
2021-06-21 11:27:03,120.05,6825791
2021-06-21 11:27:06,120.05,6825791
2021-06-21 11:27:09,120.05,6825794
2021-06-21 11:27:12,120.0,6825924
2021-06-21 11:27:14,120.05,6826077
2021-06-21 11:27:17,120.0,6826495
2021-06-21 11:27:19,120.05,6826539
2021-06-21 11:27:23,120.05,6829280
2021-06-21 11:27:26,120.0,6829697
2021-06-21 11:27:29,120.05,6836850
2021-06-21 11:27:32,120.05,6836850
2021-06-21 11:27:35,120.05,6836977
2021-06-21 11:27:38,120.05,6837104
2021-06-21 11:27:41,120.05,6843977
2021-06-21 11:27:44,120.1,6843982
2021-06-21 11:27:47,120.1,6843982
2021-06-21 11:27:51,120.05,6844012
2021-06-21 11:27:53,120.1,6844137
2021-06-21 11:27:56,120.05,6844452
2021-06-21 11:27:59,120.1,6844473
2021-06-21 11:28:03,120.1,6845121
2021-06-21 11:28:06,120.15,6845261
2021-06-21 11:28:09,120.1,6845365
2021-06-21 11:28:11,120.15,6845865
2021-06-21 11:28:14,120.1,6845965
2021-06-21 11:28:17,120.15,6846676
2021-06-21 11:28:19,120.1,6850433
2021-06-21 11:28:22,120.05,6861848
2021-06-21 11:28:25,120.0,6861961
2021-06-21 11:28:27,120.05,6863211
