timestamp,ltp,volume
2021-06-21 09:16:40,230.25,303625
2021-06-21 09:16:42,230.25,306118
2021-06-21 09:16:43,230.25,307076
2021-06-21 09:16:44,230.3,307722
2021-06-21 09:16:45,230.45,317258
2021-06-21 09:16:48,230.45,320489
2021-06-21 09:16:49,230.2,328827
2021-06-21 09:16:52,230.2,331221
2021-06-21 09:16:53,230.25,331252
2021-06-21 09:16:54,230.4,332038
2021-06-21 09:16:55,230.4,332059
2021-06-21 09:16:56,230.4,332059
2021-06-21 09:16:58,230.4,332764
2021-06-21 09:16:59,230.4,332764
2021-06-21 09:17:00,230.25,333422
2021-06-21 09:17:01,230.45,333924
2021-06-21 09:17:03,230.15,336274
2021-06-21 09:17:04,230.1,336318
2021-06-21 09:17:05,230.2,336405
2021-06-21 09:17:06,230.2,337415
2021-06-21 09:17:07,230.2,339315
2021-06-21 09:17:09,230.2,339853
2021-06-21 09:17:10,230.2,339882
2021-06-21 09:17:11,230.2,340302
2021-06-21 09:17:12,230.1,345603
2021-06-21 09:17:14,230.15,345809
2021-06-21 09:17:15,230.05,347702
2021-06-21 09:17:16,229.9,362439
2021-06-21 09:17:17,230.05,364405
2021-06-21 09:17:18,230.1,368307
2021-06-21 09:17:19,230.1,368317
2021-06-21 09:17:20,230.2,382143
2021-06-21 09:17:21,230.2,383284
2021-06-21 09:17:22,230.15,383953
2021-06-21 09:17:23,230.4,388784
2021-06-21 09:17:24,230.4,388794
2021-06-21 09:17:25,230.5,390672
2021-06-21 09:17:26,230.4,390707
2021-06-21 09:17:27,230.5,390989
2021-06-21 09:17:28,230.5,391940
2021-06-21 09:17:29,230.5,393409
2021-06-21 09:17:30,230.6,400811
2021-06-21 09:17:32,230.9,401665
2021-06-21 09:17:33,230.8,401916
2021-06-21 09:17:34,230.95,402627
2021-06-21 09:17:35,230.9,402678
2021-06-21 09:17:37,230.9,408279
2021-06-21 09:17:38,230.85,408288
2021-06-21 09:17:39,230.85,410289
2021-06-21 09:17:40,230.9,410593
2021-06-21 09:17:41,230.95,410880
2021-06-21 09:17:42,230.95,411380
2021-06-21 09:17:43,230.95,411390
2021-06-21 09:17:44,230.95,412611
2021-06-21 09:17:45,231.0,413068
2021-06-21 09:17:46,231.0,413068
2021-06-21 09:17:47,231.15,420398
2021-06-21 09:17:48,231.1,420400
2021-06-21 09:17:49,231.15,420897
2021-06-21 09:17:50,231.15,420897
2021-06-21 09:17:51,231.05,425218
2021-06-21 09:17:52,231.2,425733
2021-06-21 09:17:53,231.05,426398
2021-06-21 09:17:54,230.85,433891
2021-06-21 09:17:55,230.95,436050
2021-06-21 09:17:56,230.95,436108
2021-06-21 09:17:57,230.95,436158
2021-06-21 09:17:58,231.0,436655
2021-06-21 09:17:59,230.95,437830
2021-06-21 09:18:00,230.8,438349
2021-06-21 09:18:01,230.8,438349
2021-06-21 09:18:02,230.95,440040
2021-06-21 09:18:03,231.05,440290
2021-06-21 09:18:04,230.85,447543
2021-06-21 09:18:05,230.85,449071
2021-06-21 09:18:06,230.95,450849
2021-06-21 09:18:07,231.0,452253
2021-06-21 09:18:08,231.0,453192
2021-06-21 09:18:09,230.9,453792
2021-06-21 09:18:10,230.9,453792
2021-06-21 09:18:11,230.9,454733
2021-06-21 09:18:12,231.0,454763
2021-06-21 09:18:13,231.05,455551
2021-06-21 09:18:14,231.1,457914
2021-06-21 09:18:15,231.1,457914
2021-06-21 09:18:16,231.1,457914
2021-06-21 09:18:17,231.0,460844
2021-06-21 09:18:18,231.15,460994
2021-06-21 09:18:19,231.15,461125
2021-06-21 09:18:20,231.0,461155
2021-06-21 09:18:21,231.25,463563
2021-06-21 09:18:22,231.25,463563
2021-06-21 09:18:23,231.1,463669
2021-06-21 09:18:24,231.15,463702
2021-06-21 09:18:25,231.15,464032
2021-06-21 09:18:27,231.15,464204
2021-06-21 09:18:26,231.15,464075
2021-06-21 09:18:28,231.2,464245
2021-06-21 09:18:29,231.15,464531
2021-06-21 09:18:30,231.15,464531
2021-06-21 09:18:31,231.2,464558
2021-06-21 09:18:32,231.1,464678
2021-06-21 09:18:33,231.2,464756
2021-06-21 09:18:34,231.0,469118
2021-06-21 09:18:35,231.05,469603
2021-06-21 09:18:36,231.05,469603
2021-06-21 09:18:37,230.9,469816
2021-06-21 09:18:38,230.95,469906
2021-06-21 09:18:39,230.95,470906
2021-06-21 09:18:40,231.05,471466
2021-06-21 09:18:41,230.95,471566
2021-06-21 09:18:42,231.05,471716
2021-06-21 09:18:43,230.85,476657
2021-06-21 09:18:44,230.95,476697
2021-06-21 09:18:45,231.0,477403
2021-06-21 09:18:46,231.0,477463
2021-06-21 09:18:47,230.95,478874
2021-06-21 09:18:48,230.9,479425
2021-06-21 09:18:49,230.9,479927
2021-06-21 09:18:50,230.85,480289
2021-06-21 09:18:51,230.9,480389
2021-06-21 09:18:52,230.9,480501
2021-06-21 09:18:53,231.05,484893
2021-06-21 09:18:54,231.0,485143
2021-06-21 09:18:55,231.0,485213
2021-06-21 09:18:56,231.0,485315
2021-06-21 09:18:57,231.0,485320
2021-06-21 09:18:58,231.0,485320
2021-06-21 09:18:59,230.95,485512
2021-06-21 09:19:00,230.95,485517
2021-06-21 09:19:02,230.95,485732
2021-06-21 09:19:03,231.0,485734
2021-06-21 09:19:04,230.95,486134
2021-06-21 09:19:05,231.0,486885
2021-06-21 09:19:06,231.0,487510
2021-06-21 09:19:07,231.05,487528
2021-06-21 09:19:08,231.05,487543
2021-06-21 09:19:09,231.0,487651
2021-06-21 09:19:11,231.05,492152
2021-06-21 09:19:12,231.0,493608
2021-06-21 09:19:14,231.05,494114
2021-06-21 09:19:14,231.05,494387
2021-06-21 09:19:15,231.0,494546
2021-06-21 09:19:16,231.15,494590
2021-06-21 09:19:17,231.15,495096
2021-06-21 09:19:18,231.15,495096
2021-06-21 09:19:19,231.15,495126
2021-06-21 09:19:20,231.2,497026
2021-06-21 09:19:21,231.05,497293
2021-06-21 09:19:22,231.05,497461
2021-06-21 09:19:23,231.1,498062
2021-06-21 09:19:24,231.2,498463
2021-06-21 09:19:25,231.2,499099
2021-06-21 09:19:26,231.25,499218
2021-06-21 09:19:27,231.25,499218
2021-06-21 09:19:28,231.25,499224
2021-06-21 09:19:29,231.25,499224
2021-06-21 09:19:30,231.3,500501
2021-06-21 09:19:31,231.3,500502
2021-06-21 09:19:33,231.25,501554
2021-06-21 09:19:34,231.25,501554
2021-06-21 09:19:35,231.25,501554
2021-06-21 09:19:36,231.35,501793
2021-06-21 09:19:37,231.55,512494
2021-06-21 09:19:37,231.55,512494
2021-06-21 09:19:38,231.35,521544
2021-06-21 09:19:40,231.4,524523
2021-06-21 09:19:41,231.4,528233
2021-06-21 09:19:42,231.15,538625
2021-06-21 09:19:44,231.1,538973
2021-06-21 09:19:45,231.1,539108
2021-06-21 09:19:46,231.15,543149
2021-06-21 09:19:47,231.1,543278
2021-06-21 09:19:48,231.0,543518
2021-06-21 09:19:50,231.15,543771
2021-06-21 09:19:51,231.05,544078
2021-06-21 09:19:53,231.05,547066
2021-06-21 09:19:54,231.15,547148
2021-06-21 09:19:55,231.0,547214
2021-06-21 09:19:56,231.1,547252
2021-06-21 09:19:57,231.1,547452
2021-06-21 09:19:58,231.2,547581
2021-06-21 09:19:59,231.2,547625
2021-06-21 09:20:00,231.05,547635
2021-06-21 09:20:01,231.1,547642
2021-06-21 09:20:02,231.05,549157
2021-06-21 09:20:03,230.9,550023
2021-06-21 09:20:04,231.05,550039
2021-06-21 09:20:05,231.0,550556
2021-06-21 09:20:06,231.0,552041
2021-06-21 09:20:07,231.0,552353
2021-06-21 09:20:08,230.85,552377
2021-06-21 09:20:09,231.0,552417
2021-06-21 09:20:10,230.65,560062
2021-06-21 09:20:11,230.55,563799
2021-06-21 09:20:12,230.6,565259
2021-06-21 09:20:13,230.65,565299
2021-06-21 09:20:14,230.5,565957
2021-06-21 09:20:15,230.6,566012
2021-06-21 09:20:16,230.6,568021
2021-06-21 09:20:17,230.7,568071
2021-06-21 09:20:18,230.75,568207
2021-06-21 09:20:19,230.75,568407
2021-06-21 09:20:20,230.6,568597
2021-06-21 09:20:21,230.6,568597
2021-06-21 09:20:22,230.75,573197
2021-06-21 09:20:23,230.7,573244
2021-06-21 09:20:24,230.65,573876
2021-06-21 09:20:25,230.7,575070
2021-06-21 09:20:26,230.55,575472
2021-06-21 09:20:27,230.75,575477
2021-06-21 09:20:28,230.75,575777
2021-06-21 09:20:30,230.75,576627
2021-06-21 09:20:30,230.75,576627
2021-06-21 09:20:32,230.85,577137
2021-06-21 09:20:33,230.75,622265
2021-06-21 09:20:34,230.7,626786
2021-06-21 09:20:35,230.7,626899
2021-06-21 09:20:36,230.7,627414
2021-06-21 09:20:37,230.75,627469
2021-06-21 09:20:38,230.8,627599
2021-06-21 09:20:39,230.8,627606
2021-06-21 09:20:40,230.8,627654
2021-06-21 09:20:41,230.75,628772
2021-06-21 09:20:42,230.65,629244
2021-06-21 09:20:43,230.65,629251
2021-06-21 09:20:44,230.7,629506
2021-06-21 09:20:45,230.7,629548
2021-06-21 09:20:45,230.7,629568
2021-06-21 09:20:47,230.7,634804
2021-06-21 09:20:47,230.65,634892
2021-06-21 09:20:48,230.65,634909
2021-06-21 09:20:49,230.85,652590
2021-06-21 09:20:52,230.8,656618
2021-06-21 09:20:52,230.8,656618
2021-06-21 09:20:53,230.75,657295
2021-06-21 09:20:54,230.75,657490
2021-06-21 09:20:55,230.55,665183
2021-06-21 09:20:56,230.5,668963
2021-06-21 09:20:58,230.35,669839
2021-06-21 09:20:59,230.35,670048
2021-06-21 09:20:59,230.35,670092
2021-06-21 09:21:00,230.35,670130
2021-06-21 09:21:01,230.4,670921
2021-06-21 09:21:02,230.35,671007
2021-06-21 09:21:03,230.6,678644
2021-06-21 09:21:04,230.45,678659
2021-06-21 09:21:06,230.9,684692
2021-06-21 09:21:08,230.85,688888
2021-06-21 09:21:09,230.7,689020
2021-06-21 09:21:10,230.8,689027
2021-06-21 09:21:11,230.65,689141
2021-06-21 09:21:12,230.6,690394
2021-06-21 09:21:12,230.6,690394
2021-06-21 09:21:13,230.5,690419
2021-06-21 09:21:14,230.65,690473
2021-06-21 09:21:15,230.65,691186
2021-06-21 09:21:16,230.65,691436
2021-06-21 09:21:17,230.45,692186
2021-06-21 09:21:18,230.6,692704
2021-06-21 09:21:19,230.75,693348
2021-06-21 09:21:20,230.6,693456
2021-06-21 09:21:21,230.6,697780
2021-06-21 09:21:22,230.65,701125
2021-06-21 09:21:23,230.75,701572
2021-06-21 09:21:24,230.65,702331
2021-06-21 09:21:25,230.65,702539
2021-06-21 09:21:27,230.75,703043
2021-06-21 09:21:28,230.6,703485
2021-06-21 09:21:30,230.75,703646
2021-06-21 09:21:30,230.6,703637
2021-06-21 09:21:31,230.6,703690
2021-06-21 09:21:33,230.7,704719
2021-06-21 09:21:34,230.7,704719
2021-06-21 09:21:35,230.65,705295
2021-06-21 09:21:36,230.75,705662
2021-06-21 09:21:37,230.8,705793
2021-06-21 09:21:38,230.65,705837
2021-06-21 09:21:39,230.8,706029
2021-06-21 09:21:41,230.75,706902
2021-06-21 09:21:42,230.75,707018
2021-06-21 09:21:43,230.8,707220
2021-06-21 09:21:44,230.75,707308
2021-06-21 09:21:45,230.75,707491
2021-06-21 09:21:47,230.75,709445
2021-06-21 09:21:47,230.8,707683
2021-06-21 09:21:48,230.7,709492
2021-06-21 09:21:50,230.75,710109
2021-06-21 09:21:51,230.75,710109
2021-06-21 09:21:52,230.7,710330
2021-06-21 09:21:52,230.75,710253
2021-06-21 09:21:54,230.8,710511
2021-06-21 09:21:54,230.8,710811
2021-06-21 09:21:55,230.8,710811
2021-06-21 09:21:57,230.9,712049
2021-06-21 09:21:58,230.8,715261
2021-06-21 09:21:59,230.8,715261
2021-06-21 09:22:00,230.9,715355
2021-06-21 09:22:01,230.8,715653
2021-06-21 09:22:02,230.8,715897
2021-06-21 09:22:03,230.8,716030
2021-06-21 09:22:03,230.9,716062
2021-06-21 09:22:04,230.8,716550
2021-06-21 09:22:05,230.7,718510
2021-06-21 09:22:07,230.7,719880
2021-06-21 09:22:07,230.6,720023
2021-06-21 09:22:08,230.8,721515
2021-06-21 09:22:09,230.8,721515
2021-06-21 09:22:10,230.8,721515
2021-06-21 09:22:11,230.8,721834
2021-06-21 09:22:13,230.8,721869
2021-06-21 09:22:14,230.7,721909
2021-06-21 09:22:14,230.8,721910
2021-06-21 09:22:16,230.7,721996
2021-06-21 09:22:16,230.7,721996
2021-06-21 09:22:17,230.7,722152
2021-06-21 09:22:18,230.75,722536
2021-06-21 09:22:19,230.75,722536
2021-06-21 09:22:20,230.65,723128
2021-06-21 09:22:21,230.75,724754
2021-06-21 09:22:23,230.75,726809
2021-06-21 09:22:26,230.75,729977
2021-06-21 09:22:27,230.75,730096
2021-06-21 09:22:27,230.75,730123
2021-06-21 09:22:28,230.85,730631
2021-06-21 09:22:30,230.75,730822
2021-06-21 09:22:31,230.85,730877
2021-06-21 09:22:32,230.85,730877
2021-06-21 09:22:33,230.75,731178
2021-06-21 09:22:34,230.75,731243
2021-06-21 09:22:35,230.85,734869
2021-06-21 09:22:36,230.85,734922
2021-06-21 09:22:38,231.1,739693
2021-06-21 09:22:39,230.95,750378
2021-06-21 09:22:40,231.1,750558
2021-06-21 09:22:42,231.2,750810
2021-06-21 09:22:42,231.2,750819
2021-06-21 09:22:43,231.1,751039
2021-06-21 09:22:44,231.2,752621
2021-06-21 09:22:45,231.25,753189
2021-06-21 09:22:47,230.9,756866
2021-06-21 09:22:48,231.1,757231
2021-06-21 09:22:49,231.1,757734
2021-06-21 09:22:50,230.95,757824
2021-06-21 09:22:51,231.0,757948
2021-06-21 09:22:52,230.95,757949
2021-06-21 09:22:54,230.95,758047
2021-06-21 09:22:55,231.0,758268
2021-06-21 09:22:56,231.05,758458
2021-06-21 09:22:57,231.05,758458
2021-06-21 09:22:58,231.0,758508
2021-06-21 09:22:58,230.95,758518
2021-06-21 09:23:00,230.95,762637
2021-06-21 09:23:00,230.95,762637
2021-06-21 09:23:01,230.9,762681
2021-06-21 09:23:02,230.95,763963
2021-06-21 09:23:03,230.9,764840
2021-06-21 09:23:04,231.05,764843
2021-06-21 09:23:05,231.1,766157
2021-06-21 09:23:06,231.05,766801
2021-06-21 09:23:07,230.9,767821
2021-06-21 09:23:08,231.05,767841
2021-06-21 09:23:09,231.05,767931
2021-06-21 09:23:10,231.05,767936
2021-06-21 09:23:11,231.05,768703
2021-06-21 09:23:12,231.05,768713
2021-06-21 09:23:13,230.9,768714
2021-06-21 09:23:14,231.0,768715
2021-06-21 09:23:15,231.15,777174
2021-06-21 09:23:17,231.1,778595
2021-06-21 09:23:18,231.15,778795
2021-06-21 09:23:19,231.15,778795
2021-06-21 09:23:19,231.15,778795
2021-06-21 09:23:20,231.15,778839
2021-06-21 09:23:22,230.9,783901
2021-06-21 09:23:23,231.1,784187
2021-06-21 09:23:24,231.1,784187
2021-06-21 09:23:25,231.2,785443
2021-06-21 09:23:26,231.2,785464
2021-06-21 09:23:27,231.15,785475
2021-06-21 09:23:28,231.2,785493
2021-06-21 09:23:29,231.2,785633
2021-06-21 09:23:30,231.2,785633
2021-06-21 09:23:31,231.2,785634
2021-06-21 09:23:32,231.2,785984
2021-06-21 09:23:33,231.25,786185
2021-06-21 09:23:34,231.3,786535
2021-06-21 09:23:37,231.1,788837
2021-06-21 09:23:37,231.3,788939
2021-06-21 09:23:39,231.35,790069
2021-06-21 09:23:39,231.35,790085
2021-06-21 09:23:40,231.3,791431
2021-06-21 09:23:41,231.4,792031
2021-06-21 09:23:43,231.4,792031
2021-06-21 09:23:43,231.35,792553
2021-06-21 09:23:45,231.35,793103
2021-06-21 09:23:46,231.2,793924
2021-06-21 09:23:47,231.15,795337
2021-06-21 09:23:49,231.25,796040
2021-06-21 09:23:53,231.25,798037
2021-06-21 09:23:54,231.3,798395
2021-06-21 09:23:54,231.3,798395
2021-06-21 09:23:59,231.25,800225
2021-06-21 09:24:00,231.3,800350
2021-06-21 09:24:01,231.35,800390
2021-06-21 09:24:01,231.35,800390
2021-06-21 09:24:02,231.25,800895
2021-06-21 09:24:03,231.25,800960
2021-06-21 09:24:04,231.25,800969
2021-06-21 09:24:05,231.25,800970
2021-06-21 09:24:06,231.3,803060
2021-06-21 09:24:07,231.3,803310
2021-06-21 09:24:09,231.3,803512
2021-06-21 09:24:10,231.3,803666
2021-06-21 09:24:10,231.3,803683
2021-06-21 09:24:12,231.3,803733
2021-06-21 09:24:13,231.3,803843
2021-06-21 09:24:14,231.15,806673
2021-06-21 09:24:15,231.15,807223
2021-06-21 09:24:16,231.05,809648
2021-06-21 09:24:17,231.1,811448
2021-06-21 09:24:18,231.0,811493
2021-06-21 09:24:19,231.15,811643
2021-06-21 09:24:21,230.9,822039
2021-06-21 09:24:22,230.9,822039
2021-06-21 09:24:23,230.9,822040
2021-06-21 09:24:25,230.95,822941
2021-06-21 09:24:25,231.0,823041
2021-06-21 09:24:26,231.0,823061
2021-06-21 09:24:27,231.0,823122
2021-06-21 09:24:28,231.0,824673
2021-06-21 09:24:29,231.0,824781
2021-06-21 09:24:30,231.0,832516
2021-06-21 09:24:31,231.0,832516
2021-06-21 09:24:32,231.05,832536
2021-06-21 09:24:34,231.05,832822
2021-06-21 09:24:34,231.05,832822
2021-06-21 09:24:35,231.1,833002
2021-06-21 09:24:36,231.1,833012
2021-06-21 09:24:38,231.1,833471
2021-06-21 09:24:39,231.0,833673
2021-06-21 09:24:40,231.05,833678
2021-06-21 09:24:42,231.1,833989
2021-06-21 09:24:43,231.1,833989
2021-06-21 09:24:43,231.1,834289
2021-06-21 09:24:46,231.1,834359
2021-06-21 09:24:47,231.15,834459
2021-06-21 09:24:49,231.15,834641
2021-06-21 09:24:50,231.2,835329
2021-06-21 09:24:51,231.2,835346
2021-06-21 09:24:52,231.2,835418
2021-06-21 09:24:53,231.05,836302
2021-06-21 09:24:54,231.1,836342
2021-06-21 09:24:55,231.1,836402
2021-06-21 09:24:56,231.15,836529
2021-06-21 09:24:57,231.15,836600
2021-06-21 09:24:58,231.0,836607
2021-06-21 09:24:59,231.15,836617
2021-06-21 09:25:00,231.15,836717
2021-06-21 09:25:01,231.15,836867
2021-06-21 09:25:02,231.15,836922
2021-06-21 09:25:03,231.15,836922
2021-06-21 09:25:05,231.05,836932
2021-06-21 09:25:06,231.05,836932
2021-06-21 09:25:07,231.2,836952
2021-06-21 09:25:08,231.2,837155
2021-06-21 09:25:09,231.1,837205
2021-06-21 09:25:10,231.2,837215
2021-06-21 09:25:11,231.2,837243
2021-06-21 09:25:12,231.2,837343
2021-06-21 09:25:13,231.2,837868
2021-06-21 09:25:14,231.1,837913
2021-06-21 09:25:15,231.2,838113
2021-06-21 09:25:16,231.05,838943
2021-06-21 09:25:17,231.15,838993
2021-06-21 09:25:18,231.15,839093
2021-06-21 09:25:20,231.2,839821
2021-06-21 09:25:20,231.2,839821
2021-06-21 09:25:22,231.2,839825
2021-06-21 09:25:22,231.2,839825
2021-06-21 09:25:23,231.05,839826
2021-06-21 09:25:24,231.05,839827
2021-06-21 09:25:25,231.1,839847
2021-06-21 09:25:26,231.1,839857
2021-06-21 09:25:28,231.1,839857
2021-06-21 09:25:29,231.2,840095
2021-06-21 09:25:30,231.2,840995
2021-06-21 09:25:31,231.2,840995
2021-06-21 09:25:32,231.2,842015
2021-06-21 09:25:33,231.1,842115
2021-06-21 09:25:34,231.1,842779
2021-06-21 09:25:35,231.1,842802
2021-06-21 09:25:36,231.1,842829
2021-06-21 09:25:37,231.1,842844
2021-06-21 09:25:38,231.1,842903
2021-06-21 09:25:39,231.15,842956
2021-06-21 09:25:42,231.2,843343
2021-06-21 09:25:43,231.2,843343
2021-06-21 09:25:44,231.2,843343
2021-06-21 09:25:45,231.2,844143
2021-06-21 09:25:46,231.2,846627
2021-06-21 09:25:47,231.2,847142
2021-06-21 09:25:48,231.2,847146
2021-06-21 09:25:49,231.2,849127
2021-06-21 09:25:50,231.2,850263
2021-06-21 09:25:53,231.2,850263
2021-06-21 09:25:54,231.2,850827
2021-06-21 09:25:55,231.25,850834
2021-06-21 09:25:55,231.25,852742
2021-06-21 09:25:56,231.25,852742
2021-06-21 09:25:57,231.2,852817
2021-06-21 09:25:58,231.25,853342
2021-06-21 09:26:00,231.3,853442
2021-06-21 09:26:01,231.3,853442
2021-06-21 09:26:02,231.3,853542
2021-06-21 09:26:03,231.3,853642
2021-06-21 09:26:04,231.3,853655
2021-06-21 09:26:05,231.3,853655
2021-06-21 09:26:05,231.3,853655
2021-06-21 09:26:07,231.3,854408
2021-06-21 09:26:08,231.35,854719
2021-06-21 09:26:09,231.35,854947
2021-06-21 09:26:10,231.15,859987
2021-06-21 09:26:11,231.2,859990
2021-06-21 09:26:11,231.2,859990
2021-06-21 09:26:12,231.35,860737
2021-06-21 09:26:14,231.4,861746
2021-06-21 09:26:15,231.45,862827
2021-06-21 09:26:16,231.1,863093
2021-06-21 09:26:17,231.15,863157
2021-06-21 09:26:18,231.2,863883
2021-06-21 09:26:19,231.15,864325
2021-06-21 09:26:20,231.15,864325
2021-06-21 09:26:22,231.3,864627
2021-06-21 09:26:23,231.3,864779
2021-06-21 09:26:24,231.4,864811
2021-06-21 09:26:25,231.5,866100
2021-06-21 09:26:26,231.3,866250
2021-06-21 09:26:27,231.3,866250
2021-06-21 09:26:28,231.4,866263
2021-06-21 09:26:29,231.4,866263
2021-06-21 09:26:30,231.4,866263
2021-06-21 09:26:32,231.4,866379
2021-06-21 09:26:31,231.4,866378
2021-06-21 09:26:33,231.45,866629
2021-06-21 09:26:34,231.45,866629
2021-06-21 09:26:35,231.4,867179
2021-06-21 09:26:36,231.4,867179
2021-06-21 09:26:37,231.4,867179
2021-06-21 09:26:38,231.5,867237
2021-06-21 09:26:40,231.4,868524
2021-06-21 09:26:42,231.5,871744
2021-06-21 09:26:43,231.4,871844
2021-06-21 09:26:44,231.5,873394
2021-06-21 09:26:45,231.3,873458
2021-06-21 09:26:46,231.35,873583
2021-06-21 09:26:47,231.35,873583
2021-06-21 09:26:48,231.3,873683
2021-06-21 09:26:49,231.35,875973
2021-06-21 09:26:50,231.35,875973
2021-06-21 09:26:51,231.25,876485
2021-06-21 09:26:52,231.45,876636
2021-06-21 09:26:53,231.45,876704
2021-06-21 09:26:54,231.45,876704
2021-06-21 09:26:55,231.55,878267
2021-06-21 09:26:56,231.55,878330
2021-06-21 09:26:57,231.5,878333
2021-06-21 09:26:58,231.5,878335
2021-06-21 09:26:59,231.45,878932
2021-06-21 09:27:00,231.45,878932
2021-06-21 09:27:01,231.5,878957
2021-06-21 09:27:02,231.45,879081
2021-06-21 09:27:03,231.45,879082
2021-06-21 09:27:04,231.45,879182
2021-06-21 09:27:05,231.45,879262
2021-06-21 09:27:06,231.4,879392
2021-06-21 09:27:07,231.5,879599
2021-06-21 09:27:08,231.55,879649
2021-06-21 09:27:09,231.55,879779
2021-06-21 09:27:10,231.5,879870
2021-06-21 09:27:11,231.45,879914
2021-06-21 09:27:12,231.5,880088
2021-06-21 09:27:13,231.55,880592
2021-06-21 09:27:14,231.5,881277
2021-06-21 09:27:15,231.55,881417
2021-06-21 09:27:16,231.55,881423
2021-06-21 09:27:17,231.55,881469
2021-06-21 09:27:18,231.55,881495
2021-06-21 09:27:19,231.5,881540
2021-06-21 09:27:20,231.4,883203
2021-06-21 09:27:21,231.5,887411
2021-06-21 09:27:22,231.55,887412
2021-06-21 09:27:23,231.55,887412
2021-06-21 09:27:24,231.55,887422
2021-06-21 09:27:25,231.55,887677
2021-06-21 09:27:26,231.55,887902
2021-06-21 09:27:27,231.55,887902
2021-06-21 09:27:28,231.55,887902
2021-06-21 09:27:29,231.6,888610
2021-06-21 09:27:30,231.55,888713
2021-06-21 09:27:31,231.6,888894
2021-06-21 09:27:32,231.6,891993
2021-06-21 09:27:34,231.5,896023
2021-06-21 09:27:35,231.5,896284
2021-06-21 09:27:36,231.5,896284
2021-06-21 09:27:37,231.6,897947
2021-06-21 09:27:38,231.65,898479
2021-06-21 09:27:39,231.65,898579
2021-06-21 09:27:41,231.65,898580
2021-06-21 09:27:40,231.65,898580
2021-06-21 09:27:42,231.65,898593
2021-06-21 09:27:43,231.6,899574
2021-06-21 09:27:44,231.6,900618
2021-06-21 09:27:45,231.6,900733
2021-06-21 09:27:46,231.6,901037
2021-06-21 09:27:47,231.6,901811
2021-06-21 09:27:48,231.6,904404
2021-06-21 09:27:49,231.5,904594
2021-06-21 09:27:50,231.5,904594
2021-06-21 09:27:51,231.65,904894
2021-06-21 09:27:52,231.65,904994
2021-06-21 09:27:53,231.55,904997
2021-06-21 09:27:54,231.65,906010
2021-06-21 09:27:55,231.65,906480
2021-06-21 09:27:56,231.65,906740
2021-06-21 09:27:57,231.65,907585
2021-06-21 09:27:58,231.65,907620
2021-06-21 09:27:59,231.6,907790
2021-06-21 09:28:00,231.6,907790
2021-06-21 09:28:01,231.65,908057
2021-06-21 09:28:02,231.65,908134
2021-06-21 09:28:03,231.6,908534
2021-06-21 09:28:04,231.6,908534
2021-06-21 09:28:05,231.5,921960
2021-06-21 09:28:06,231.5,922310
2021-06-21 09:28:07,231.45,926346
2021-06-21 09:28:08,231.5,926623
2021-06-21 09:28:09,231.4,926713
2021-06-21 09:28:10,231.4,929164
2021-06-21 09:28:11,231.35,929401
2021-06-21 09:28:12,231.35,931141
2021-06-21 09:28:13,231.35,931287
2021-06-21 09:28:14,231.5,932191
2021-06-21 09:28:16,231.5,932798
2021-06-21 09:28:17,231.5,933198
2021-06-21 09:28:18,231.5,933198
2021-06-21 09:28:19,231.5,933255
2021-06-21 09:28:20,231.45,933501
2021-06-21 09:28:21,231.45,933501
2021-06-21 09:28:22,231.45,933516
2021-06-21 09:28:23,231.45,933516
2021-06-21 09:28:24,231.45,933516
2021-06-21 09:28:25,231.5,933602
2021-06-21 09:28:26,231.4,933716
2021-06-21 09:28:27,231.5,933836
2021-06-21 09:28:28,231.45,934136
2021-06-21 09:28:29,231.5,934336
2021-06-21 09:28:30,231.5,934386
2021-06-21 09:28:32,231.5,941955
2021-06-21 09:28:33,231.5,942955
2021-06-21 09:28:34,231.6,943080
2021-06-21 09:28:35,231.6,943224
2021-06-21 09:28:36,231.5,943332
2021-06-21 09:28:37,231.55,943427
2021-06-21 09:28:38,231.5,943471
2021-06-21 09:28:39,231.45,946115
2021-06-21 09:28:40,231.45,946115
2021-06-21 09:28:41,231.6,946117
2021-06-21 09:28:42,231.45,946177
2021-06-21 09:28:43,231.4,946262
2021-06-21 09:28:44,231.6,946312
2021-06-21 09:28:45,231.6,946324
2021-06-21 09:28:46,231.5,946327
2021-06-21 09:28:47,231.6,946622
2021-06-21 09:28:48,231.65,946952
2021-06-21 09:28:49,231.7,948241
2021-06-21 09:28:50,231.6,948242
2021-06-21 09:28:51,231.6,948242
2021-06-21 09:28:53,231.6,948242
2021-06-21 09:28:53,231.6,948242
2021-06-21 09:28:54,231.7,948258
2021-06-21 09:28:55,231.7,948383
2021-06-21 09:28:56,231.7,948417
2021-06-21 09:28:57,231.7,948442
2021-06-21 09:28:58,231.65,948542
2021-06-21 09:28:59,231.7,949267
2021-06-21 09:29:00,231.6,949362
2021-06-21 09:29:01,231.6,949362
2021-06-21 09:29:02,231.6,949446
2021-06-21 09:29:03,231.6,949449
2021-06-21 09:29:04,231.6,949449
2021-06-21 09:29:05,231.7,949775
2021-06-21 09:29:06,231.65,949829
2021-06-21 09:29:07,231.6,949968
2021-06-21 09:29:08,231.6,949968
2021-06-21 09:29:09,231.7,949978
2021-06-21 09:29:10,231.6,950008
2021-06-21 09:29:12,231.7,950108
2021-06-21 09:29:12,231.7,950120
2021-06-21 09:29:14,231.6,950370
2021-06-21 09:29:14,231.6,950405
2021-06-21 09:29:15,231.6,950423
2021-06-21 09:29:16,231.7,950449
2021-06-21 09:29:17,231.7,950584
2021-06-21 09:29:18,231.7,950617
2021-06-21 09:29:19,231.8,955291
2021-06-21 09:29:20,231.7,955441
2021-06-21 09:29:21,231.6,955740
2021-06-21 09:29:22,231.6,955914
2021-06-21 09:29:23,231.7,955949
2021-06-21 09:29:24,231.55,956949
2021-06-21 09:29:25,231.55,956995
2021-06-21 09:29:26,231.7,957828
2021-06-21 09:29:29,231.7,958053
2021-06-21 09:29:31,231.7,958053
2021-06-21 09:29:32,231.75,958095
2021-06-21 09:29:32,231.75,958295
2021-06-21 09:29:33,231.55,963703
2021-06-21 09:29:34,231.6,963843
2021-06-21 09:29:35,231.5,963998
2021-06-21 09:29:36,231.65,964484
2021-06-21 09:29:37,231.65,964586
2021-06-21 09:29:39,231.6,964810
2021-06-21 09:29:40,231.6,964815
2021-06-21 09:29:41,231.75,964915
2021-06-21 09:29:41,231.75,964915
2021-06-21 09:29:42,231.75,964916
2021-06-21 09:29:43,231.75,964971
2021-06-21 09:29:44,231.75,964971
2021-06-21 09:29:45,231.75,964979
2021-06-21 09:29:48,231.7,965682
2021-06-21 09:29:49,231.6,965729
2021-06-21 09:29:49,231.6,965729
2021-06-21 09:29:50,231.6,965729
2021-06-21 09:29:51,231.55,965840
2021-06-21 09:29:52,231.7,965960
2021-06-21 09:29:53,231.7,965980
2021-06-21 09:29:54,231.7,966030
2021-06-21 09:29:55,231.7,966125
2021-06-21 09:29:56,231.7,966135
2021-06-21 09:29:57,231.7,966142
2021-06-21 09:29:58,231.7,966142
2021-06-21 09:29:59,231.7,966246
2021-06-21 09:30:00,231.7,966371
2021-06-21 09:30:01,231.7,966388
2021-06-21 09:30:02,231.7,966852
2021-06-21 09:30:03,231.7,966910
2021-06-21 09:30:04,231.65,967065
2021-06-21 09:30:05,231.65,967179
2021-06-21 09:30:06,231.55,967331
2021-06-21 09:30:07,231.65,967356
2021-06-21 09:30:08,231.65,967427
2021-06-21 09:30:09,231.55,967439
2021-06-21 09:30:10,231.55,967703
2021-06-21 09:30:12,231.55,967856
2021-06-21 09:30:13,231.5,967956
2021-06-21 09:30:13,231.5,967968
2021-06-21 09:30:14,231.55,968076
2021-06-21 09:30:15,231.5,972462
2021-06-21 09:30:16,231.45,972867
2021-06-21 09:30:17,231.45,974091
2021-06-21 09:30:18,231.45,974279
2021-06-21 09:30:19,231.5,974421
2021-06-21 09:30:21,231.4,975069
2021-06-21 09:30:21,231.35,975177
2021-06-21 09:30:22,231.35,975187
2021-06-21 09:30:23,231.45,975687
2021-06-21 09:30:24,231.4,975796
2021-06-21 09:30:25,231.4,975796
2021-06-21 09:30:27,231.4,975799
2021-06-21 09:30:27,231.35,977960
2021-06-21 09:30:28,231.3,978158
2021-06-21 09:30:29,231.3,978709
2021-06-21 09:30:30,231.3,979915
2021-06-21 09:30:31,231.4,979936
2021-06-21 09:30:32,231.4,980087
2021-06-21 09:30:33,231.3,981229
2021-06-21 09:30:35,231.35,981458
2021-06-21 09:30:35,231.35,981458
2021-06-21 09:30:36,231.35,981483
2021-06-21 09:30:37,231.45,981593
2021-06-21 09:30:38,231.35,982109
2021-06-21 09:30:39,231.4,982110
2021-06-21 09:30:40,231.3,982130
2021-06-21 09:30:41,231.3,982157
2021-06-21 09:30:42,231.25,982400
2021-06-21 09:30:43,231.3,983158
2021-06-21 09:30:44,231.3,983158
2021-06-21 09:30:45,231.3,983181
2021-06-21 09:30:46,231.3,983181
2021-06-21 09:30:47,231.3,983181
2021-06-21 09:30:48,231.3,983181
2021-06-21 09:30:49,231.3,983328
2021-06-21 09:30:50,231.3,983334
2021-06-21 09:30:52,231.4,983906
2021-06-21 09:30:52,231.4,984352
2021-06-21 09:30:53,231.4,984352
2021-06-21 09:30:54,231.4,984352
2021-06-21 09:30:56,231.4,984380
2021-06-21 09:30:57,231.4,984380
2021-06-21 09:30:58,231.45,984381
2021-06-21 09:30:59,231.45,984408
2021-06-21 09:31:00,231.45,984413
2021-06-21 09:31:01,231.45,984413
2021-06-21 09:31:03,231.45,984413
2021-06-21 09:31:03,231.45,984513
2021-06-21 09:31:05,231.45,984828
2021-06-21 09:31:05,231.35,985067
2021-06-21 09:31:06,231.35,985111
2021-06-21 09:31:08,231.4,987302
2021-06-21 09:31:09,231.4,987302
2021-06-21 09:31:10,231.35,987614
2021-06-21 09:31:11,231.45,987724
2021-06-21 09:31:12,231.45,987724
2021-06-21 09:31:13,231.45,987724
2021-06-21 09:31:14,231.35,988269
2021-06-21 09:31:15,231.45,988904
2021-06-21 09:31:16,231.45,988944
2021-06-21 09:31:17,231.4,988947
2021-06-21 09:31:18,231.4,988956
2021-06-21 09:31:19,231.4,988956
2021-06-21 09:31:20,231.35,989051
2021-06-21 09:31:21,231.5,989442
2021-06-21 09:31:22,231.4,989566
2021-06-21 09:31:23,231.5,993566
2021-06-21 09:31:24,231.35,993883
2021-06-21 09:31:25,231.3,994485
2021-06-21 09:31:26,231.4,994549
2021-06-21 09:31:27,231.4,994549
2021-06-21 09:31:29,231.35,994714
2021-06-21 09:31:29,231.35,994758
2021-06-21 09:31:30,231.3,995931
2021-06-21 09:31:32,231.15,997840
2021-06-21 09:31:33,231.15,998133
2021-06-21 09:31:34,231.2,998183
2021-06-21 09:31:35,231.2,998183
2021-06-21 09:31:36,231.2,998235
2021-06-21 09:31:37,231.15,998435
2021-06-21 09:31:38,231.2,998766
2021-06-21 09:31:39,231.2,998766
2021-06-21 09:31:40,231.2,998820
2021-06-21 09:31:41,231.2,998870
2021-06-21 09:31:42,231.25,998878
2021-06-21 09:31:43,231.3,998990
2021-06-21 09:31:44,231.3,1001549
2021-06-21 09:31:45,231.35,1002307
2021-06-21 09:31:46,231.3,1002379
2021-06-21 09:31:47,231.35,1002419
2021-06-21 09:31:48,231.25,1002671
2021-06-21 09:31:48,231.25,1002671
2021-06-21 09:31:49,231.35,1002821
2021-06-21 09:31:53,231.3,1005162
2021-06-21 09:31:54,231.35,1005187
2021-06-21 09:31:55,231.25,1005486
2021-06-21 09:31:56,231.3,1006486
2021-06-21 09:31:57,231.3,1006500
2021-06-21 09:31:58,231.3,1006500
2021-06-21 09:31:59,231.3,1006500
2021-06-21 09:32:01,231.2,1006679
2021-06-21 09:32:02,231.3,1006830
2021-06-21 09:32:03,231.3,1006930
2021-06-21 09:32:04,231.3,1006931
2021-06-21 09:32:05,231.3,1006999
2021-06-21 09:32:06,231.25,1007099
2021-06-21 09:32:07,231.25,1007160
2021-06-21 09:32:09,231.3,1007260
2021-06-21 09:32:10,231.3,1007285
2021-06-21 09:32:11,231.35,1007862
2021-06-21 09:32:12,231.35,1008153
2021-06-21 09:32:12,231.25,1008213
2021-06-21 09:32:13,231.3,1008306
2021-06-21 09:32:14,231.35,1008708
2021-06-21 09:32:15,231.25,1009208
2021-06-21 09:32:16,231.25,1009208
2021-06-21 09:32:17,231.25,1009694
2021-06-21 09:32:19,231.25,1009749
2021-06-21 09:32:21,231.3,1009849
2021-06-21 09:32:22,231.3,1010152
2021-06-21 09:32:23,231.3,1010153
2021-06-21 09:32:23,231.3,1010153
2021-06-21 09:32:24,231.3,1010204
2021-06-21 09:32:25,231.25,1010564
2021-06-21 09:32:26,231.25,1010633
2021-06-21 09:32:27,231.25,1010633
2021-06-21 09:32:28,231.25,1010633
2021-06-21 09:32:30,231.25,1010885
2021-06-21 09:32:31,231.3,1012306
2021-06-21 09:32:33,231.3,1012992
2021-06-21 09:32:33,231.3,1013592
2021-06-21 09:32:35,231.25,1014660
2021-06-21 09:32:36,231.2,1014976
2021-06-21 09:32:37,231.2,1014976
2021-06-21 09:32:38,231.2,1014976
2021-06-21 09:32:38,231.25,1014986
2021-06-21 09:32:39,231.25,1015036
2021-06-21 09:32:40,231.25,1015076
2021-06-21 09:32:41,231.25,1015076
2021-06-21 09:32:42,231.25,1017415
2021-06-21 09:32:44,231.15,1018770
2021-06-21 09:32:44,231.15,1018770
2021-06-21 09:32:45,231.25,1018891
2021-06-21 09:32:46,231.2,1018907
2021-06-21 09:32:47,231.2,1018957
2021-06-21 09:32:48,231.25,1018958
2021-06-21 09:32:49,231.25,1018958
2021-06-21 09:32:50,231.2,1018981
2021-06-21 09:32:51,231.15,1019318
2021-06-21 09:32:52,231.15,1019318
2021-06-21 09:32:53,231.25,1019319
2021-06-21 09:32:54,231.25,1019322
2021-06-21 09:32:55,231.25,1019393
2021-06-21 09:32:56,231.25,1019393
2021-06-21 09:32:57,231.3,1021793
2021-06-21 09:32:58,231.3,1022011
2021-06-21 09:33:00,231.3,1022015
2021-06-21 09:33:01,231.3,1022015
2021-06-21 09:33:02,231.25,1023015
2021-06-21 09:33:03,231.3,1024027
2021-06-21 09:33:04,231.3,1024562
2021-06-21 09:33:05,231.25,1024871
2021-06-21 09:33:06,231.25,1024872
2021-06-21 09:33:07,231.3,1024966
2021-06-21 09:33:08,231.3,1025216
2021-06-21 09:33:09,231.3,1025333
2021-06-21 09:33:10,231.25,1025653
2021-06-21 09:33:11,231.3,1029583
2021-06-21 09:33:12,231.35,1029975
2021-06-21 09:33:13,231.3,1029990
2021-06-21 09:33:13,231.3,1029990
2021-06-21 09:33:14,231.3,1030017
2021-06-21 09:33:15,231.35,1030191
2021-06-21 09:33:16,231.25,1030331
2021-06-21 09:33:17,231.3,1030605
2021-06-21 09:33:18,231.3,1030650
2021-06-21 09:33:19,231.3,1030860
2021-06-21 09:33:21,231.3,1031003
2021-06-21 09:33:22,231.25,1031048
2021-06-21 09:33:23,231.25,1031048
2021-06-21 09:33:24,231.25,1031311
2021-06-21 09:33:24,231.25,1031311
2021-06-21 09:33:25,231.3,1031812
2021-06-21 09:33:26,231.3,1032812
2021-06-21 09:33:27,231.2,1032822
2021-06-21 09:33:28,231.2,1032922
2021-06-21 09:33:29,231.35,1039344
2021-06-21 09:33:31,231.35,1041734
2021-06-21 09:33:32,231.35,1042278
2021-06-21 09:33:33,231.35,1042298
2021-06-21 09:33:34,231.3,1042299
2021-06-21 09:33:35,231.3,1042299
2021-06-21 09:33:37,231.35,1042340
2021-06-21 09:33:37,231.35,1042943
2021-06-21 09:33:38,231.35,1042996
2021-06-21 09:33:40,231.35,1043247
2021-06-21 09:33:40,231.35,1043249
2021-06-21 09:33:41,231.35,1043274
2021-06-21 09:33:42,231.35,1043274
2021-06-21 09:33:44,231.35,1043294
2021-06-21 09:33:45,231.35,1043306
2021-06-21 09:33:46,231.25,1047746
2021-06-21 09:33:47,231.3,1047944
2021-06-21 09:33:47,231.3,1047944
2021-06-21 09:33:48,231.3,1047964
2021-06-21 09:33:49,231.3,1047964
2021-06-21 09:33:50,231.3,1048243
2021-06-21 09:33:51,231.3,1048243
2021-06-21 09:33:52,231.3,1048243
2021-06-21 09:33:53,231.25,1048705
2021-06-21 09:33:54,231.3,1049705
2021-06-21 09:33:55,231.2,1050959
2021-06-21 09:33:56,231.2,1050974
2021-06-21 09:33:57,231.1,1053938
2021-06-21 09:33:58,231.1,1054111
2021-06-21 09:33:59,231.15,1054152
2021-06-21 09:34:01,231.05,1055294
2021-06-21 09:34:02,231.05,1056217
2021-06-21 09:34:03,231.05,1056223
2021-06-21 09:34:04,231.2,1057962
2021-06-21 09:34:05,231.2,1057962
2021-06-21 09:34:06,231.05,1058043
2021-06-21 09:34:06,231.05,1058043
2021-06-21 09:34:07,231.2,1059168
2021-06-21 09:34:08,231.2,1059598
2021-06-21 09:34:09,231.05,1061017
2021-06-21 09:34:10,231.05,1061017
2021-06-21 09:34:11,231.1,1061090
2021-06-21 09:34:14,231.1,1061578
2021-06-21 09:34:15,231.15,1061628
2021-06-21 09:34:15,231.15,1061628
2021-06-21 09:34:16,231.0,1067713
2021-06-21 09:34:17,231.0,1067713
2021-06-21 09:34:18,231.05,1068437
2021-06-21 09:34:21,231.05,1068892
2021-06-21 09:34:22,231.1,1069938
2021-06-21 09:34:23,231.1,1070158
2021-06-21 09:34:23,231.1,1070158
2021-06-21 09:34:24,231.1,1070160
2021-06-21 09:34:25,231.1,1070160
2021-06-21 09:34:26,231.0,1083235
2021-06-21 09:34:27,230.95,1084585
2021-06-21 09:34:28,230.95,1084585
2021-06-21 09:34:29,231.0,1085169
2021-06-21 09:34:30,231.0,1085171
2021-06-21 09:34:31,231.0,1086938
2021-06-21 09:34:32,231.0,1086938
2021-06-21 09:34:33,230.8,1092234
2021-06-21 09:34:35,230.95,1092539
2021-06-21 09:34:35,231.05,1092841
2021-06-21 09:34:37,231.1,1093745
2021-06-21 09:34:38,231.0,1093759
2021-06-21 09:34:38,231.1,1093776
2021-06-21 09:34:39,231.1,1093946
2021-06-21 09:34:41,231.05,1093986
2021-06-21 09:34:43,231.05,1093986
2021-06-21 09:34:44,231.1,1093994
2021-06-21 09:34:44,231.0,1094448
2021-06-21 09:34:46,231.05,1094508
2021-06-21 09:34:47,230.95,1095409
2021-06-21 09:34:47,230.9,1096391
2021-06-21 09:34:48,231.0,1097424
2021-06-21 09:34:49,231.0,1097658
2021-06-21 09:34:50,231.05,1104376
2021-06-21 09:34:52,231.05,1106763
2021-06-21 09:34:53,231.05,1106763
2021-06-21 09:34:53,231.0,1108963
2021-06-21 09:34:54,231.05,1109053
2021-06-21 09:34:55,231.1,1109748
2021-06-21 09:34:56,231.05,1110899
2021-06-21 09:34:57,231.05,1111199
2021-06-21 09:34:58,231.0,1111417
2021-06-21 09:34:59,231.05,1118127
2021-06-21 09:35:00,231.1,1118405
2021-06-21 09:35:01,231.05,1118408
2021-06-21 09:35:02,231.05,1118414
2021-06-21 09:35:03,231.1,1118834
2021-06-21 09:35:04,231.1,1118834
2021-06-21 09:35:05,231.1,1118834
2021-06-21 09:35:06,231.1,1120354
2021-06-21 09:35:08,231.05,1120764
2021-06-21 09:35:09,231.15,1121310
2021-06-21 09:35:10,231.1,1121390
2021-06-21 09:35:10,231.1,1121390
2021-06-21 09:35:11,231.05,1122790
2021-06-21 09:35:12,231.15,1122891
2021-06-21 09:35:13,231.15,1122941
2021-06-21 09:35:15,231.15,1123059
2021-06-21 09:35:15,231.1,1123140
2021-06-21 09:35:16,231.15,1123141
2021-06-21 09:35:18,231.15,1123392
2021-06-21 09:35:19,231.15,1123395
2021-06-21 09:35:20,231.15,1123396
2021-06-21 09:35:22,231.1,1123714
2021-06-21 09:35:23,231.15,1123719
2021-06-21 09:35:24,231.15,1123719
2021-06-21 09:35:25,231.15,1123845
2021-06-21 09:35:26,231.15,1123950
2021-06-21 09:35:27,231.15,1123950
2021-06-21 09:35:28,231.1,1123987
2021-06-21 09:35:29,231.15,1123989
2021-06-21 09:35:30,231.2,1124309
2021-06-21 09:35:32,231.2,1125214
2021-06-21 09:35:33,231.15,1125446
2021-06-21 09:35:34,231.2,1125455
2021-06-21 09:35:35,231.2,1125455
2021-06-21 09:35:36,231.2,1125560
2021-06-21 09:35:37,231.2,1125600
2021-06-21 09:35:38,231.2,1125970
2021-06-21 09:35:38,231.2,1125970
2021-06-21 09:35:40,231.25,1127573
2021-06-21 09:35:41,231.25,1127908
2021-06-21 09:35:42,231.25,1128098
2021-06-21 09:35:43,231.25,1128098
2021-06-21 09:35:44,231.25,1128384
2021-06-21 09:35:45,231.2,1128785
2021-06-21 09:35:46,231.2,1128785
2021-06-21 09:35:47,231.2,1129041
2021-06-21 09:35:48,231.2,1129131
2021-06-21 09:35:49,231.15,1129406
2021-06-21 09:35:50,231.15,1129409
2021-06-21 09:35:51,231.15,1129409
2021-06-21 09:35:52,231.15,1129409
2021-06-21 09:35:54,231.15,1129410
2021-06-21 09:35:55,231.1,1129477
2021-06-21 09:35:56,231.2,1130477
2021-06-21 09:35:57,231.15,1130478
2021-06-21 09:35:57,231.15,1130478
2021-06-21 09:35:58,231.15,1130478
2021-06-21 09:36:01,231.2,1130922
2021-06-21 09:36:02,231.2,1130922
2021-06-21 09:36:03,231.2,1130925
2021-06-21 09:36:03,231.15,1131335
2021-06-21 09:36:05,231.2,1131345
2021-06-21 09:36:06,231.1,1132954
2021-06-21 09:36:06,231.15,1132962
2021-06-21 09:36:09,231.05,1134742
2021-06-21 09:36:10,231.0,1135742
2021-06-21 09:36:12,231.1,1136868
2021-06-21 09:36:13,231.1,1140432
2021-06-21 09:36:14,231.05,1140498
2021-06-21 09:36:15,231.0,1140764
2021-06-21 09:36:16,231.15,1140768
2021-06-21 09:36:17,231.15,1140768
2021-06-21 09:36:18,231.15,1141848
2021-06-21 09:36:18,231.15,1141866
2021-06-21 09:36:20,231.15,1142872
2021-06-21 09:36:21,231.05,1143174
2021-06-21 09:36:23,231.0,1143701
2021-06-21 09:36:25,231.0,1144701
2021-06-21 09:36:25,231.15,1145579
2021-06-21 09:36:27,231.15,1146063
2021-06-21 09:36:29,231.1,1146290
2021-06-21 09:36:30,231.1,1146292
2021-06-21 09:36:30,231.1,1146302
2021-06-21 09:36:31,230.85,1150910
2021-06-21 09:36:32,230.9,1151606
2021-06-21 09:36:35,230.95,1152123
2021-06-21 09:36:36,230.9,1152228
2021-06-21 09:36:37,230.85,1152427
2021-06-21 09:36:38,230.85,1152438
2021-06-21 09:36:38,230.9,1152538
2021-06-21 09:36:39,230.9,1152549
2021-06-21 09:36:41,230.9,1152639
2021-06-21 09:36:43,230.9,1152712
2021-06-21 09:36:44,230.9,1152837
2021-06-21 09:36:45,230.75,1153957
2021-06-21 09:36:47,230.75,1154875
2021-06-21 09:36:48,230.7,1155508
2021-06-21 09:36:49,230.6,1156405
2021-06-21 09:36:50,230.7,1157148
2021-06-21 09:36:51,230.7,1157248
2021-06-21 09:36:52,230.8,1159322
2021-06-21 09:36:53,230.75,1159397
2021-06-21 09:36:54,230.85,1159497
2021-06-21 09:36:55,230.8,1159499
2021-06-21 09:36:56,230.9,1160815
2021-06-21 09:36:57,230.9,1161298
2021-06-21 09:36:58,230.8,1161738
2021-06-21 09:36:59,230.8,1161738
2021-06-21 09:37:00,230.8,1161738
2021-06-21 09:37:01,230.95,1161838
2021-06-21 09:37:02,230.95,1161848
2021-06-21 09:37:03,230.85,1161858
2021-06-21 09:37:06,230.9,1162135
2021-06-21 09:37:06,230.9,1162135
2021-06-21 09:37:07,230.9,1162135
2021-06-21 09:37:08,230.95,1162387
2021-06-21 09:37:09,230.95,1162527
2021-06-21 09:37:11,230.8,1162628
2021-06-21 09:37:12,230.8,1162628
2021-06-21 09:37:13,230.95,1162629
2021-06-21 09:37:15,230.95,1162629
2021-06-21 09:37:16,230.9,1162634
2021-06-21 09:37:17,230.9,1162662
2021-06-21 09:37:18,230.95,1162883
2021-06-21 09:37:19,230.95,1162883
2021-06-21 09:37:20,230.95,1162883
2021-06-21 09:37:21,230.85,1162948
2021-06-21 09:37:22,230.85,1163048
2021-06-21 09:37:23,230.85,1163048
2021-06-21 09:37:24,230.95,1163055
2021-06-21 09:37:25,230.95,1163055
2021-06-21 09:37:26,230.95,1163085
2021-06-21 09:37:27,230.95,1163085
2021-06-21 09:37:28,230.95,1163090
2021-06-21 09:37:31,230.95,1163098
2021-06-21 09:37:32,230.95,1163105
2021-06-21 09:37:33,230.95,1163105
2021-06-21 09:37:34,230.9,1163285
2021-06-21 09:37:35,230.95,1163385
2021-06-21 09:37:36,230.9,1163389
2021-06-21 09:37:37,230.9,1163389
2021-06-21 09:37:38,230.9,1163451
2021-06-21 09:37:39,230.85,1163452
2021-06-21 09:37:40,230.75,1164042
2021-06-21 09:37:41,230.75,1167933
2021-06-21 09:37:42,230.75,1167933
2021-06-21 09:37:43,230.75,1167934
2021-06-21 09:37:44,230.75,1167935
2021-06-21 09:37:45,230.75,1168005
2021-06-21 09:37:46,230.85,1179223
2021-06-21 09:37:47,230.75,1180418
2021-06-21 09:37:48,230.6,1182367
2021-06-21 09:37:49,230.55,1183634
2021-06-21 09:37:51,230.55,1183634
2021-06-21 09:37:50,230.55,1183634
2021-06-21 09:37:52,230.6,1183885
2021-06-21 09:37:54,230.6,1183890
2021-06-21 09:37:55,230.55,1183937
2021-06-21 09:37:56,230.55,1183937
2021-06-21 09:37:57,230.55,1183987
2021-06-21 09:37:58,230.55,1183987
2021-06-21 09:37:59,230.6,1184312
2021-06-21 09:38:00,230.6,1184312
2021-06-21 09:38:01,230.6,1184324
2021-06-21 09:38:02,230.7,1184565
2021-06-21 09:38:03,230.65,1184575
2021-06-21 09:38:04,230.7,1184580
2021-06-21 09:38:05,230.7,1184698
2021-06-21 09:38:06,230.65,1184743
2021-06-21 09:38:07,230.7,1184957
2021-06-21 09:38:09,230.55,1188681
2021-06-21 09:38:10,230.55,1188714
2021-06-21 09:38:12,230.6,1190529
2021-06-21 09:38:14,230.65,1191606
2021-06-21 09:38:15,230.7,1191706
2021-06-21 09:38:16,230.7,1191706
2021-06-21 09:38:17,230.55,1192707
2021-06-21 09:38:18,230.55,1192857
2021-06-21 09:38:19,230.55,1192882
2021-06-21 09:38:21,230.6,1192929
2021-06-21 09:38:22,230.6,1192929
2021-06-21 09:38:23,230.6,1194474
2021-06-21 09:38:24,230.6,1194482
2021-06-21 09:38:25,230.6,1195042
2021-06-21 09:38:26,230.6,1195042
2021-06-21 09:38:27,230.6,1195046
2021-06-21 09:38:28,230.55,1195050
2021-06-21 09:38:29,230.6,1195300
2021-06-21 09:38:30,230.6,1195305
2021-06-21 09:38:31,230.6,1195508
2021-06-21 09:38:32,230.55,1195527
2021-06-21 09:38:33,230.6,1195679
2021-06-21 09:38:34,230.6,1195679
2021-06-21 09:38:35,230.6,1195752
2021-06-21 09:38:36,230.6,1195772
2021-06-21 09:38:37,230.6,1195772
2021-06-21 09:38:38,230.6,1195838
2021-06-21 09:38:39,230.6,1197154
2021-06-21 09:38:40,230.55,1197191
2021-06-21 09:38:41,230.55,1197191
2021-06-21 09:38:42,230.55,1197191
2021-06-21 09:38:44,230.55,1197353
2021-06-21 09:38:45,230.6,1197521
2021-06-21 09:38:46,230.6,1197692
2021-06-21 09:38:47,230.6,1198366
2021-06-21 09:38:48,230.65,1200382
2021-06-21 09:38:49,230.65,1200382
2021-06-21 09:38:50,230.65,1200652
2021-06-21 09:38:52,230.6,1202978
2021-06-21 09:38:53,230.7,1203119
2021-06-21 09:38:54,230.7,1203154
2021-06-21 09:38:55,230.7,1203154
2021-06-21 09:38:57,230.7,1203157
2021-06-21 09:38:58,230.7,1203163
2021-06-21 09:38:59,230.7,1203387
2021-06-21 09:39:00,230.7,1205562
2021-06-21 09:39:01,230.65,1205893
2021-06-21 09:39:03,230.6,1205903
2021-06-21 09:39:05,230.55,1206905
2021-06-21 09:39:07,230.7,1206908
2021-06-21 09:39:09,230.7,1206973
2021-06-21 09:39:10,230.7,1206973
2021-06-21 09:39:11,230.7,1206978
2021-06-21 09:39:12,230.7,1206978
2021-06-21 09:39:13,230.7,1206978
2021-06-21 09:39:14,230.7,1206978
2021-06-21 09:39:15,230.65,1206994
2021-06-21 09:39:16,230.6,1206996
2021-06-21 09:39:17,230.7,1207096
2021-06-21 09:39:18,230.7,1207098
2021-06-21 09:39:19,230.7,1207099
2021-06-21 09:39:20,230.6,1207199
2021-06-21 09:39:21,230.7,1207449
2021-06-21 09:39:22,230.6,1207494
2021-06-21 09:39:23,230.7,1207749
2021-06-21 09:39:24,230.7,1207749
2021-06-21 09:39:25,230.55,1210751
2021-06-21 09:39:26,230.5,1215723
2021-06-21 09:39:27,230.5,1216614
2021-06-21 09:39:28,230.6,1217769
2021-06-21 09:39:29,230.6,1217769
2021-06-21 09:39:30,230.7,1218156
2021-06-21 09:39:31,230.7,1218176
2021-06-21 09:39:32,230.6,1218626
2021-06-21 09:39:33,230.6,1218688
2021-06-21 09:39:34,230.6,1218688
2021-06-21 09:39:35,230.5,1218748
2021-06-21 09:39:36,230.6,1218751
2021-06-21 09:39:37,230.6,1218761
2021-06-21 09:39:39,230.6,1218924
2021-06-21 09:39:39,230.6,1218924
2021-06-21 09:39:40,230.6,1218924
2021-06-21 09:39:41,230.6,1219749
2021-06-21 09:39:42,230.6,1219959
2021-06-21 09:39:43,230.6,1219959
2021-06-21 09:39:44,230.7,1220959
2021-06-21 09:39:45,230.7,1222051
2021-06-21 09:39:46,230.6,1222438
2021-06-21 09:39:47,230.6,1222538
2021-06-21 09:39:48,230.7,1223563
2021-06-21 09:39:49,230.6,1223663
2021-06-21 09:39:50,230.7,1223854
2021-06-21 09:39:51,230.7,1223878
2021-06-21 09:39:52,230.7,1224360
2021-06-21 09:39:53,230.6,1224399
2021-06-21 09:39:54,230.65,1224403
2021-06-21 09:39:55,230.7,1224413
2021-06-21 09:39:56,230.7,1224413
2021-06-21 09:39:57,230.65,1224414
2021-06-21 09:39:58,230.65,1224665
2021-06-21 09:39:59,230.65,1224715
2021-06-21 09:40:00,230.6,1224881
2021-06-21 09:40:01,230.7,1225094
2021-06-21 09:40:02,230.6,1225244
2021-06-21 09:40:03,230.6,1225244
2021-06-21 09:40:04,230.6,1225244
2021-06-21 09:40:05,230.6,1225254
2021-06-21 09:40:06,230.5,1226779
2021-06-21 09:40:07,230.6,1226806
2021-06-21 09:40:08,230.6,1226916
2021-06-21 09:40:09,230.65,1227134
2021-06-21 09:40:10,230.6,1227229
2021-06-21 09:40:11,230.7,1227254
2021-06-21 09:40:12,230.6,1227354
2021-06-21 09:40:13,230.6,1227733
2021-06-21 09:40:14,230.55,1227934
2021-06-21 09:40:15,230.65,1229835
2021-06-21 09:40:16,230.65,1230064
2021-06-21 09:40:17,230.6,1230380
2021-06-21 09:40:18,230.65,1230447
2021-06-21 09:40:19,230.65,1230447
2021-06-21 09:40:20,230.65,1230639
2021-06-21 09:40:22,230.65,1230662
2021-06-21 09:40:22,230.65,1230662
2021-06-21 09:40:23,230.65,1230662
2021-06-21 09:40:25,230.65,1230741
2021-06-21 09:40:27,230.65,1230852
2021-06-21 09:40:28,230.7,1230988
2021-06-21 09:40:29,230.65,1231098
2021-06-21 09:40:30,230.65,1231099
2021-06-21 09:40:32,230.65,1231192
2021-06-21 09:40:33,230.65,1231248
2021-06-21 09:40:34,230.65,1231254
2021-06-21 09:40:35,230.65,1231260
2021-06-21 09:40:36,230.65,1231410
2021-06-21 09:40:37,230.65,1231410
2021-06-21 09:40:38,230.65,1231438
2021-06-21 09:40:39,230.6,1231440
2021-06-21 09:40:40,230.6,1231522
2021-06-21 09:40:42,230.65,1231981
2021-06-21 09:40:42,230.65,1232015
2021-06-21 09:40:43,230.6,1232434
2021-06-21 09:40:44,230.6,1232434
2021-06-21 09:40:45,230.7,1233252
2021-06-21 09:40:46,230.7,1233565
2021-06-21 09:40:47,230.7,1233588
2021-06-21 09:40:48,230.5,1238189
2021-06-21 09:40:49,230.6,1239319
2021-06-21 09:40:50,230.55,1239414
2021-06-21 09:40:51,230.55,1239921
2021-06-21 09:40:52,230.55,1240100
2021-06-21 09:40:53,230.5,1240302
2021-06-21 09:40:54,230.5,1240405
2021-06-21 09:40:55,230.5,1240651
2021-06-21 09:40:56,230.5,1240651
2021-06-21 09:40:57,230.5,1240651
2021-06-21 09:40:58,230.55,1240657
2021-06-21 09:40:59,230.55,1240667
2021-06-21 09:41:00,230.55,1240707
2021-06-21 09:41:01,230.55,1240747
2021-06-21 09:41:02,230.55,1240748
2021-06-21 09:41:03,230.55,1240889
2021-06-21 09:41:04,230.55,1240907
2021-06-21 09:41:05,230.5,1241118
2021-06-21 09:41:06,230.5,1241368
2021-06-21 09:41:07,230.55,1241418
2021-06-21 09:41:08,230.55,1241557
2021-06-21 09:41:10,230.55,1241738
2021-06-21 09:41:11,230.55,1241738
2021-06-21 09:41:11,230.55,1241738
2021-06-21 09:41:12,230.55,1241738
2021-06-21 09:41:13,230.6,1241741
2021-06-21 09:41:14,230.6,1242064
2021-06-21 09:41:15,230.65,1242536
2021-06-21 09:41:16,230.55,1243032
2021-06-21 09:41:17,230.55,1243037
2021-06-21 09:41:18,230.55,1243037
2021-06-21 09:41:19,230.55,1243087
2021-06-21 09:41:20,230.65,1243119
2021-06-21 09:41:21,230.65,1243119
2021-06-21 09:41:22,230.65,1243121
2021-06-21 09:41:23,230.65,1243172
2021-06-21 09:41:24,230.65,1243232
2021-06-21 09:41:25,230.65,1243261
2021-06-21 09:41:26,230.65,1243264
2021-06-21 09:41:27,230.65,1243264
2021-06-21 09:41:28,230.65,1243264
2021-06-21 09:41:29,230.65,1243373
2021-06-21 09:41:31,230.6,1244900
2021-06-21 09:41:33,230.7,1245019
2021-06-21 09:41:34,230.7,1245019
2021-06-21 09:41:35,230.65,1245125
2021-06-21 09:41:36,230.7,1245325
2021-06-21 09:41:37,230.6,1245825
2021-06-21 09:41:39,230.7,1245891
2021-06-21 09:41:40,230.7,1245891
2021-06-21 09:41:41,230.7,1245896
2021-06-21 09:41:42,230.7,1245896
2021-06-21 09:41:43,230.7,1259361
2021-06-21 09:41:43,230.7,1259361
2021-06-21 09:41:45,230.8,1259362
2021-06-21 09:41:45,230.8,1259362
2021-06-21 09:41:48,230.75,1259382
2021-06-21 09:41:50,230.8,1259592
2021-06-21 09:41:51,230.8,1259599
2021-06-21 09:41:52,230.75,1259604
2021-06-21 09:41:53,230.7,1260046
2021-06-21 09:41:54,230.8,1260146
2021-06-21 09:41:55,230.75,1260147
2021-06-21 09:41:56,230.7,1260197
2021-06-21 09:41:57,230.8,1260245
2021-06-21 09:41:58,230.8,1260245
2021-06-21 09:42:00,230.8,1260245
2021-06-21 09:42:02,230.9,1261279
2021-06-21 09:42:03,230.9,1261279
2021-06-21 09:42:04,230.9,1262299
2021-06-21 09:42:05,230.9,1262304
2021-06-21 09:42:05,230.9,1262304
2021-06-21 09:42:06,230.9,1262304
2021-06-21 09:42:07,230.9,1262337
2021-06-21 09:42:08,230.9,1262337
2021-06-21 09:42:09,230.9,1263095
2021-06-21 09:42:10,230.9,1263145
2021-06-21 09:42:11,230.9,1263146
2021-06-21 09:42:12,230.9,1263146
2021-06-21 09:42:13,230.95,1263749
2021-06-21 09:42:14,230.95,1263749
2021-06-21 09:42:15,230.9,1263779
2021-06-21 09:42:17,231.0,1264680
2021-06-21 09:42:17,231.0,1264680
2021-06-21 09:42:19,231.0,1264683
2021-06-21 09:42:20,231.0,1266678
2021-06-21 09:42:21,231.1,1266717
2021-06-21 09:42:23,231.1,1266717
2021-06-21 09:42:23,231.05,1266837
2021-06-21 09:42:25,231.1,1267837
2021-06-21 09:42:26,231.0,1267840
2021-06-21 09:42:27,231.0,1267878
2021-06-21 09:42:27,231.0,1267878
2021-06-21 09:42:28,231.0,1267878
2021-06-21 09:42:29,231.0,1267890
2021-06-21 09:42:31,231.0,1268016
2021-06-21 09:42:32,231.0,1268021
2021-06-21 09:42:32,231.1,1268149
2021-06-21 09:42:33,231.1,1268149
2021-06-21 09:42:35,231.05,1268450
2021-06-21 09:42:35,231.05,1268470
2021-06-21 09:42:36,231.05,1268470
2021-06-21 09:42:37,231.1,1268970
2021-06-21 09:42:38,231.2,1273256
2021-06-21 09:42:40,231.05,1273435
2021-06-21 09:42:40,231.05,1273435
2021-06-21 09:42:41,231.1,1273540
2021-06-21 09:42:42,231.1,1273540
2021-06-21 09:42:43,231.0,1274240
2021-06-21 09:42:44,230.95,1281381
2021-06-21 09:42:45,231.05,1282383
2021-06-21 09:42:47,231.0,1282503
2021-06-21 09:42:48,231.0,1282503
2021-06-21 09:42:49,231.0,1284721
2021-06-21 09:42:51,230.95,1285387
2021-06-21 09:42:52,230.9,1287242
2021-06-21 09:42:53,230.9,1287246
2021-06-21 09:42:53,230.9,1287246
2021-06-21 09:42:54,230.9,1287883
2021-06-21 09:42:57,231.0,1288004
2021-06-21 09:42:58,231.0,1288004
2021-06-21 09:43:01,230.95,1288700
2021-06-21 09:43:02,230.95,1288782
2021-06-21 09:43:02,230.95,1288852
2021-06-21 09:43:03,230.9,1289191
2021-06-21 09:43:05,230.9,1289707
2021-06-21 09:43:06,231.0,1290120
2021-06-21 09:43:06,231.0,1290120
2021-06-21 09:43:08,231.0,1290224
2021-06-21 09:43:08,231.0,1290224
2021-06-21 09:43:10,231.0,1291254
2021-06-21 09:43:11,231.0,1291355
2021-06-21 09:43:11,231.0,1291355
2021-06-21 09:43:13,231.1,1292556
2021-06-21 09:43:14,231.1,1292556
2021-06-21 09:43:15,231.05,1293052
2021-06-21 09:43:16,231.05,1293073
2021-06-21 09:43:16,231.05,1293073
2021-06-21 09:43:17,231.1,1293573
2021-06-21 09:43:18,231.1,1293573
2021-06-21 09:43:19,231.1,1293673
2021-06-21 09:43:20,231.1,1293674
2021-06-21 09:43:21,231.0,1293749
2021-06-21 09:43:22,231.0,1293749
2021-06-21 09:43:23,231.0,1293749
2021-06-21 09:43:24,231.0,1293749
2021-06-21 09:43:26,231.05,1294364
2021-06-21 09:43:27,231.05,1294364
2021-06-21 09:43:29,231.0,1295659
2021-06-21 09:43:30,231.0,1295659
2021-06-21 09:43:32,231.0,1295659
2021-06-21 09:43:33,231.1,1295879
2021-06-21 09:43:34,231.1,1295879
2021-06-21 09:43:35,231.1,1295882
2021-06-21 09:43:36,231.1,1295882
2021-06-21 09:43:37,231.1,1296152
2021-06-21 09:43:38,231.1,1296152
2021-06-21 09:43:40,231.1,1296163
2021-06-21 09:43:41,231.1,1296281
2021-06-21 09:43:42,231.1,1297195
2021-06-21 09:43:43,231.15,1297411
2021-06-21 09:43:44,231.15,1297417
2021-06-21 09:43:45,231.15,1297437
2021-06-21 09:43:46,231.1,1297477
2021-06-21 09:43:46,231.1,1297477
2021-06-21 09:43:48,231.2,1299745
2021-06-21 09:43:49,231.1,1300250
2021-06-21 09:43:50,231.2,1300631
2021-06-21 09:43:50,231.2,1300631
2021-06-21 09:43:52,231.2,1300756
2021-06-21 09:43:52,231.2,1300756
2021-06-21 09:43:53,231.2,1300756
2021-06-21 09:43:54,231.2,1300756
2021-06-21 09:43:55,231.2,1300976
2021-06-21 09:43:57,231.2,1301010
2021-06-21 09:43:58,231.15,1301311
2021-06-21 09:43:59,231.15,1301354
2021-06-21 09:44:00,231.15,1301354
2021-06-21 09:44:01,231.2,1301437
2021-06-21 09:44:02,231.15,1301966
2021-06-21 09:44:03,231.1,1303939
2021-06-21 09:44:04,231.1,1303939
2021-06-21 09:44:05,231.05,1304156
2021-06-21 09:44:06,231.1,1304326
2021-06-21 09:44:07,231.1,1304333
2021-06-21 09:44:08,231.1,1304384
2021-06-21 09:44:09,231.1,1304394
2021-06-21 09:44:10,231.1,1304445
2021-06-21 09:44:11,231.1,1304470
2021-06-21 09:44:12,231.2,1309500
2021-06-21 09:44:13,231.05,1310890
2021-06-21 09:44:13,231.05,1310890
2021-06-21 09:44:14,231.2,1311061
2021-06-21 09:44:15,231.05,1311076
2021-06-21 09:44:16,231.15,1313251
2021-06-21 09:44:17,231.15,1313251
2021-06-21 09:44:18,231.15,1313251
2021-06-21 09:44:20,231.2,1313853
2021-06-21 09:44:21,231.2,1313853
2021-06-21 09:44:22,231.2,1313853
2021-06-21 09:44:23,231.15,1314203
2021-06-21 09:44:24,231.1,1317149
2021-06-21 09:44:25,231.1,1317150
2021-06-21 09:44:26,231.15,1317321
2021-06-21 09:44:27,231.1,1321653
2021-06-21 09:44:28,231.1,1321661
2021-06-21 09:44:29,231.15,1321871
2021-06-21 09:44:29,231.15,1321871
2021-06-21 09:44:30,231.15,1321871
2021-06-21 09:44:32,231.15,1321871
2021-06-21 09:44:32,231.15,1321871
2021-06-21 09:44:33,231.15,1322327
2021-06-21 09:44:35,231.2,1322691
2021-06-21 09:44:35,231.15,1322741
2021-06-21 09:44:36,231.2,1322743
2021-06-21 09:44:38,231.2,1322782
2021-06-21 09:44:39,231.2,1323327
2021-06-21 09:44:40,231.25,1324463
2021-06-21 09:44:42,231.3,1328250
2021-06-21 09:44:43,231.25,1328300
2021-06-21 09:44:44,231.25,1328315
2021-06-21 09:44:45,231.25,1328325
2021-06-21 09:44:46,231.3,1333336
2021-06-21 09:44:46,231.3,1333336
2021-06-21 09:44:47,231.35,1333536
2021-06-21 09:44:48,231.35,1333536
2021-06-21 09:44:49,231.35,1333536
2021-06-21 09:44:51,231.2,1334453
2021-06-21 09:44:53,231.3,1334872
2021-06-21 09:44:53,231.3,1334872
2021-06-21 09:44:54,231.3,1334879
2021-06-21 09:44:56,231.3,1334879
2021-06-21 09:44:58,231.3,1334939
2021-06-21 09:44:59,231.3,1334944
2021-06-21 09:45:00,231.3,1335455
2021-06-21 09:45:00,231.3,1335444
2021-06-21 09:45:02,231.3,1335459
2021-06-21 09:45:03,231.3,1335459
2021-06-21 09:45:04,231.3,1335466
2021-06-21 09:45:05,231.3,1335469
2021-06-21 09:45:06,231.3,1335479
2021-06-21 09:45:07,231.35,1335873
2021-06-21 09:45:08,231.35,1335873
2021-06-21 09:45:10,231.25,1336573
2021-06-21 09:45:11,231.25,1336970
2021-06-21 09:45:13,231.2,1338001
2021-06-21 09:45:13,231.2,1338001
2021-06-21 09:45:14,231.3,1338006
2021-06-21 09:45:15,231.3,1338031
2021-06-21 09:45:16,231.3,1338031
2021-06-21 09:45:17,231.3,1338056
2021-06-21 09:45:18,231.3,1338068
2021-06-21 09:45:20,231.3,1338068
2021-06-21 09:45:21,231.3,1338470
2021-06-21 09:45:22,231.3,1338470
2021-06-21 09:45:23,231.3,1339158
2021-06-21 09:45:24,231.3,1339158
2021-06-21 09:45:25,231.3,1339158
2021-06-21 09:45:26,231.3,1339158
2021-06-21 09:45:26,231.3,1339158
2021-06-21 09:45:27,231.35,1339162
2021-06-21 09:45:28,231.3,1339212
2021-06-21 09:45:30,231.3,1339212
2021-06-21 09:45:30,231.3,1339212
2021-06-21 09:45:31,231.25,1346028
2021-06-21 09:45:32,231.15,1349795
2021-06-21 09:45:33,231.15,1349873
2021-06-21 09:45:34,231.2,1350485
2021-06-21 09:45:35,231.2,1350486
2021-06-21 09:45:36,231.2,1350586
2021-06-21 09:45:39,231.2,1350696
2021-06-21 09:45:38,231.2,1350596
2021-06-21 09:45:40,231.15,1351316
2021-06-21 09:45:41,231.25,1351426
2021-06-21 09:45:42,231.2,1351438
2021-06-21 09:45:42,231.25,1351458
2021-06-21 09:45:44,231.25,1351488
2021-06-21 09:45:45,231.3,1352088
2021-06-21 09:45:45,231.25,1352118
2021-06-21 09:45:46,231.3,1352119
2021-06-21 09:45:47,231.25,1352120
2021-06-21 09:45:48,231.3,1352125
2021-06-21 09:45:49,231.3,1352635
2021-06-21 09:45:51,231.3,1352735
2021-06-21 09:45:51,231.3,1352735
2021-06-21 09:45:52,231.2,1352905
2021-06-21 09:45:54,231.2,1352910
2021-06-21 09:45:55,231.3,1353012
2021-06-21 09:45:55,231.3,1353012
2021-06-21 09:45:56,231.3,1353015
2021-06-21 09:45:57,231.4,1354020
2021-06-21 09:45:59,231.4,1354027
2021-06-21 09:46:00,231.4,1354027
2021-06-21 09:46:01,231.3,1354127
2021-06-21 09:46:02,231.35,1354227
2021-06-21 09:46:04,231.35,1354227
2021-06-21 09:46:05,231.25,1354354
2021-06-21 09:46:06,231.25,1354434
2021-06-21 09:46:07,231.25,1354437
2021-06-21 09:46:07,231.25,1354437
2021-06-21 09:46:08,231.25,1354637
2021-06-21 09:46:09,231.25,1354647
2021-06-21 09:46:10,231.2,1354717
2021-06-21 09:46:12,231.25,1354722
2021-06-21 09:46:13,231.25,1354723
2021-06-21 09:46:14,231.3,1354724
2021-06-21 09:46:15,231.25,1354734
2021-06-21 09:46:16,231.25,1354734
2021-06-21 09:46:17,231.25,1354734
2021-06-21 09:46:18,231.3,1354754
2021-06-21 09:46:21,231.25,1356157
2021-06-21 09:46:22,231.25,1356157
2021-06-21 09:46:22,231.25,1356157
2021-06-21 09:46:24,231.25,1356157
2021-06-21 09:46:25,231.3,1356184
2021-06-21 09:46:26,231.25,1356349
2021-06-21 09:46:27,231.25,1356349
2021-06-21 09:46:28,231.25,1356349
2021-06-21 09:46:29,231.25,1356374
2021-06-21 09:46:29,231.25,1356374
2021-06-21 09:46:30,231.35,1356574
2021-06-21 09:46:32,231.4,1356605
2021-06-21 09:46:33,231.3,1356710
2021-06-21 09:46:33,231.3,1356710
2021-06-21 09:46:34,231.3,1356710
2021-06-21 09:46:35,231.35,1356720
2021-06-21 09:46:36,231.4,1356731
2021-06-21 09:46:37,231.4,1356731
2021-06-21 09:46:39,231.35,1356741
2021-06-21 09:46:40,231.25,1361870
2021-06-21 09:46:41,231.25,1361870
2021-06-21 09:46:42,231.25,1361971
2021-06-21 09:46:43,231.3,1362071
2021-06-21 09:46:43,231.3,1362071
2021-06-21 09:46:44,231.3,1362441
2021-06-21 09:46:46,231.3,1362696
2021-06-21 09:46:47,231.3,1362702
2021-06-21 09:46:49,231.3,1363055
2021-06-21 09:46:50,231.3,1363205
2021-06-21 09:46:51,231.25,1363230
2021-06-21 09:46:52,231.25,1363230
2021-06-21 09:46:52,231.3,1363250
2021-06-21 09:46:54,231.25,1364640
2021-06-21 09:46:56,231.25,1364683
2021-06-21 09:46:57,231.2,1365678
2021-06-21 09:46:58,231.2,1365678
2021-06-21 09:46:59,231.2,1365678
2021-06-21 09:47:00,231.2,1365678
2021-06-21 09:47:01,231.2,1365678
2021-06-21 09:47:02,231.25,1365778
2021-06-21 09:47:02,231.25,1365778
2021-06-21 09:47:03,231.3,1365828
2021-06-21 09:47:04,231.3,1365828
2021-06-21 09:47:06,231.3,1366477
2021-06-21 09:47:07,231.3,1366477
2021-06-21 09:47:08,231.3,1367777
2021-06-21 09:47:09,231.4,1367783
2021-06-21 09:47:10,231.4,1367783
2021-06-21 09:47:11,231.25,1368283
2021-06-21 09:47:12,231.25,1368283
2021-06-21 09:47:13,231.4,1368373
2021-06-21 09:47:14,231.4,1368373
2021-06-21 09:47:15,231.4,1368661
2021-06-21 09:47:16,231.25,1369189
2021-06-21 09:47:17,231.25,1369189
2021-06-21 09:47:18,231.4,1369989
2021-06-21 09:47:19,231.4,1369990
2021-06-21 09:47:20,231.4,1369990
2021-06-21 09:47:22,231.4,1370041
2021-06-21 09:47:23,231.4,1370041
2021-06-21 09:47:24,231.4,1370069
2021-06-21 09:47:24,231.4,1370169
2021-06-21 09:47:25,231.4,1370378
2021-06-21 09:47:27,231.4,1370808
2021-06-21 09:47:27,231.4,1370810
2021-06-21 09:47:29,231.4,1371106
2021-06-21 09:47:30,231.4,1371106
2021-06-21 09:47:31,231.35,1371116
2021-06-21 09:47:32,231.4,1371126
2021-06-21 09:47:32,231.4,1371126
2021-06-21 09:47:34,231.35,1371352
2021-06-21 09:47:35,231.4,1371383
2021-06-21 09:47:36,231.4,1371407
2021-06-21 09:47:37,231.3,1371436
2021-06-21 09:47:38,231.35,1371461
2021-06-21 09:47:39,231.35,1371461
2021-06-21 09:47:39,231.35,1371461
2021-06-21 09:47:41,231.35,1371536
2021-06-21 09:47:42,231.35,1371536
2021-06-21 09:47:43,231.25,1372511
2021-06-21 09:47:44,231.35,1372521
2021-06-21 09:47:45,231.35,1372751
2021-06-21 09:47:45,231.35,1372751
2021-06-21 09:47:46,231.35,1372761
2021-06-21 09:47:47,231.25,1373311
2021-06-21 09:47:49,231.35,1373407
2021-06-21 09:47:50,231.25,1373417
2021-06-21 09:47:51,231.3,1373532
2021-06-21 09:47:52,231.3,1373597
2021-06-21 09:47:53,231.25,1373847
2021-06-21 09:47:54,231.25,1373847
2021-06-21 09:47:56,231.4,1374580
2021-06-21 09:47:57,231.4,1374584
2021-06-21 09:47:58,231.2,1378672
2021-06-21 09:47:59,231.3,1379766
2021-06-21 09:48:00,231.25,1381366
2021-06-21 09:48:01,231.25,1381366
2021-06-21 09:48:02,231.2,1381652
2021-06-21 09:48:03,231.2,1381825
2021-06-21 09:48:04,231.15,1381875
2021-06-21 09:48:05,231.25,1381983
2021-06-21 09:48:06,231.25,1382083
2021-06-21 09:48:07,231.25,1382093
2021-06-21 09:48:08,231.25,1382093
2021-06-21 09:48:09,231.3,1382343
2021-06-21 09:48:10,231.2,1382344
2021-06-21 09:48:11,231.3,1383504
2021-06-21 09:48:12,231.3,1383505
2021-06-21 09:48:13,231.3,1383516
2021-06-21 09:48:14,231.3,1383521
2021-06-21 09:48:15,231.3,1383521
2021-06-21 09:48:16,231.3,1383521
2021-06-21 09:48:17,231.3,1383521
2021-06-21 09:48:18,231.25,1384140
2021-06-21 09:48:19,231.25,1384145
2021-06-21 09:48:20,231.25,1384192
2021-06-21 09:48:21,231.0,1389247
2021-06-21 09:48:22,231.1,1412530
2021-06-21 09:48:23,231.1,1412555
2021-06-21 09:48:24,231.2,1413184
2021-06-21 09:48:25,231.1,1413235
2021-06-21 09:48:26,231.05,1413260
2021-06-21 09:48:27,230.95,1416684
2021-06-21 09:48:28,231.15,1416754
2021-06-21 09:48:29,231.05,1416929
2021-06-21 09:48:30,231.2,1417304
2021-06-21 09:48:31,231.2,1417306
2021-06-21 09:48:32,231.2,1417306
2021-06-21 09:48:33,231.25,1418208
2021-06-21 09:48:34,231.25,1418208
2021-06-21 09:48:35,231.15,1418283
2021-06-21 09:48:36,231.15,1418483
2021-06-21 09:48:37,231.15,1418483
2021-06-21 09:48:38,231.15,1418483
2021-06-21 09:48:39,231.05,1418804
2021-06-21 09:48:40,231.0,1422804
2021-06-21 09:48:41,231.0,1422804
2021-06-21 09:48:42,231.1,1422904
2021-06-21 09:48:44,231.05,1423084
2021-06-21 09:48:45,231.05,1423537
2021-06-21 09:48:47,231.05,1423737
2021-06-21 09:48:48,231.05,1423837
2021-06-21 09:48:49,231.05,1423837
2021-06-21 09:48:50,231.05,1423837
2021-06-21 09:48:51,231.0,1423857
2021-06-21 09:48:52,231.05,1424032
2021-06-21 09:48:53,231.05,1424032
2021-06-21 09:48:54,231.05,1424077
2021-06-21 09:48:55,231.05,1424077
2021-06-21 09:48:56,231.05,1424077
2021-06-21 09:48:57,231.05,1424180
2021-06-21 09:48:58,231.05,1424180
2021-06-21 09:48:59,231.05,1424180
2021-06-21 09:49:00,230.9,1438027
2021-06-21 09:49:01,230.95,1438029
2021-06-21 09:49:02,230.95,1438080
2021-06-21 09:49:03,230.95,1438080
2021-06-21 09:49:04,230.95,1438085
2021-06-21 09:49:05,230.95,1438223
2021-06-21 09:49:06,230.9,1439591
2021-06-21 09:49:07,230.95,1439621
2021-06-21 09:49:08,230.95,1439622
2021-06-21 09:49:09,230.95,1439622
2021-06-21 09:49:10,231.05,1440146
2021-06-21 09:49:11,231.05,1440146
2021-06-21 09:49:12,231.05,1440149
2021-06-21 09:49:13,231.05,1440149
2021-06-21 09:49:14,231.0,1441172
2021-06-21 09:49:15,230.95,1444982
2021-06-21 09:49:16,231.05,1445758
2021-06-21 09:49:17,231.05,1445783
2021-06-21 09:49:18,231.05,1445801
2021-06-21 09:49:19,231.05,1445801
2021-06-21 09:49:20,231.05,1445802
2021-06-21 09:49:21,231.05,1445803
2021-06-21 09:49:22,231.05,1445806
2021-06-21 09:49:23,231.05,1445806
2021-06-21 09:49:24,231.05,1445806
2021-06-21 09:49:25,231.0,1445816
2021-06-21 09:49:27,231.0,1445821
2021-06-21 09:49:28,231.0,1445822
2021-06-21 09:49:29,231.0,1445822
2021-06-21 09:49:30,230.95,1446508
2021-06-21 09:49:31,230.95,1446508
2021-06-21 09:49:32,230.95,1446521
2021-06-21 09:49:33,230.95,1446521
2021-06-21 09:49:34,230.95,1446521
2021-06-21 09:49:35,230.9,1446767
2021-06-21 09:49:36,230.95,1446774
2021-06-21 09:49:37,230.95,1446774
2021-06-21 09:49:38,230.85,1447256
2021-06-21 09:49:40,230.9,1447278
2021-06-21 09:49:41,230.9,1447278
2021-06-21 09:49:42,230.95,1447668
2021-06-21 09:49:43,231.0,1447868
2021-06-21 09:49:44,231.0,1447878
2021-06-21 09:49:45,231.0,1447878
2021-06-21 09:49:47,231.0,1448128
2021-06-21 09:49:46,231.0,1448128
2021-06-21 09:49:48,231.0,1453746
2021-06-21 09:49:49,231.0,1453846
2021-06-21 09:49:50,231.0,1454227
2021-06-21 09:49:51,231.0,1454228
2021-06-21 09:49:52,231.0,1454229
2021-06-21 09:49:53,231.0,1454229
2021-06-21 09:49:54,231.0,1454334
2021-06-21 09:49:55,231.0,1455664
2021-06-21 09:49:56,231.0,1455667
2021-06-21 09:49:57,230.9,1456217
2021-06-21 09:49:58,230.9,1456411
2021-06-21 09:49:59,230.9,1456411
2021-06-21 09:50:00,231.1,1457411
2021-06-21 09:50:01,230.85,1457811
2021-06-21 09:50:02,230.85,1457811
2021-06-21 09:50:03,231.0,1457816
2021-06-21 09:50:04,231.0,1457837
2021-06-21 09:50:05,231.0,1458251
2021-06-21 09:50:06,231.0,1458253
2021-06-21 09:50:07,231.0,1458253
2021-06-21 09:50:08,231.05,1458353
2021-06-21 09:50:09,231.05,1458399
2021-06-21 09:50:10,231.05,1458461
2021-06-21 09:50:11,231.05,1459481
2021-06-21 09:50:12,231.05,1459481
2021-06-21 09:50:13,231.05,1459481
2021-06-21 09:50:15,231.05,1459633
2021-06-21 09:50:16,231.05,1459633
2021-06-21 09:50:17,230.9,1459648
2021-06-21 09:50:18,231.05,1459713
2021-06-21 09:50:19,231.05,1459713
2021-06-21 09:50:20,230.9,1459846
2021-06-21 09:50:21,230.9,1459846
2021-06-21 09:50:23,231.1,1460694
2021-06-21 09:50:23,231.1,1460694
2021-06-21 09:50:24,231.1,1460694
2021-06-21 09:50:25,231.0,1460794
2021-06-21 09:50:26,231.05,1461404
2021-06-21 09:50:27,231.1,1461505
2021-06-21 09:50:28,231.1,1461505
2021-06-21 09:50:29,231.1,1461555
2021-06-21 09:50:30,231.1,1461555
2021-06-21 09:50:31,230.95,1461815
2021-06-21 09:50:32,230.85,1462537
2021-06-21 09:50:33,230.95,1462587
2021-06-21 09:50:34,231.0,1462782
2021-06-21 09:50:35,231.0,1462846
2021-06-21 09:50:36,231.0,1462846
2021-06-21 09:50:37,231.0,1462846
2021-06-21 09:50:38,231.0,1462846
2021-06-21 09:50:39,231.0,1462846
2021-06-21 09:50:40,231.0,1462846
2021-06-21 09:50:41,231.0,1463196
2021-06-21 09:50:42,231.0,1463196
2021-06-21 09:50:43,231.0,1463196
2021-06-21 09:50:44,231.05,1463296
2021-06-21 09:50:46,231.05,1463296
2021-06-21 09:50:47,231.05,1463296
2021-06-21 09:50:48,230.95,1464196
2021-06-21 09:50:49,230.95,1464196
2021-06-21 09:50:50,231.0,1464216
2021-06-21 09:50:51,231.05,1464456
2021-06-21 09:50:52,231.05,1464456
2021-06-21 09:50:53,231.05,1464456
2021-06-21 09:50:54,231.0,1464480
2021-06-21 09:50:55,231.05,1464515
2021-06-21 09:50:56,231.1,1465025
2021-06-21 09:50:57,231.1,1465030
2021-06-21 09:50:58,231.1,1465032
2021-06-21 09:50:59,231.1,1465032
2021-06-21 09:51:01,231.1,1465396
2021-06-21 09:51:01,231.1,1465396
2021-06-21 09:51:02,231.1,1465636
2021-06-21 09:51:03,231.05,1465686
2021-06-21 09:51:04,231.05,1465686
2021-06-21 09:51:05,231.05,1465686
2021-06-21 09:51:06,231.05,1465686
2021-06-21 09:51:08,231.1,1466919
2021-06-21 09:51:09,231.1,1466999
2021-06-21 09:51:10,231.1,1466999
2021-06-21 09:51:11,231.1,1466999
2021-06-21 09:51:12,231.1,1467138
2021-06-21 09:51:14,231.1,1467138
2021-06-21 09:51:15,231.0,1467271
2021-06-21 09:51:15,231.05,1467281
2021-06-21 09:51:16,231.1,1467283
2021-06-21 09:51:17,231.1,1467283
2021-06-21 09:51:18,231.1,1467283
2021-06-21 09:51:19,231.05,1467310
2021-06-21 09:51:20,231.1,1467411
2021-06-21 09:51:21,231.1,1467428
2021-06-21 09:51:23,231.1,1467448
2021-06-21 09:51:23,231.1,1467453
2021-06-21 09:51:24,231.1,1467635
2021-06-21 09:51:25,231.0,1467822
2021-06-21 09:51:26,231.0,1468260
2021-06-21 09:51:27,231.1,1468841
2021-06-21 09:51:29,231.1,1469245
2021-06-21 09:51:30,231.1,1469245
2021-06-21 09:51:31,231.1,1469345
2021-06-21 09:51:32,231.1,1469345
2021-06-21 09:51:33,231.0,1469395
2021-06-21 09:51:35,231.1,1469420
2021-06-21 09:51:35,231.1,1469400
2021-06-21 09:51:36,231.1,1469420
2021-06-21 09:51:37,231.1,1469420
2021-06-21 09:51:38,231.1,1469420
2021-06-21 09:51:39,231.1,1469420
2021-06-21 09:51:42,231.05,1469555
2021-06-21 09:51:45,231.1,1472898
2021-06-21 09:51:46,231.1,1473228
2021-06-21 09:51:47,231.1,1473503
2021-06-21 09:51:48,231.1,1473855
2021-06-21 09:51:49,231.1,1473855
2021-06-21 09:51:51,231.15,1474357
2021-06-21 09:51:53,231.15,1474357
2021-06-21 09:51:53,231.15,1474365
2021-06-21 09:51:54,231.15,1474365
2021-06-21 09:51:55,231.15,1474387
2021-06-21 09:51:56,231.15,1476266
2021-06-21 09:51:57,231.15,1476266
2021-06-21 09:51:58,231.15,1476266
2021-06-21 09:51:59,231.15,1476266
2021-06-21 09:52:01,231.2,1476594
2021-06-21 09:52:03,231.05,1476754
2021-06-21 09:52:04,231.05,1476754
2021-06-21 09:52:05,231.05,1476754
2021-06-21 09:52:05,231.1,1476904
2021-06-21 09:52:06,231.1,1477151
2021-06-21 09:52:07,231.1,1477151
2021-06-21 09:52:08,231.15,1477293
2021-06-21 09:52:09,231.15,1477343
2021-06-21 09:52:10,231.15,1477343
2021-06-21 09:52:11,231.15,1477347
2021-06-21 09:52:12,231.15,1477347
2021-06-21 09:52:13,231.15,1477347
2021-06-21 09:52:14,231.2,1477372
2021-06-21 09:52:15,231.2,1477372
2021-06-21 09:52:16,231.15,1478459
2021-06-21 09:52:17,231.05,1478569
2021-06-21 09:52:18,231.05,1478569
2021-06-21 09:52:20,231.15,1478754
2021-06-21 09:52:20,231.15,1478754
2021-06-21 09:52:22,231.15,1478756
2021-06-21 09:52:24,231.15,1478782
2021-06-21 09:52:24,231.15,1478782
2021-06-21 09:52:25,231.05,1478882
2021-06-21 09:52:26,231.1,1478947
2021-06-21 09:52:29,231.15,1479678
2021-06-21 09:52:29,231.15,1479678
2021-06-21 09:52:30,231.15,1479678
2021-06-21 09:52:31,231.15,1479678
2021-06-21 09:52:33,231.1,1480028
2021-06-21 09:52:33,231.1,1480028
2021-06-21 09:52:34,231.2,1480058
2021-06-21 09:52:36,231.15,1480108
2021-06-21 09:52:37,231.15,1480118
2021-06-21 09:52:37,231.15,1480118
2021-06-21 09:52:38,231.15,1480118
2021-06-21 09:52:39,231.15,1480118
2021-06-21 09:52:40,231.15,1480121
2021-06-21 09:52:41,231.1,1480168
2021-06-21 09:52:42,231.1,1482668
2021-06-21 09:52:43,231.1,1483096
2021-06-21 09:52:44,231.15,1483656
2021-06-21 09:52:46,231.15,1483656
2021-06-21 09:52:46,231.15,1483656
2021-06-21 09:52:47,231.15,1483656
2021-06-21 09:52:48,231.1,1483856
2021-06-21 09:52:49,231.1,1484128
2021-06-21 09:52:50,231.1,1484228
2021-06-21 09:52:51,231.1,1484228
2021-06-21 09:52:52,231.1,1484428
2021-06-21 09:52:53,231.1,1484428
2021-06-21 09:52:54,231.1,1484478
2021-06-21 09:52:56,231.05,1484503
2021-06-21 09:52:57,231.1,1484523
2021-06-21 09:52:58,231.1,1484525
2021-06-21 09:52:59,231.1,1484525
2021-06-21 09:52:59,231.1,1484525
2021-06-21 09:53:00,231.05,1484828
2021-06-21 09:53:01,231.05,1484828
2021-06-21 09:53:02,231.05,1484828
2021-06-21 09:53:03,231.1,1484878
2021-06-21 09:53:04,231.1,1484878
2021-06-21 09:53:06,231.1,1484878
2021-06-21 09:53:07,231.1,1484878
2021-06-21 09:53:07,231.1,1484878
2021-06-21 09:53:08,231.05,1484903
2021-06-21 09:53:09,231.05,1485664
2021-06-21 09:53:10,231.05,1485664
2021-06-21 09:53:11,231.05,1485691
2021-06-21 09:53:12,231.05,1485930
2021-06-21 09:53:13,231.0,1486030
2021-06-21 09:53:14,231.0,1486030
2021-06-21 09:53:16,231.0,1486046
2021-06-21 09:53:16,231.05,1486147
2021-06-21 09:53:17,231.05,1486147
2021-06-21 09:53:18,231.0,1486247
2021-06-21 09:53:19,231.0,1486247
2021-06-21 09:53:20,231.0,1486249
2021-06-21 09:53:21,231.05,1486264
2021-06-21 09:53:22,231.0,1486265
2021-06-21 09:53:26,231.0,1489126
2021-06-21 09:53:27,231.0,1489147
2021-06-21 09:53:28,231.0,1489147
2021-06-21 09:53:29,231.0,1489540
2021-06-21 09:53:29,231.0,1489540
2021-06-21 09:53:30,230.95,1489621
2021-06-21 09:53:33,230.9,1490053
2021-06-21 09:53:34,230.95,1490257
2021-06-21 09:53:35,230.85,1490709
2021-06-21 09:53:37,230.9,1491595
2021-06-21 09:53:38,230.9,1491595
2021-06-21 09:53:39,230.85,1491650
2021-06-21 09:53:40,230.85,1491862
2021-06-21 09:53:41,231.0,1499913
2021-06-21 09:53:42,230.9,1499967
2021-06-21 09:53:43,230.9,1499967
2021-06-21 09:53:44,230.9,1500946
2021-06-21 09:53:45,230.9,1501015
2021-06-21 09:53:46,230.85,1501515
2021-06-21 09:53:47,231.0,1502031
2021-06-21 09:53:48,230.9,1503621
2021-06-21 09:53:49,230.9,1503621
2021-06-21 09:53:50,230.9,1503621
2021-06-21 09:53:51,231.0,1503641
2021-06-21 09:53:52,231.0,1503641
2021-06-21 09:53:53,231.0,1503641
2021-06-21 09:53:54,231.0,1503658
2021-06-21 09:53:55,231.0,1503661
2021-06-21 09:53:56,231.0,1503668
2021-06-21 09:53:57,231.0,1503668
2021-06-21 09:53:59,230.9,1503714
2021-06-21 09:54:00,231.0,1503914
2021-06-21 09:54:00,231.0,1503914
2021-06-21 09:54:01,231.0,1503914
2021-06-21 09:54:02,230.9,1504042
2021-06-21 09:54:03,230.9,1504042
2021-06-21 09:54:05,231.0,1504044
2021-06-21 09:54:06,231.0,1504349
2021-06-21 09:54:06,231.0,1504360
2021-06-21 09:54:07,231.0,1504685
2021-06-21 09:54:08,231.0,1504685
2021-06-21 09:54:09,231.0,1505119
2021-06-21 09:54:10,230.9,1505125
2021-06-21 09:54:12,231.0,1506125
2021-06-21 09:54:12,231.0,1506126
2021-06-21 09:54:13,231.05,1506626
2021-06-21 09:54:14,231.05,1506626
2021-06-21 09:54:15,231.05,1506626
2021-06-21 09:54:16,230.9,1506656
2021-06-21 09:54:17,230.9,1506656
2021-06-21 09:54:18,230.9,1506656
2021-06-21 09:54:19,230.9,1506656
2021-06-21 09:54:20,230.9,1506656
2021-06-21 09:54:21,231.0,1506659
2021-06-21 09:54:22,230.9,1506772
2021-06-21 09:54:23,231.0,1506822
2021-06-21 09:54:24,231.0,1506822
2021-06-21 09:54:25,231.0,1506822
2021-06-21 09:54:26,231.0,1506822
2021-06-21 09:54:27,231.0,1506972
2021-06-21 09:54:28,231.0,1506972
2021-06-21 09:54:30,230.9,1507169
2021-06-21 09:54:31,230.95,1507172
2021-06-21 09:54:32,230.95,1507172
2021-06-21 09:54:33,230.95,1507172
2021-06-21 09:54:34,231.0,1507197
2021-06-21 09:54:34,230.9,1507219
2021-06-21 09:54:36,230.9,1507219
2021-06-21 09:54:37,230.9,1507219
2021-06-21 09:54:38,230.9,1507219
2021-06-21 09:54:39,230.9,1507219
2021-06-21 09:54:40,230.9,1507219
2021-06-21 09:54:40,230.9,1507219
2021-06-21 09:54:41,230.9,1507219
2021-06-21 09:54:42,231.0,1507222
2021-06-21 09:54:44,230.9,1507247
2021-06-21 09:54:45,231.0,1507249
2021-06-21 09:54:46,231.0,1507249
2021-06-21 09:54:46,231.0,1507249
2021-06-21 09:54:48,231.0,1507249
2021-06-21 09:54:48,230.95,1507254
2021-06-21 09:54:50,230.95,1507254
2021-06-21 09:54:50,230.9,1507277
2021-06-21 09:54:51,230.9,1507277
2021-06-21 09:54:53,230.9,1507277
2021-06-21 09:54:54,230.95,1507310
2021-06-21 09:54:54,230.95,1507310
2021-06-21 09:54:55,230.95,1507335
2021-06-21 09:54:56,231.0,1507448
2021-06-21 09:54:58,231.0,1507448
2021-06-21 09:54:58,231.0,1507448
2021-06-21 09:55:00,230.9,1507490
2021-06-21 09:55:01,230.9,1507490
2021-06-21 09:55:02,230.9,1507490
2021-06-21 09:55:03,230.9,1507490
2021-06-21 09:55:04,230.9,1507490
2021-06-21 09:55:04,230.9,1507490
2021-06-21 09:55:06,230.9,1508740
2021-06-21 09:55:07,230.9,1508740
2021-06-21 09:55:09,231.0,1511268
2021-06-21 09:55:10,231.0,1511837
2021-06-21 09:55:12,230.95,1511838
2021-06-21 09:55:13,231.0,1511848
2021-06-21 09:55:14,231.0,1511848
2021-06-21 09:55:15,231.0,1511951
2021-06-21 09:55:16,231.0,1511951
2021-06-21 09:55:16,231.0,1512001
2021-06-21 09:55:18,230.95,1512301
2021-06-21 09:55:19,231.0,1512303
2021-06-21 09:55:20,231.0,1512503
2021-06-21 09:55:20,231.0,1512503
2021-06-21 09:55:22,231.0,1512503
2021-06-21 09:55:22,231.0,1512503
2021-06-21 09:55:23,231.05,1515288
2021-06-21 09:55:24,231.1,1517283
2021-06-21 09:55:26,231.1,1517468
2021-06-21 09:55:27,231.1,1517468
2021-06-21 09:55:28,231.1,1517468
2021-06-21 09:55:28,231.15,1517568
2021-06-21 09:55:30,231.1,1517669
2021-06-21 09:55:30,231.1,1517669
2021-06-21 09:55:32,231.2,1520244
2021-06-21 09:55:33,231.2,1520244
2021-06-21 09:55:34,231.2,1520744
2021-06-21 09:55:35,231.2,1521144
2021-06-21 09:55:36,231.2,1521144
2021-06-21 09:55:37,231.25,1521945
2021-06-21 09:55:37,231.25,1521945
2021-06-21 09:55:38,231.25,1521945
2021-06-21 09:55:39,231.2,1521946
2021-06-21 09:55:40,231.1,1522204
2021-06-21 09:55:42,231.2,1522205
2021-06-21 09:55:43,231.1,1522339
2021-06-21 09:55:44,231.25,1524530
2021-06-21 09:55:45,231.25,1524530
2021-06-21 09:55:45,231.15,1524540
2021-06-21 09:55:47,231.15,1524590
2021-06-21 09:55:48,231.15,1524590
2021-06-21 09:55:49,231.15,1524690
2021-06-21 09:55:50,231.25,1524740
2021-06-21 09:55:51,231.3,1530203
2021-06-21 09:55:52,231.3,1530203
2021-06-21 09:55:53,231.25,1530586
2021-06-21 09:55:54,231.25,1530586
2021-06-21 09:55:55,231.25,1530586
2021-06-21 09:55:55,231.25,1530586
2021-06-21 09:55:56,231.3,1530642
2021-06-21 09:55:57,231.3,1530642
2021-06-21 09:55:58,231.3,1530642
2021-06-21 09:55:59,231.3,1530642
2021-06-21 09:56:00,231.25,1530775
2021-06-21 09:56:01,231.25,1531825
2021-06-21 09:56:02,231.25,1531825
2021-06-21 09:56:04,231.35,1532325
2021-06-21 09:56:06,231.3,1532341
2021-06-21 09:56:08,231.3,1532341
2021-06-21 09:56:10,231.3,1532446
2021-06-21 09:56:10,231.35,1532496
2021-06-21 09:56:11,231.35,1532496
2021-06-21 09:56:12,231.35,1532546
2021-06-21 09:56:13,231.35,1532546
2021-06-21 09:56:14,231.3,1532601
2021-06-21 09:56:15,231.3,1532612
2021-06-21 09:56:16,231.35,1533377
2021-06-21 09:56:17,231.35,1534177
2021-06-21 09:56:18,231.35,1534177
2021-06-21 09:56:19,231.4,1535187
2021-06-21 09:56:20,231.35,1535287
2021-06-21 09:56:21,231.35,1535287
2021-06-21 09:56:22,231.3,1535459
2021-06-21 09:56:23,231.3,1535825
2021-06-21 09:56:24,231.3,1535855
2021-06-21 09:56:25,231.3,1535855
2021-06-21 09:56:26,231.3,1535855
2021-06-21 09:56:27,231.35,1536728
2021-06-21 09:56:28,231.4,1536978
2021-06-21 09:56:29,231.4,1536978
2021-06-21 09:56:31,231.4,1536978
2021-06-21 09:56:32,231.4,1536978
2021-06-21 09:56:34,231.4,1536978
2021-06-21 09:56:36,231.35,1537113
2021-06-21 09:56:36,231.35,1537113
2021-06-21 09:56:37,231.35,1537113
2021-06-21 09:56:39,231.4,1537138
2021-06-21 09:56:40,231.4,1537138
2021-06-21 09:56:41,231.4,1537138
2021-06-21 09:56:42,231.4,1537188
2021-06-21 09:56:43,231.4,1537268
2021-06-21 09:56:43,231.4,1537268
2021-06-21 09:56:45,231.35,1537293
2021-06-21 09:56:46,231.4,1537422
2021-06-21 09:56:47,231.35,1537427
2021-06-21 09:56:48,231.4,1537629
2021-06-21 09:56:48,231.4,1537629
2021-06-21 09:56:49,231.4,1537644
2021-06-21 09:56:51,231.4,1537674
2021-06-21 09:56:51,231.4,1537774
2021-06-21 09:56:52,231.35,1537779
2021-06-21 09:56:54,231.4,1537829
2021-06-21 09:56:55,231.4,1537833
2021-06-21 09:56:56,231.4,1537878
2021-06-21 09:56:57,231.4,1537878
2021-06-21 09:56:58,231.4,1537878
2021-06-21 09:56:59,231.4,1537918
2021-06-21 09:57:00,231.4,1537940
2021-06-21 09:57:01,231.4,1538637
2021-06-21 09:57:02,231.35,1538677
2021-06-21 09:57:03,231.35,1538677
2021-06-21 09:57:04,231.35,1538677
2021-06-21 09:57:06,231.4,1538827
2021-06-21 09:57:07,231.4,1540080
2021-06-21 09:57:08,231.4,1540080
2021-06-21 09:57:09,231.4,1540081
2021-06-21 09:57:10,231.4,1540131
2021-06-21 09:57:11,231.4,1540283
2021-06-21 09:57:12,231.4,1540283
2021-06-21 09:57:13,231.4,1540283
2021-06-21 09:57:14,231.4,1540296
2021-06-21 09:57:15,231.35,1541561
2021-06-21 09:57:16,231.35,1541561
2021-06-21 09:57:17,231.4,1541811
2021-06-21 09:57:18,231.4,1541811
2021-06-21 09:57:19,231.4,1541811
2021-06-21 09:57:20,231.4,1541816
2021-06-21 09:57:21,231.4,1548565
2021-06-21 09:57:21,231.5,1550956
2021-06-21 09:57:23,231.5,1551768
2021-06-21 09:57:23,231.5,1551768
2021-06-21 09:57:24,231.5,1551768
2021-06-21 09:57:25,231.5,1551773
2021-06-21 09:57:26,231.5,1551773
2021-06-21 09:57:27,231.45,1551818
2021-06-21 09:57:30,231.45,1551928
2021-06-21 09:57:31,231.45,1552198
2021-06-21 09:57:31,231.45,1552198
2021-06-21 09:57:33,231.5,1561729
2021-06-21 09:57:34,231.5,1561986
2021-06-21 09:57:35,231.5,1562031
2021-06-21 09:57:36,231.5,1562129
2021-06-21 09:57:37,231.5,1562641
2021-06-21 09:57:38,231.5,1563654
2021-06-21 09:57:39,231.5,1563854
2021-06-21 09:57:40,231.55,1564104
2021-06-21 09:57:40,231.55,1564354
2021-06-21 09:57:41,231.55,1564354
2021-06-21 09:57:42,231.5,1564404
2021-06-21 09:57:44,231.5,1564434
2021-06-21 09:57:45,231.5,1565434
2021-06-21 09:57:47,231.5,1565534
2021-06-21 09:57:48,231.5,1565833
2021-06-21 09:57:49,231.5,1566333
2021-06-21 09:57:50,231.45,1566346
2021-06-21 09:57:51,231.5,1566476
2021-06-21 09:57:52,231.45,1566724
2021-06-21 09:57:53,231.45,1566724
2021-06-21 09:57:54,231.5,1566774
2021-06-21 09:57:55,231.5,1567055
2021-06-21 09:57:56,231.45,1567255
2021-06-21 09:57:57,231.45,1567255
2021-06-21 09:57:58,231.5,1567256
2021-06-21 09:57:59,231.5,1567256
2021-06-21 09:58:01,231.5,1567324
2021-06-21 09:58:02,231.5,1567324
2021-06-21 09:58:03,231.5,1567506
2021-06-21 09:58:04,231.45,1570383
2021-06-21 09:58:05,231.45,1570383
2021-06-21 09:58:06,231.45,1570483
2021-06-21 09:58:07,231.45,1570483
2021-06-21 09:58:08,231.45,1570483
2021-06-21 09:58:09,231.55,1572729
2021-06-21 09:58:10,231.55,1572759
2021-06-21 09:58:11,231.55,1572769
2021-06-21 09:58:12,231.5,1572996
2021-06-21 09:58:12,231.55,1573016
2021-06-21 09:58:13,231.55,1573017
2021-06-21 09:58:14,231.55,1573017
2021-06-21 09:58:15,231.45,1573517
2021-06-21 09:58:16,231.55,1573519
2021-06-21 09:58:17,231.55,1573789
2021-06-21 09:58:19,231.55,1573789
2021-06-21 09:58:19,231.55,1573789
2021-06-21 09:58:22,231.55,1573851
2021-06-21 09:58:24,231.5,1573861
2021-06-21 09:58:25,231.5,1573866
2021-06-21 09:58:25,231.5,1573866
2021-06-21 09:58:27,231.5,1573866
2021-06-21 09:58:28,231.5,1573866
2021-06-21 09:58:28,231.5,1573866
2021-06-21 09:58:29,231.5,1573870
2021-06-21 09:58:31,231.45,1574370
2021-06-21 09:58:33,231.45,1574466
2021-06-21 09:58:34,231.45,1574516
2021-06-21 09:58:35,231.45,1574522
2021-06-21 09:58:36,231.45,1576596
2021-06-21 09:58:37,231.45,1576596
2021-06-21 09:58:38,231.3,1578665
2021-06-21 09:58:39,231.4,1578666
2021-06-21 09:58:40,231.25,1580706
2021-06-21 09:58:42,231.35,1581048
2021-06-21 09:58:43,231.35,1581048
2021-06-21 09:58:45,231.35,1581248
2021-06-21 09:58:46,231.35,1581248
2021-06-21 09:58:47,231.35,1581248
2021-06-21 09:58:48,231.35,1581248
2021-06-21 09:58:49,231.35,1581258
2021-06-21 09:58:50,231.3,1581259
2021-06-21 09:58:50,231.4,1581710
2021-06-21 09:58:52,231.45,1582515
2021-06-21 09:58:53,231.45,1582515
2021-06-21 09:58:54,231.45,1582515
2021-06-21 09:58:55,231.4,1582577
2021-06-21 09:58:56,231.4,1582627
2021-06-21 09:58:57,231.4,1582902
2021-06-21 09:58:58,231.4,1582902
2021-06-21 09:59:01,231.4,1583162
2021-06-21 09:59:02,231.4,1583162
2021-06-21 09:59:03,231.45,1583262
2021-06-21 09:59:04,231.45,1583262
2021-06-21 09:59:05,231.45,1583262
2021-06-21 09:59:06,231.45,1583262
2021-06-21 09:59:07,231.45,1583262
2021-06-21 09:59:08,231.4,1583272
2021-06-21 09:59:09,231.4,1583272
2021-06-21 09:59:10,231.45,1583392
2021-06-21 09:59:11,231.45,1583392
2021-06-21 09:59:12,231.45,1583392
2021-06-21 09:59:13,231.4,1583417
2021-06-21 09:59:14,231.4,1583417
2021-06-21 09:59:15,231.4,1583417
2021-06-21 09:59:16,231.4,1583417
2021-06-21 09:59:17,231.45,1583523
2021-06-21 09:59:18,231.45,1583524
2021-06-21 09:59:19,231.4,1584024
2021-06-21 09:59:20,231.4,1584025
2021-06-21 09:59:21,231.4,1584025
2021-06-21 09:59:22,231.4,1584025
2021-06-21 09:59:23,231.4,1584025
2021-06-21 09:59:24,231.45,1584030
2021-06-21 09:59:25,231.4,1584043
2021-06-21 09:59:26,231.45,1584053
2021-06-21 09:59:27,231.45,1584053
2021-06-21 09:59:28,231.45,1584054
2021-06-21 09:59:29,231.45,1584054
2021-06-21 09:59:30,231.45,1584054
2021-06-21 09:59:31,231.45,1584054
2021-06-21 09:59:32,231.45,1584054
2021-06-21 09:59:33,231.45,1584666
2021-06-21 09:59:35,231.45,1585076
2021-06-21 09:59:36,231.45,1585076
2021-06-21 09:59:37,231.45,1585076
2021-06-21 09:59:38,231.45,1585270
2021-06-21 09:59:39,231.45,1585280
2021-06-21 09:59:40,231.45,1585280
2021-06-21 09:59:41,231.45,1585343
2021-06-21 09:59:43,231.4,1585554
2021-06-21 09:59:44,231.4,1585823
2021-06-21 09:59:45,231.4,1585823
2021-06-21 09:59:46,231.4,1585823
2021-06-21 09:59:47,231.4,1585823
2021-06-21 09:59:48,231.5,1588378
2021-06-21 09:59:49,231.45,1589011
2021-06-21 09:59:50,231.4,1589231
2021-06-21 09:59:51,231.4,1589231
2021-06-21 09:59:52,231.4,1589231
2021-06-21 09:59:53,231.35,1589845
2021-06-21 09:59:54,231.35,1589845
2021-06-21 09:59:55,231.4,1589875
2021-06-21 09:59:56,231.4,1589875
2021-06-21 09:59:57,231.4,1589875
2021-06-21 09:59:58,231.35,1589885
2021-06-21 09:59:59,231.35,1589885
2021-06-21 10:00:00,231.35,1589981
2021-06-21 10:00:01,231.35,1590013
2021-06-21 10:00:03,231.25,1590442
2021-06-21 10:00:04,231.3,1590445
2021-06-21 10:00:05,231.3,1591007
2021-06-21 10:00:06,231.3,1591007
2021-06-21 10:00:07,231.35,1591208
2021-06-21 10:00:08,231.35,1591208
2021-06-21 10:00:09,231.35,1591208
2021-06-21 10:00:10,231.35,1591208
2021-06-21 10:00:11,231.35,1591408
2021-06-21 10:00:12,231.35,1591408
2021-06-21 10:00:13,231.35,1591433
2021-06-21 10:00:14,231.35,1591433
2021-06-21 10:00:15,231.35,1591433
2021-06-21 10:00:16,231.35,1591553
2021-06-21 10:00:17,231.35,1591553
2021-06-21 10:00:18,231.35,1592297
2021-06-21 10:00:19,231.3,1594284
2021-06-21 10:00:20,231.3,1594284
2021-06-21 10:00:21,231.35,1594420
2021-06-21 10:00:22,231.35,1594470
2021-06-21 10:00:23,231.35,1594470
2021-06-21 10:00:25,231.35,1594548
2021-06-21 10:00:26,231.35,1594548
2021-06-21 10:00:27,231.35,1594578
2021-06-21 10:00:28,231.35,1594578
2021-06-21 10:00:29,231.35,1594736
2021-06-21 10:00:30,231.35,1594756
2021-06-21 10:00:31,231.35,1594756
2021-06-21 10:00:32,231.35,1594757
2021-06-21 10:00:34,231.35,1594757
2021-06-21 10:00:37,231.35,1594875
2021-06-21 10:00:38,231.4,1594983
2021-06-21 10:00:39,231.35,1594985
2021-06-21 10:00:40,231.35,1596171
2021-06-21 10:00:41,231.35,1596171
2021-06-21 10:00:42,231.4,1596175
2021-06-21 10:00:43,231.4,1596175
2021-06-21 10:00:44,231.4,1596175
2021-06-21 10:00:45,231.4,1596175
2021-06-21 10:00:46,231.4,1596225
2021-06-21 10:00:47,231.4,1596228
2021-06-21 10:00:48,231.4,1596228
2021-06-21 10:00:49,231.4,1596228
2021-06-21 10:00:50,231.4,1596278
2021-06-21 10:00:51,231.4,1596278
2021-06-21 10:00:52,231.45,1601976
2021-06-21 10:00:53,231.35,1603187
2021-06-21 10:00:54,231.4,1603217
2021-06-21 10:00:55,231.4,1606100
2021-06-21 10:00:56,231.4,1606101
2021-06-21 10:00:57,231.4,1606101
2021-06-21 10:00:58,231.4,1606101
2021-06-21 10:00:59,231.4,1606202
2021-06-21 10:01:00,231.4,1606217
2021-06-21 10:01:01,231.4,1606667
2021-06-21 10:01:02,231.4,1607201
2021-06-21 10:01:03,231.4,1607201
2021-06-21 10:01:04,231.4,1607344
2021-06-21 10:01:05,231.35,1607354
2021-06-21 10:01:07,231.35,1607460
2021-06-21 10:01:08,231.35,1607460
2021-06-21 10:01:08,231.35,1607460
2021-06-21 10:01:09,231.4,1607477
2021-06-21 10:01:10,231.45,1608482
2021-06-21 10:01:11,231.45,1608482
2021-06-21 10:01:12,231.45,1608482
2021-06-21 10:01:13,231.45,1608482
2021-06-21 10:01:16,231.45,1608485
2021-06-21 10:01:17,231.45,1608485
2021-06-21 10:01:19,231.45,1608495
2021-06-21 10:01:21,231.35,1608823
2021-06-21 10:01:22,231.35,1608823
2021-06-21 10:01:23,231.45,1608827
2021-06-21 10:01:24,231.45,1608827
2021-06-21 10:01:26,231.4,1608889
2021-06-21 10:01:26,231.45,1608902
2021-06-21 10:01:27,231.45,1608912
2021-06-21 10:01:28,231.45,1608912
2021-06-21 10:01:29,231.45,1609012
2021-06-21 10:01:30,231.45,1609012
2021-06-21 10:01:31,231.45,1609022
2021-06-21 10:01:32,231.45,1609022
2021-06-21 10:01:33,231.5,1610805
2021-06-21 10:01:34,231.45,1612441
2021-06-21 10:01:35,231.6,1617944
2021-06-21 10:01:36,231.5,1619061
2021-06-21 10:01:37,231.45,1620369
2021-06-21 10:01:38,231.4,1620697
2021-06-21 10:01:40,231.45,1620797
2021-06-21 10:01:42,231.5,1620897
2021-06-21 10:01:43,231.5,1620897
2021-06-21 10:01:44,231.5,1621000
2021-06-21 10:01:45,231.5,1621000
2021-06-21 10:01:47,231.5,1621000
2021-06-21 10:01:47,231.4,1621241
2021-06-21 10:01:48,231.4,1621241
2021-06-21 10:01:49,231.5,1621331
2021-06-21 10:01:51,231.5,1621331
2021-06-21 10:01:53,231.5,1621431
2021-06-21 10:01:53,231.45,1621444
2021-06-21 10:01:54,231.45,1621484
2021-06-21 10:01:57,231.5,1623021
2021-06-21 10:01:57,231.45,1623070
2021-06-21 10:01:59,231.4,1623118
2021-06-21 10:01:59,231.4,1623118
2021-06-21 10:02:00,231.35,1623122
2021-06-21 10:02:01,231.35,1623177
2021-06-21 10:02:02,231.4,1623432
2021-06-21 10:02:03,231.4,1623432
2021-06-21 10:02:04,231.35,1623912
2021-06-21 10:02:07,231.35,1624566
2021-06-21 10:02:08,231.35,1624568
2021-06-21 10:02:08,231.35,1624568
2021-06-21 10:02:10,231.35,1626348
2021-06-21 10:02:11,231.35,1626350
2021-06-21 10:02:13,231.35,1626371
2021-06-21 10:02:14,231.25,1626381
2021-06-21 10:02:16,231.25,1626381
2021-06-21 10:02:16,231.25,1626381
2021-06-21 10:02:17,231.25,1626381
2021-06-21 10:02:18,231.25,1626381
2021-06-21 10:02:19,231.25,1626381
2021-06-21 10:02:20,231.3,1626390
2021-06-21 10:02:21,231.3,1626390
2021-06-21 10:02:22,231.3,1626690
2021-06-21 10:02:23,231.3,1626690
2021-06-21 10:02:24,231.3,1626690
2021-06-21 10:02:25,231.3,1626690
2021-06-21 10:02:26,231.35,1626767
2021-06-21 10:02:27,231.35,1626767
2021-06-21 10:02:28,231.3,1626768
2021-06-21 10:02:30,231.35,1626778
2021-06-21 10:02:31,231.3,1626928
2021-06-21 10:02:32,231.3,1626928
2021-06-21 10:02:33,231.3,1626928
2021-06-21 10:02:34,231.3,1626928
2021-06-21 10:02:35,231.35,1627301
2021-06-21 10:02:36,231.35,1627341
2021-06-21 10:02:37,231.25,1627491
2021-06-21 10:02:38,231.25,1627491
2021-06-21 10:02:39,231.25,1627491
2021-06-21 10:02:40,231.25,1627491
2021-06-21 10:02:41,231.25,1627491
2021-06-21 10:02:42,231.4,1627516
2021-06-21 10:02:43,231.4,1627516
2021-06-21 10:02:44,231.4,1627516
2021-06-21 10:02:45,231.4,1627516
2021-06-21 10:02:47,231.4,1627536
2021-06-21 10:02:48,231.4,1627549
2021-06-21 10:02:49,231.4,1627549
2021-06-21 10:02:50,231.4,1627602
2021-06-21 10:02:51,231.4,1627602
2021-06-21 10:02:52,231.4,1627717
2021-06-21 10:02:53,231.4,1628719
2021-06-21 10:02:54,231.4,1628719
2021-06-21 10:02:55,231.4,1628719
2021-06-21 10:02:56,231.4,1628719
2021-06-21 10:02:57,231.35,1628819
2021-06-21 10:02:58,231.25,1628820
2021-06-21 10:02:59,231.4,1628850
2021-06-21 10:03:00,231.4,1628850
2021-06-21 10:03:01,231.4,1628850
2021-06-21 10:03:02,231.4,1628850
2021-06-21 10:03:03,231.4,1629005
2021-06-21 10:03:04,231.35,1629010
2021-06-21 10:03:06,231.35,1629010
2021-06-21 10:03:07,231.45,1629440
2021-06-21 10:03:08,231.45,1629440
2021-06-21 10:03:09,231.45,1629440
2021-06-21 10:03:10,231.45,1629440
2021-06-21 10:03:12,231.45,1629450
2021-06-21 10:03:12,231.45,1629450
2021-06-21 10:03:13,231.45,1629450
2021-06-21 10:03:14,231.45,1629450
2021-06-21 10:03:15,231.45,1629451
2021-06-21 10:03:16,231.45,1629451
2021-06-21 10:03:18,231.45,1629454
2021-06-21 10:03:19,231.45,1629469
2021-06-21 10:03:20,231.35,1629471
2021-06-21 10:03:21,231.35,1629481
2021-06-21 10:03:22,231.35,1629481
2021-06-21 10:03:22,231.35,1629481
2021-06-21 10:03:24,231.4,1629491
2021-06-21 10:03:25,231.45,1634491
2021-06-21 10:03:25,231.45,1634491
2021-06-21 10:03:26,231.45,1634491
2021-06-21 10:03:27,231.45,1634880
2021-06-21 10:03:29,231.45,1634880
2021-06-21 10:03:30,231.45,1634880
2021-06-21 10:03:31,231.3,1636413
2021-06-21 10:03:32,231.35,1636513
2021-06-21 10:03:33,231.35,1636513
2021-06-21 10:03:34,231.35,1636563
2021-06-21 10:03:35,231.35,1636563
2021-06-21 10:03:36,231.35,1636563
2021-06-21 10:03:37,231.35,1636563
2021-06-21 10:03:38,231.35,1636563
2021-06-21 10:03:40,231.35,1637142
2021-06-21 10:03:41,231.35,1637142
2021-06-21 10:03:42,231.35,1637142
2021-06-21 10:03:43,231.35,1637142
2021-06-21 10:03:44,231.35,1637192
2021-06-21 10:03:45,231.35,1637210
2021-06-21 10:03:46,231.35,1637310
2021-06-21 10:03:47,231.35,1637310
2021-06-21 10:03:48,231.35,1637360
2021-06-21 10:03:50,231.35,1637360
2021-06-21 10:03:51,231.35,1637410
2021-06-21 10:03:52,231.35,1637410
2021-06-21 10:03:53,231.35,1637421
2021-06-21 10:03:53,231.3,1637456
2021-06-21 10:03:54,231.35,1637556
2021-06-21 10:03:55,231.35,1637660
2021-06-21 10:03:56,231.35,1637660
2021-06-21 10:03:57,231.35,1637660
2021-06-21 10:03:58,231.35,1637760
2021-06-21 10:04:00,231.35,1637875
2021-06-21 10:04:01,231.35,1637875
2021-06-21 10:04:02,231.35,1637875
2021-06-21 10:04:03,231.35,1637875
2021-06-21 10:04:03,231.35,1637875
2021-06-21 10:04:04,231.4,1638121
2021-06-21 10:04:05,231.35,1638178
2021-06-21 10:04:06,231.35,1638180
2021-06-21 10:04:07,231.35,1638191
2021-06-21 10:04:08,231.35,1638191
2021-06-21 10:04:09,231.35,1638212
2021-06-21 10:04:10,231.35,1638212
2021-06-21 10:04:11,231.35,1638212
2021-06-21 10:04:12,231.35,1638212
2021-06-21 10:04:13,231.35,1638212
2021-06-21 10:04:14,231.35,1638212
2021-06-21 10:04:15,231.3,1638233
2021-06-21 10:04:16,231.3,1640564
2021-06-21 10:04:18,231.3,1640565
2021-06-21 10:04:18,231.35,1640566
2021-06-21 10:04:19,231.35,1640566
2021-06-21 10:04:20,231.3,1640812
2021-06-21 10:04:22,231.3,1640812
2021-06-21 10:04:23,231.3,1640813
2021-06-21 10:04:24,231.3,1640813
2021-06-21 10:04:25,231.25,1640907
2021-06-21 10:04:25,231.25,1640907
2021-06-21 10:04:27,231.3,1641075
2021-06-21 10:04:28,231.3,1641085
2021-06-21 10:04:28,231.3,1641085
2021-06-21 10:04:29,231.3,1641085
2021-06-21 10:04:31,231.3,1641085
2021-06-21 10:04:32,231.35,1641135
2021-06-21 10:04:33,231.35,1641135
2021-06-21 10:04:33,231.35,1641135
2021-06-21 10:04:34,231.3,1641160
2021-06-21 10:04:35,231.35,1641175
2021-06-21 10:04:36,231.35,1641235
2021-06-21 10:04:38,231.35,1641235
2021-06-21 10:04:39,231.35,1641260
2021-06-21 10:04:40,231.3,1641513
2021-06-21 10:04:41,231.35,1641558
2021-06-21 10:04:42,231.35,1641558
2021-06-21 10:04:43,231.35,1641568
2021-06-21 10:04:44,231.35,1641568
2021-06-21 10:04:45,231.35,1641568
2021-06-21 10:04:46,231.3,1641596
2021-06-21 10:04:47,231.3,1641596
2021-06-21 10:04:48,231.35,1641686
2021-06-21 10:04:49,231.3,1641689
2021-06-21 10:04:50,231.35,1641939
2021-06-21 10:04:51,231.35,1642271
2021-06-21 10:04:52,231.35,1642291
2021-06-21 10:04:53,231.35,1642291
2021-06-21 10:04:54,231.35,1642391
2021-06-21 10:04:55,231.3,1642441
2021-06-21 10:04:56,231.35,1642547
2021-06-21 10:04:57,231.35,1642687
2021-06-21 10:04:58,231.35,1642687
2021-06-21 10:04:59,231.35,1642687
2021-06-21 10:05:00,231.35,1642687
2021-06-21 10:05:02,231.3,1642725
2021-06-21 10:05:01,231.35,1642695
2021-06-21 10:05:03,231.3,1642725
2021-06-21 10:05:04,231.35,1642775
2021-06-21 10:05:05,231.25,1647769
2021-06-21 10:05:06,231.25,1647769
2021-06-21 10:05:07,231.3,1647785
2021-06-21 10:05:09,231.3,1647918
2021-06-21 10:05:08,231.3,1647853
2021-06-21 10:05:10,231.3,1647918
2021-06-21 10:05:11,231.3,1647918
2021-06-21 10:05:12,231.3,1648108
2021-06-21 10:05:13,231.3,1648110
2021-06-21 10:05:14,231.3,1648110
2021-06-21 10:05:15,231.3,1648176
2021-06-21 10:05:16,231.3,1648206
2021-06-21 10:05:17,231.3,1648206
2021-06-21 10:05:19,231.3,1648533
2021-06-21 10:05:18,231.3,1648253
2021-06-21 10:05:20,231.25,1649458
2021-06-21 10:05:21,231.3,1649885
2021-06-21 10:05:22,231.3,1649885
2021-06-21 10:05:23,231.25,1650336
2021-06-21 10:05:24,231.25,1650336
2021-06-21 10:05:26,231.25,1650336
2021-06-21 10:05:27,231.25,1650336
2021-06-21 10:05:27,231.25,1650346
2021-06-21 10:05:28,231.25,1650454
2021-06-21 10:05:29,231.3,1650466
2021-06-21 10:05:30,231.3,1650783
2021-06-21 10:05:31,231.3,1650783
2021-06-21 10:05:33,231.3,1650783
2021-06-21 10:05:34,231.3,1650804
2021-06-21 10:05:34,231.25,1650921
2021-06-21 10:05:35,231.25,1651006
2021-06-21 10:05:37,231.3,1651007
2021-06-21 10:05:38,231.3,1651115
2021-06-21 10:05:39,231.3,1651545
2021-06-21 10:05:40,231.3,1651545
2021-06-21 10:05:42,231.25,1651595
2021-06-21 10:05:43,231.3,1651600
2021-06-21 10:05:44,231.25,1651608
2021-06-21 10:05:45,231.3,1651763
2021-06-21 10:05:45,231.3,1651763
2021-06-21 10:05:46,231.3,1651783
2021-06-21 10:05:47,231.3,1651783
2021-06-21 10:05:48,231.3,1651783
2021-06-21 10:05:50,231.3,1651883
2021-06-21 10:05:51,231.3,1651990
2021-06-21 10:05:52,231.3,1651990
2021-06-21 10:05:53,231.3,1651994
2021-06-21 10:05:54,231.3,1651994
2021-06-21 10:05:55,231.25,1652029
2021-06-21 10:05:56,231.3,1652139
2021-06-21 10:05:58,231.3,1652149
2021-06-21 10:05:59,231.3,1652154
2021-06-21 10:05:59,231.3,1652154
2021-06-21 10:06:00,231.3,1652159
2021-06-21 10:06:01,231.3,1652468
2021-06-21 10:06:02,231.3,1652468
2021-06-21 10:06:03,231.3,1652508
2021-06-21 10:06:04,231.3,1652517
2021-06-21 10:06:05,231.3,1652517
2021-06-21 10:06:06,231.3,1652517
2021-06-21 10:06:08,231.3,1652517
2021-06-21 10:06:09,231.3,1652517
2021-06-21 10:06:10,231.3,1652567
2021-06-21 10:06:11,231.3,1652569
2021-06-21 10:06:12,231.3,1652569
2021-06-21 10:06:13,231.3,1652579
2021-06-21 10:06:14,231.3,1652580
2021-06-21 10:06:15,231.25,1652608
2021-06-21 10:06:16,231.3,1652616
2021-06-21 10:06:17,231.25,1652762
2021-06-21 10:06:17,231.25,1652762
2021-06-21 10:06:19,231.3,1652763
2021-06-21 10:06:20,231.3,1652763
2021-06-21 10:06:21,231.3,1652763
2021-06-21 10:06:22,231.3,1653096
2021-06-21 10:06:23,231.3,1653096
2021-06-21 10:06:25,231.25,1653706
2021-06-21 10:06:26,231.25,1653713
2021-06-21 10:06:27,231.25,1653713
2021-06-21 10:06:28,231.25,1653713
2021-06-21 10:06:29,231.25,1653713
2021-06-21 10:06:30,231.25,1653713
2021-06-21 10:06:30,231.25,1653713
2021-06-21 10:06:32,231.25,1653713
2021-06-21 10:06:33,231.3,1653718
2021-06-21 10:06:34,231.3,1653770
2021-06-21 10:06:35,231.25,1653771
2021-06-21 10:06:36,231.25,1653771
2021-06-21 10:06:37,231.25,1653791
2021-06-21 10:06:37,231.25,1653791
2021-06-21 10:06:38,231.25,1653791
2021-06-21 10:06:40,231.25,1653885
2021-06-21 10:06:40,231.25,1653885
2021-06-21 10:06:41,231.3,1654135
2021-06-21 10:06:42,231.3,1654140
2021-06-21 10:06:43,231.3,1654140
2021-06-21 10:06:44,231.3,1654140
2021-06-21 10:06:45,231.3,1654140
2021-06-21 10:06:46,231.3,1654257
2021-06-21 10:06:47,231.3,1654307
2021-06-21 10:06:48,231.3,1654309
2021-06-21 10:06:49,231.3,1654343
2021-06-21 10:06:51,231.3,1654458
2021-06-21 10:06:52,231.3,1654458
2021-06-21 10:06:53,231.3,1654458
2021-06-21 10:06:53,231.3,1654458
2021-06-21 10:06:56,231.3,1654612
2021-06-21 10:07:00,231.3,1655012
2021-06-21 10:07:04,231.3,1655182
2021-06-21 10:07:08,231.25,1659080
2021-06-21 10:07:11,231.2,1660855
2021-06-21 10:07:15,231.3,1661970
2021-06-21 10:07:19,231.3,1661993
2021-06-21 10:07:23,231.3,1662118
2021-06-21 10:07:27,231.2,1662826
2021-06-21 10:07:31,231.2,1663450
2021-06-21 10:07:36,231.2,1663515
2021-06-21 10:07:40,231.15,1663533
2021-06-21 10:07:45,231.15,1663629
2021-06-21 10:07:49,231.2,1663713
2021-06-21 10:07:53,231.25,1663778
2021-06-21 10:07:57,231.2,1663827
2021-06-21 10:08:01,231.25,1665046
2021-06-21 10:08:04,231.15,1665171
2021-06-21 10:08:08,231.25,1665955
2021-06-21 10:08:12,231.25,1665981
2021-06-21 10:08:16,231.25,1665985
2021-06-21 10:08:20,231.1,1676438
2021-06-21 10:08:24,231.15,1677666
2021-06-21 10:08:28,231.05,1679867
2021-06-21 10:08:32,231.05,1681143
2021-06-21 10:08:35,231.15,1681382
2021-06-21 10:08:39,231.15,1681382
2021-06-21 10:08:44,231.05,1682276
2021-06-21 10:08:48,231.05,1682578
2021-06-21 10:08:52,231.1,1683608
2021-06-21 10:08:56,231.05,1683929
2021-06-21 10:09:01,231.05,1684706
2021-06-21 10:09:05,231.05,1684750
2021-06-21 10:09:09,231.15,1687922
2021-06-21 10:09:13,231.25,1688407
2021-06-21 10:09:18,231.25,1688418
2021-06-21 10:09:21,231.25,1694289
2021-06-21 10:09:25,231.25,1694376
2021-06-21 10:09:29,231.2,1694426
2021-06-21 10:09:33,231.25,1695287
2021-06-21 10:09:37,231.25,1695288
2021-06-21 10:09:42,231.2,1695885
2021-06-21 10:09:46,231.25,1696607
2021-06-21 10:09:50,231.25,1696834
2021-06-21 10:09:54,231.2,1697200
2021-06-21 10:09:58,231.25,1699980
2021-06-21 10:10:02,231.25,1700076
2021-06-21 10:10:10,231.25,1701240
2021-06-21 10:10:18,231.2,1740505
2021-06-21 10:10:22,231.2,1742152
2021-06-21 10:10:27,231.25,1742441
2021-06-21 10:10:31,231.15,1742570
2021-06-21 10:10:35,231.25,1742613
2021-06-21 10:10:38,231.25,1742629
2021-06-21 10:10:42,231.2,1744810
2021-06-21 10:10:46,231.15,1744847
2021-06-21 10:10:50,231.25,1744851
2021-06-21 10:10:54,231.15,1744951
2021-06-21 10:10:58,231.2,1745089
2021-06-21 10:11:02,231.2,1745852
2021-06-21 10:11:06,231.2,1745862
2021-06-21 10:11:10,231.2,1746233
2021-06-21 10:11:14,231.2,1746333
2021-06-21 10:11:18,231.2,1746401
2021-06-21 10:11:21,231.15,1747246
2021-06-21 10:11:25,231.15,1747393
2021-06-21 10:11:29,231.15,1747598
2021-06-21 10:11:33,231.15,1748018
2021-06-21 10:11:37,231.15,1748018
2021-06-21 10:11:42,231.2,1748102
2021-06-21 10:11:46,231.2,1748217
2021-06-21 10:11:49,231.2,1748219
2021-06-21 10:11:53,231.2,1748224
2021-06-21 10:11:55,231.2,1748224
2021-06-21 10:11:55,231.2,1748224
2021-06-21 10:11:56,231.2,1748224
2021-06-21 10:11:58,231.2,1748324
2021-06-21 10:11:59,231.2,1748404
2021-06-21 10:12:00,231.15,1748437
2021-06-21 10:12:01,231.2,1749012
2021-06-21 10:12:02,231.2,1749042
2021-06-21 10:12:04,231.15,1749092
2021-06-21 10:12:04,231.15,1749092
2021-06-21 10:12:05,231.15,1749092
2021-06-21 10:12:06,231.15,1749092
2021-06-21 10:12:07,231.15,1760674
2021-06-21 10:12:08,231.15,1760689
2021-06-21 10:12:09,231.15,1760718
2021-06-21 10:12:10,231.15,1760718
2021-06-21 10:12:11,231.2,1760768
2021-06-21 10:12:12,231.2,1760788
2021-06-21 10:12:13,231.05,1760988
2021-06-21 10:12:14,231.05,1760988
2021-06-21 10:12:16,231.05,1760988
2021-06-21 10:12:17,231.2,1760998
2021-06-21 10:12:18,231.2,1760998
2021-06-21 10:12:19,231.2,1760998
2021-06-21 10:12:20,231.2,1761000
2021-06-21 10:12:21,231.2,1761005
2021-06-21 10:12:22,231.2,1761040
2021-06-21 10:12:23,231.2,1761040
2021-06-21 10:12:24,231.2,1761083
2021-06-21 10:12:25,231.2,1761233
2021-06-21 10:12:26,231.05,1764854
2021-06-21 10:12:27,231.05,1764854
2021-06-21 10:12:28,231.05,1764899
2021-06-21 10:12:29,231.05,1764943
2021-06-21 10:12:30,231.05,1765104
