timestamp,ltp,volume
2021-06-21 09:16:29,977.75,13961
2021-06-21 09:16:30,978.1,13969
2021-06-21 09:16:31,977.85,14079
2021-06-21 09:16:32,978.8,14279
2021-06-21 09:16:33,978.7,14352
2021-06-21 09:16:34,977.75,14505
2021-06-21 09:16:35,977.75,14505
2021-06-21 09:16:36,978.2,14515
2021-06-21 09:16:37,978.9,14765
2021-06-21 09:16:38,978.8,14775
2021-06-21 09:16:39,978.8,14775
2021-06-21 09:16:40,978.8,14775
2021-06-21 09:16:41,978.8,14775
2021-06-21 09:16:42,978.75,14800
2021-06-21 09:16:43,977.6,14818
2021-06-21 09:16:44,977.6,14818
2021-06-21 09:16:45,977.6,14820
2021-06-21 09:16:46,977.6,14820
2021-06-21 09:16:47,978.4,14871
2021-06-21 09:16:48,977.65,14976
2021-06-21 09:16:49,977.65,14976
2021-06-21 09:16:50,977.65,14976
2021-06-21 09:16:51,977.3,15023
2021-06-21 09:16:52,978.0,15024
2021-06-21 09:16:53,977.35,15041
2021-06-21 09:16:54,977.35,15041
2021-06-21 09:16:55,977.35,15041
2021-06-21 09:16:56,977.35,15046
2021-06-21 09:16:57,977.35,15046
2021-06-21 09:16:58,977.35,15046
2021-06-21 09:16:59,977.15,15099
2021-06-21 09:17:01,978.55,15105
2021-06-21 09:17:02,978.55,15105
2021-06-21 09:17:03,978.7,15107
2021-06-21 09:17:04,978.1,15113
2021-06-21 09:17:05,978.05,15123
2021-06-21 09:17:07,978.05,15123
2021-06-21 09:17:09,978.8,15143
2021-06-21 09:17:10,978.8,15143
2021-06-21 09:17:11,978.8,15143
2021-06-21 09:17:13,977.8,15464
2021-06-21 09:17:15,977.0,16064
2021-06-21 09:17:16,977.0,16064
2021-06-21 09:17:17,977.0,16064
2021-06-21 09:17:18,977.0,16064
2021-06-21 09:17:19,976.9,16119
2021-06-21 09:17:20,977.2,16127
2021-06-21 09:17:21,976.7,16214
2021-06-21 09:17:22,976.7,16214
2021-06-21 09:17:23,976.7,16214
2021-06-21 09:17:24,976.7,16214
2021-06-21 09:17:25,976.7,16214
2021-06-21 09:17:26,977.65,16215
2021-06-21 09:17:27,977.65,16215
2021-06-21 09:17:28,977.65,16215
2021-06-21 09:17:29,976.6,16360
2021-06-21 09:17:30,976.6,16380
2021-06-21 09:17:31,977.45,16381
2021-06-21 09:17:32,977.45,16381
2021-06-21 09:17:33,977.4,16386
2021-06-21 09:17:34,977.45,16411
2021-06-21 09:17:35,976.75,16417
2021-06-21 09:17:37,977.55,16433
2021-06-21 09:17:38,976.45,16533
2021-06-21 09:17:39,976.15,17109
2021-06-21 09:17:40,977.35,17448
2021-06-21 09:17:41,977.35,17448
2021-06-21 09:17:42,977.35,17448
2021-06-21 09:17:43,976.95,17548
2021-06-21 09:17:44,976.35,18082
2021-06-21 09:17:45,976.4,18084
2021-06-21 09:17:46,976.7,18185
2021-06-21 09:17:47,976.7,18185
2021-06-21 09:17:48,976.95,18190
2021-06-21 09:17:49,977.6,18240
2021-06-21 09:17:50,976.75,18536
2021-06-21 09:17:52,976.75,18536
2021-06-21 09:17:53,976.75,18536
2021-06-21 09:17:54,976.0,18660
2021-06-21 09:17:55,976.05,18661
2021-06-21 09:17:56,976.05,18661
2021-06-21 09:17:57,975.85,18686
2021-06-21 09:17:58,975.7,18691
2021-06-21 09:17:59,975.7,18691
2021-06-21 09:18:00,975.7,18691
2021-06-21 09:18:01,975.7,18691
2021-06-21 09:18:02,975.15,18694
2021-06-21 09:18:03,975.0,20478
2021-06-21 09:18:04,975.0,20478
2021-06-21 09:18:05,975.45,20480
2021-06-21 09:18:06,975.45,20480
2021-06-21 09:18:07,975.45,20480
2021-06-21 09:18:08,975.2,20489
2021-06-21 09:18:09,975.2,20489
2021-06-21 09:18:10,975.2,20489
2021-06-21 09:18:11,975.2,20489
2021-06-21 09:18:12,975.45,20547
2021-06-21 09:18:13,975.45,20547
2021-06-21 09:18:15,975.45,20547
2021-06-21 09:18:15,975.45,20547
2021-06-21 09:18:16,975.45,20547
2021-06-21 09:18:18,976.75,21412
2021-06-21 09:18:18,976.75,21412
2021-06-21 09:18:19,976.75,21412
2021-06-21 09:18:20,975.8,21537
2021-06-21 09:18:21,975.8,21537
2021-06-21 09:18:22,975.8,21537
2021-06-21 09:18:23,975.45,21674
2021-06-21 09:18:24,975.45,21674
2021-06-21 09:18:25,975.45,21674
2021-06-21 09:18:26,975.45,21674
2021-06-21 09:18:27,976.5,21774
2021-06-21 09:18:28,976.35,21783
2021-06-21 09:18:29,976.35,21783
2021-06-21 09:18:30,976.35,21783
2021-06-21 09:18:31,976.35,21783
2021-06-21 09:18:32,976.35,21783
2021-06-21 09:18:33,976.35,21783
2021-06-21 09:18:34,976.35,21783
2021-06-21 09:18:37,976.35,21783
2021-06-21 09:18:37,976.35,21783
2021-06-21 09:18:38,976.7,21883
2021-06-21 09:18:39,976.7,21883
2021-06-21 09:18:40,976.7,21883
2021-06-21 09:18:41,976.7,21883
2021-06-21 09:18:43,976.7,21883
2021-06-21 09:18:44,976.7,21883
2021-06-21 09:18:45,977.2,21920
2021-06-21 09:18:46,977.2,21920
2021-06-21 09:18:47,977.2,21920
2021-06-21 09:18:48,977.2,21920
2021-06-21 09:18:49,977.2,21920
2021-06-21 09:18:50,976.75,21921
2021-06-21 09:18:51,976.6,21926
2021-06-21 09:18:52,976.6,21926
2021-06-21 09:18:53,976.6,21926
2021-06-21 09:18:54,977.25,22126
2021-06-21 09:18:55,977.0,22156
2021-06-21 09:18:56,977.0,22156
2021-06-21 09:18:57,977.0,22156
2021-06-21 09:18:58,977.25,22266
2021-06-21 09:18:59,976.85,22281
2021-06-21 09:19:00,976.85,22281
2021-06-21 09:19:01,976.85,22281
2021-06-21 09:19:03,977.1,22282
2021-06-21 09:19:03,977.1,22282
2021-06-21 09:19:04,977.1,22302
2021-06-21 09:19:05,977.1,22302
2021-06-21 09:19:06,977.1,22302
2021-06-21 09:19:07,977.15,22417
2021-06-21 09:19:08,977.15,22417
2021-06-21 09:19:09,977.4,22517
2021-06-21 09:19:10,977.1,22628
2021-06-21 09:19:11,977.1,22662
2021-06-21 09:19:12,977.1,22662
2021-06-21 09:19:14,977.1,22662
2021-06-21 09:19:15,976.65,22712
2021-06-21 09:19:16,976.65,22843
2021-06-21 09:19:17,977.15,22952
2021-06-21 09:19:18,977.15,22952
2021-06-21 09:19:19,976.55,23073
2021-06-21 09:19:20,976.55,23073
2021-06-21 09:19:21,976.5,23075
2021-06-21 09:19:22,977.05,23214
2021-06-21 09:19:23,977.05,23214
2021-06-21 09:19:24,977.05,23214
2021-06-21 09:19:25,976.55,23235
2021-06-21 09:19:27,976.55,23235
2021-06-21 09:19:27,976.55,23235
2021-06-21 09:19:28,977.1,23237
2021-06-21 09:19:29,976.65,23257
2021-06-21 09:19:30,976.65,23257
2021-06-21 09:19:32,976.65,23257
2021-06-21 09:19:33,976.65,23257
2021-06-21 09:19:34,976.65,23257
2021-06-21 09:19:35,977.2,23270
2021-06-21 09:19:36,977.2,23270
2021-06-21 09:19:37,977.2,23422
2021-06-21 09:19:38,977.35,23423
2021-06-21 09:19:39,977.3,23478
2021-06-21 09:19:40,976.65,23484
2021-06-21 09:19:41,976.55,23490
2021-06-21 09:19:42,976.55,23497
2021-06-21 09:19:44,976.65,23516
2021-06-21 09:19:45,977.25,23636
2021-06-21 09:19:45,976.75,23678
2021-06-21 09:19:46,976.6,23808
2021-06-21 09:19:47,976.65,23814
2021-06-21 09:19:48,976.65,23821
2021-06-21 09:19:49,976.65,23835
2021-06-21 09:19:51,976.65,23835
2021-06-21 09:19:52,977.4,23944
2021-06-21 09:19:52,977.4,23944
2021-06-21 09:19:54,976.7,23950
2021-06-21 09:19:55,976.7,23950
2021-06-21 09:19:56,976.7,23950
2021-06-21 09:19:58,976.7,23950
2021-06-21 09:19:58,976.7,23950
2021-06-21 09:19:59,976.7,23950
2021-06-21 09:20:00,977.4,23974
2021-06-21 09:20:01,977.4,23974
2021-06-21 09:20:02,977.4,23974
2021-06-21 09:20:04,977.35,24480
2021-06-21 09:20:04,976.5,24718
2021-06-21 09:20:05,976.35,24918
2021-06-21 09:20:06,976.0,24988
2021-06-21 09:20:08,976.5,25115
2021-06-21 09:20:09,975.6,25328
2021-06-21 09:20:10,975.45,25925
2021-06-21 09:20:11,975.45,25925
2021-06-21 09:20:13,975.9,25936
2021-06-21 09:20:13,975.9,26036
2021-06-21 09:20:15,975.9,26036
2021-06-21 09:20:15,976.1,26194
2021-06-21 09:20:17,976.1,26194
2021-06-21 09:20:17,976.1,26194
2021-06-21 09:20:18,976.1,26194
2021-06-21 09:20:19,976.1,26194
2021-06-21 09:20:20,976.1,26200
2021-06-21 09:20:22,976.1,26200
2021-06-21 09:20:23,976.3,26205
2021-06-21 09:20:24,975.95,26218
2021-06-21 09:20:24,976.0,26225
2021-06-21 09:20:26,976.3,26334
2021-06-21 09:20:26,976.3,26334
2021-06-21 09:20:27,976.2,26365
2021-06-21 09:20:28,976.2,26365
2021-06-21 09:20:30,976.25,26390
2021-06-21 09:20:30,976.25,26390
2021-06-21 09:20:31,976.25,26555
2021-06-21 09:20:32,976.25,26555
2021-06-21 09:20:33,976.25,26555
2021-06-21 09:20:34,976.85,26560
2021-06-21 09:20:35,976.35,26565
2021-06-21 09:20:36,975.8,27065
2021-06-21 09:20:37,976.45,27121
2021-06-21 09:20:38,976.45,27121
2021-06-21 09:20:40,976.1,27132
2021-06-21 09:20:41,976.1,27132
2021-06-21 09:20:41,976.1,27132
2021-06-21 09:20:43,976.1,27132
2021-06-21 09:20:43,976.45,27485
2021-06-21 09:20:44,976.05,27513
2021-06-21 09:20:45,976.45,27700
2021-06-21 09:20:46,976.1,27725
2021-06-21 09:20:47,976.45,27735
2021-06-21 09:20:48,976.45,27735
2021-06-21 09:20:49,976.45,27735
2021-06-21 09:20:50,976.45,27735
2021-06-21 09:20:51,976.45,27735
2021-06-21 09:20:52,976.45,27735
2021-06-21 09:20:53,976.25,27741
2021-06-21 09:20:54,976.25,27741
2021-06-21 09:20:55,976.0,28002
2021-06-21 09:20:56,975.8,28008
2021-06-21 09:20:57,976.0,28035
2021-06-21 09:20:58,975.95,28048
2021-06-21 09:20:59,976.1,28068
2021-06-21 09:21:00,976.2,28138
2021-06-21 09:21:01,975.8,28146
2021-06-21 09:21:02,975.7,28153
2021-06-21 09:21:03,975.65,28160
2021-06-21 09:21:05,975.7,28167
2021-06-21 09:21:04,975.65,28160
2021-06-21 09:21:07,976.55,28183
2021-06-21 09:21:08,976.05,28189
2021-06-21 09:21:09,975.7,28210
2021-06-21 09:21:09,976.55,28229
2021-06-21 09:21:11,975.9,28235
2021-06-21 09:21:11,975.9,28241
2021-06-21 09:21:13,975.95,28247
2021-06-21 09:21:14,976.0,28292
2021-06-21 09:21:16,976.0,28292
2021-06-21 09:21:17,976.0,28292
2021-06-21 09:21:19,976.5,28373
2021-06-21 09:21:22,976.45,28503
2021-06-21 09:21:23,976.45,28529
2021-06-21 09:21:24,976.05,28548
2021-06-21 09:21:25,976.05,28548
2021-06-21 09:21:26,976.0,28805
2021-06-21 09:21:27,976.0,28805
2021-06-21 09:21:29,976.4,28816
2021-06-21 09:21:29,976.3,28827
2021-06-21 09:21:30,976.05,28839
2021-06-21 09:21:31,976.05,28845
2021-06-21 09:21:33,976.05,28857
2021-06-21 09:21:34,976.5,30389
2021-06-21 09:21:35,976.6,30414
2021-06-21 09:21:36,976.55,30472
2021-06-21 09:21:37,976.55,30478
2021-06-21 09:21:38,976.6,30487
2021-06-21 09:21:39,976.6,31078
2021-06-21 09:21:41,976.6,31084
2021-06-21 09:21:42,975.6,33104
2021-06-21 09:21:43,975.75,33110
2021-06-21 09:21:43,975.75,33110
2021-06-21 09:21:44,975.7,33134
2021-06-21 09:21:45,975.7,33153
2021-06-21 09:21:46,975.8,33166
2021-06-21 09:21:48,975.8,33186
2021-06-21 09:21:48,975.8,33186
2021-06-21 09:21:50,976.3,33402
2021-06-21 09:21:50,976.3,33402
2021-06-21 09:21:51,976.3,33402
2021-06-21 09:21:52,976.05,33411
2021-06-21 09:21:54,976.05,33417
2021-06-21 09:21:55,976.65,33422
2021-06-21 09:21:56,976.1,33438
2021-06-21 09:21:57,976.1,33438
2021-06-21 09:21:58,976.2,33444
2021-06-21 09:21:59,976.2,33444
2021-06-21 09:22:00,976.2,33457
2021-06-21 09:22:01,976.1,33469
2021-06-21 09:22:02,976.1,33475
2021-06-21 09:22:03,976.1,33487
2021-06-21 09:22:04,976.1,33494
2021-06-21 09:22:05,976.1,33517
2021-06-21 09:22:06,976.1,33523
2021-06-21 09:22:07,976.1,33523
2021-06-21 09:22:08,976.1,33523
2021-06-21 09:22:08,976.1,33523
2021-06-21 09:22:09,976.1,33523
2021-06-21 09:22:11,976.1,33523
2021-06-21 09:22:12,976.1,33523
2021-06-21 09:22:14,976.1,33550
2021-06-21 09:22:15,976.1,33550
2021-06-21 09:22:17,976.1,33550
2021-06-21 09:22:17,976.1,33550
2021-06-21 09:22:19,976.4,33575
2021-06-21 09:22:20,976.4,33595
2021-06-21 09:22:21,977.15,33896
2021-06-21 09:22:22,977.15,33896
2021-06-21 09:22:23,977.15,33896
2021-06-21 09:22:24,977.1,33906
2021-06-21 09:22:25,977.1,33906
2021-06-21 09:22:26,977.1,33906
2021-06-21 09:22:27,976.7,33912
2021-06-21 09:22:28,977.35,33913
2021-06-21 09:22:29,977.35,33913
2021-06-21 09:22:30,977.0,33920
2021-06-21 09:22:31,977.4,33927
2021-06-21 09:22:32,977.4,33927
2021-06-21 09:22:33,977.1,33936
2021-06-21 09:22:34,977.0,33942
2021-06-21 09:22:35,977.0,33943
2021-06-21 09:22:36,977.1,33958
2021-06-21 09:22:38,977.45,34066
2021-06-21 09:22:39,977.6,34073
2021-06-21 09:22:40,977.6,34073
2021-06-21 09:22:41,978.35,34132
2021-06-21 09:22:42,978.15,34188
2021-06-21 09:22:43,977.45,34197
2021-06-21 09:22:44,977.5,34203
2021-06-21 09:22:45,978.15,34220
2021-06-21 09:22:46,977.35,34288
2021-06-21 09:22:47,977.4,34309
2021-06-21 09:22:47,977.4,34309
2021-06-21 09:22:48,977.4,34309
2021-06-21 09:22:50,977.4,34322
2021-06-21 09:22:51,977.4,34329
2021-06-21 09:22:54,977.55,34336
2021-06-21 09:22:55,977.55,34336
2021-06-21 09:22:56,978.2,34436
2021-06-21 09:22:57,978.2,34436
2021-06-21 09:22:58,977.6,34500
2021-06-21 09:22:59,977.6,34500
2021-06-21 09:23:00,978.15,34501
2021-06-21 09:23:01,977.7,34507
2021-06-21 09:23:03,977.7,34529
2021-06-21 09:23:04,977.55,34548
2021-06-21 09:23:05,978.3,34550
2021-06-21 09:23:06,978.1,34557
2021-06-21 09:23:07,978.1,34557
2021-06-21 09:23:08,978.1,34557
2021-06-21 09:23:11,978.1,34557
2021-06-21 09:23:12,978.45,34858
2021-06-21 09:23:13,978.45,34858
2021-06-21 09:23:14,978.45,34858
2021-06-21 09:23:15,978.7,34908
2021-06-21 09:23:16,978.35,34910
2021-06-21 09:23:16,978.35,34910
2021-06-21 09:23:17,978.35,34910
2021-06-21 09:23:18,978.35,34910
2021-06-21 09:23:20,978.35,34910
2021-06-21 09:23:21,978.45,34948
2021-06-21 09:23:22,978.4,34968
2021-06-21 09:23:23,978.4,34984
2021-06-21 09:23:24,979.0,34999
2021-06-21 09:23:25,979.0,35012
2021-06-21 09:23:26,979.0,35019
2021-06-21 09:23:27,979.0,35019
2021-06-21 09:23:28,979.0,35019
2021-06-21 09:23:29,979.2,35031
2021-06-21 09:23:30,979.2,35031
2021-06-21 09:23:31,979.2,35031
2021-06-21 09:23:32,979.2,35031
2021-06-21 09:23:33,979.2,35031
2021-06-21 09:23:33,979.35,35043
2021-06-21 09:23:35,979.35,35043
2021-06-21 09:23:36,979.35,35043
2021-06-21 09:23:37,979.85,36029
2021-06-21 09:23:38,979.85,36029
2021-06-21 09:23:39,979.85,36029
2021-06-21 09:23:40,979.85,36029
2021-06-21 09:23:41,979.85,36029
2021-06-21 09:23:41,979.85,36029
2021-06-21 09:23:42,979.55,36039
2021-06-21 09:23:43,979.45,36140
2021-06-21 09:23:44,979.45,36140
2021-06-21 09:23:46,979.0,36187
2021-06-21 09:23:47,979.0,36187
2021-06-21 09:23:48,979.2,36257
2021-06-21 09:23:49,979.0,36287
2021-06-21 09:23:50,979.0,36287
2021-06-21 09:23:51,979.0,36287
2021-06-21 09:23:52,979.0,36287
2021-06-21 09:23:53,979.65,36425
2021-06-21 09:23:54,979.65,36425
2021-06-21 09:23:59,979.65,36485
2021-06-21 09:23:59,979.95,36785
2021-06-21 09:24:00,979.95,36785
2021-06-21 09:24:01,979.95,36785
2021-06-21 09:24:02,979.95,36785
2021-06-21 09:24:04,978.75,37117
2021-06-21 09:24:05,978.75,37117
2021-06-21 09:24:06,978.45,37274
2021-06-21 09:24:07,978.45,37274
2021-06-21 09:24:08,978.75,37275
2021-06-21 09:24:09,978.5,37281
2021-06-21 09:24:10,978.5,37281
2021-06-21 09:24:12,978.5,37281
2021-06-21 09:24:13,978.5,37281
2021-06-21 09:24:14,978.0,37664
2021-06-21 09:24:15,977.4,37684
2021-06-21 09:24:16,977.4,37781
2021-06-21 09:24:17,976.95,37792
2021-06-21 09:24:18,976.55,37799
2021-06-21 09:24:19,976.85,37834
2021-06-21 09:24:20,976.85,37834
2021-06-21 09:24:21,976.85,37834
2021-06-21 09:24:22,976.85,37834
2021-06-21 09:24:23,976.85,37834
2021-06-21 09:24:24,976.85,37843
2021-06-21 09:24:25,976.85,37843
2021-06-21 09:24:26,976.85,37843
2021-06-21 09:24:27,976.85,37843
2021-06-21 09:24:28,977.15,38043
2021-06-21 09:24:29,977.7,38046
2021-06-21 09:24:30,977.7,38046
2021-06-21 09:24:30,977.7,38046
2021-06-21 09:24:32,977.7,38046
2021-06-21 09:24:33,977.7,38046
2021-06-21 09:24:34,977.7,38046
2021-06-21 09:24:34,977.15,38100
2021-06-21 09:24:36,977.8,38222
2021-06-21 09:24:37,978.15,38578
2021-06-21 09:24:38,977.6,38579
2021-06-21 09:24:39,978.3,38639
2021-06-21 09:24:40,978.3,38639
2021-06-21 09:24:41,978.3,38639
2021-06-21 09:24:42,978.3,38639
2021-06-21 09:24:43,978.2,38677
2021-06-21 09:24:44,978.2,38677
2021-06-21 09:24:45,978.25,38678
2021-06-21 09:24:46,978.25,38678
2021-06-21 09:24:47,978.25,38678
2021-06-21 09:24:48,977.8,38778
2021-06-21 09:24:49,977.8,38778
2021-06-21 09:24:50,978.2,38779
2021-06-21 09:24:51,977.8,38785
2021-06-21 09:24:52,977.55,38792
2021-06-21 09:24:53,978.0,38798
2021-06-21 09:24:53,978.0,38798
2021-06-21 09:24:54,977.65,38828
2021-06-21 09:24:55,977.65,38828
2021-06-21 09:24:56,977.65,38828
2021-06-21 09:24:57,978.05,38830
2021-06-21 09:24:58,978.05,38830
2021-06-21 09:24:59,978.05,38830
2021-06-21 09:25:00,978.05,38830
2021-06-21 09:25:01,978.05,38830
2021-06-21 09:25:02,978.05,38830
2021-06-21 09:25:04,977.65,38835
2021-06-21 09:25:05,977.65,38835
2021-06-21 09:25:05,978.05,38838
2021-06-21 09:25:06,978.05,38838
2021-06-21 09:25:07,978.05,38838
2021-06-21 09:25:08,978.05,38838
2021-06-21 09:25:09,978.05,38882
2021-06-21 09:25:10,978.05,38882
2021-06-21 09:25:11,977.8,38884
2021-06-21 09:25:13,978.05,38886
2021-06-21 09:25:14,978.05,38888
2021-06-21 09:25:15,978.05,38911
2021-06-21 09:25:15,978.05,38911
2021-06-21 09:25:16,977.85,38918
2021-06-21 09:25:17,977.75,38931
2021-06-21 09:25:19,977.8,38938
2021-06-21 09:25:21,977.75,38999
2021-06-21 09:25:22,977.55,39001
2021-06-21 09:25:24,977.55,39018
2021-06-21 09:25:25,977.55,39028
2021-06-21 09:25:26,977.55,39028
2021-06-21 09:25:27,977.55,39030
2021-06-21 09:25:28,977.55,39030
2021-06-21 09:25:29,977.8,39271
2021-06-21 09:25:31,978.0,39274
2021-06-21 09:25:32,978.0,39274
2021-06-21 09:25:33,978.05,39374
2021-06-21 09:25:34,978.05,39454
2021-06-21 09:25:35,978.05,39454
2021-06-21 09:25:36,978.05,39454
2021-06-21 09:25:37,978.05,39454
2021-06-21 09:25:38,978.05,39455
2021-06-21 09:25:39,978.05,39455
2021-06-21 09:25:40,978.05,39455
2021-06-21 09:25:41,978.05,39462
2021-06-21 09:25:42,978.05,39477
2021-06-21 09:25:44,978.05,39479
2021-06-21 09:25:45,978.05,39479
2021-06-21 09:25:46,978.05,39481
2021-06-21 09:25:47,978.05,39482
2021-06-21 09:25:48,978.05,39492
2021-06-21 09:25:49,978.05,39493
2021-06-21 09:25:50,978.05,39495
2021-06-21 09:25:51,978.55,39996
2021-06-21 09:25:52,978.6,40031
2021-06-21 09:25:52,978.6,40031
2021-06-21 09:25:53,978.6,40031
2021-06-21 09:25:55,978.55,40092
2021-06-21 09:25:56,978.55,40145
2021-06-21 09:25:59,978.6,40150
2021-06-21 09:26:00,978.6,40150
2021-06-21 09:26:01,978.85,40152
2021-06-21 09:26:02,978.85,40152
2021-06-21 09:26:03,978.85,40152
2021-06-21 09:26:04,978.9,40252
2021-06-21 09:26:05,978.9,40252
2021-06-21 09:26:06,978.8,40262
2021-06-21 09:26:07,978.8,40262
2021-06-21 09:26:08,978.95,40264
2021-06-21 09:26:09,978.9,40467
2021-06-21 09:26:10,978.9,40469
2021-06-21 09:26:11,978.9,40469
2021-06-21 09:26:12,978.9,40469
2021-06-21 09:26:13,978.45,40496
2021-06-21 09:26:14,978.9,40516
2021-06-21 09:26:15,978.45,40537
2021-06-21 09:26:16,978.1,40636
2021-06-21 09:26:17,978.1,40636
2021-06-21 09:26:18,978.05,40672
2021-06-21 09:26:19,978.5,40673
2021-06-21 09:26:20,978.5,40673
2021-06-21 09:26:22,978.5,40673
2021-06-21 09:26:23,978.25,40758
2021-06-21 09:26:25,978.25,40758
2021-06-21 09:26:26,978.75,40768
2021-06-21 09:26:27,978.75,40768
2021-06-21 09:26:28,978.75,40768
2021-06-21 09:26:29,978.85,40995
2021-06-21 09:26:30,978.8,41005
2021-06-21 09:26:31,978.8,41005
2021-06-21 09:26:32,978.8,41006
2021-06-21 09:26:33,978.85,41007
2021-06-21 09:26:35,978.9,41014
2021-06-21 09:26:36,978.9,41014
2021-06-21 09:26:37,978.9,41014
2021-06-21 09:26:38,978.5,41019
2021-06-21 09:26:39,978.5,41019
2021-06-21 09:26:40,978.75,41020
2021-06-21 09:26:42,978.8,41027
2021-06-21 09:26:43,978.8,41027
2021-06-21 09:26:44,978.75,41028
2021-06-21 09:26:45,978.6,41034
2021-06-21 09:26:46,978.6,41034
2021-06-21 09:26:47,978.6,41034
2021-06-21 09:26:48,978.5,41275
2021-06-21 09:26:50,978.2,41525
2021-06-21 09:26:51,977.85,41634
2021-06-21 09:26:52,977.85,41634
2021-06-21 09:26:57,978.25,41676
2021-06-21 09:27:04,978.8,41728
2021-06-21 09:27:10,978.25,41856
2021-06-21 09:27:16,978.2,41933
2021-06-21 09:27:23,978.75,42113
2021-06-21 09:27:29,979.8,43332
2021-06-21 09:27:35,979.5,44363
2021-06-21 09:27:40,979.8,44694
2021-06-21 09:27:46,979.2,45310
2021-06-21 09:27:52,979.7,45535
2021-06-21 09:27:58,979.7,45636
2021-06-21 09:28:05,979.8,45717
2021-06-21 09:28:11,980.45,47384
2021-06-21 09:28:17,980.05,47680
2021-06-21 09:28:24,980.4,47743
2021-06-21 09:28:36,980.4,48049
2021-06-21 09:28:42,980.0,48303
2021-06-21 09:28:48,980.4,48531
2021-06-21 09:28:54,981.0,48616
2021-06-21 09:29:00,980.75,48652
2021-06-21 09:29:12,980.5,48973
2021-06-21 09:29:23,980.4,49644
2021-06-21 09:29:30,979.55,49689
2021-06-21 09:29:42,980.05,49886
2021-06-21 09:29:48,980.35,50724
2021-06-21 09:29:55,980.35,51062
2021-06-21 09:30:01,980.3,51267
2021-06-21 09:30:14,980.15,51480
2021-06-21 09:30:20,979.1,51796
2021-06-21 09:30:26,979.0,51862
2021-06-21 09:30:33,979.0,51912
2021-06-21 09:30:39,978.6,52386
2021-06-21 09:30:45,978.95,52430
2021-06-21 09:30:51,979.0,52533
2021-06-21 09:30:58,978.75,52700
2021-06-21 09:31:04,979.0,52840
2021-06-21 09:31:10,978.5,52869
2021-06-21 09:31:16,978.5,52950
2021-06-21 09:31:21,978.75,53300
2021-06-21 09:31:27,979.0,53329
2021-06-21 09:31:33,978.3,53770
2021-06-21 09:31:40,979.35,53881
2021-06-21 09:31:46,980.0,53901
2021-06-21 09:31:52,979.8,54099
2021-06-21 09:31:58,979.6,54116
2021-06-21 09:32:05,979.1,54136
2021-06-21 09:32:11,979.35,54156
2021-06-21 09:32:16,979.3,54258
2021-06-21 09:32:22,979.3,54258
2021-06-21 09:32:28,979.6,54483
2021-06-21 09:32:34,979.6,54483
2021-06-21 09:32:40,979.75,54627
2021-06-21 09:32:47,980.0,54645
2021-06-21 09:32:53,979.7,54666
2021-06-21 09:32:59,979.7,54721
2021-06-21 09:33:05,979.75,54732
2021-06-21 09:33:11,980.2,54736
2021-06-21 09:33:17,980.1,54850
2021-06-21 09:33:24,980.2,54890
2021-06-21 09:33:30,980.6,54930
2021-06-21 09:33:35,980.4,54933
2021-06-21 09:33:41,980.2,54990
2021-06-21 09:33:47,980.1,55137
2021-06-21 09:33:53,980.1,55156
2021-06-21 09:33:59,980.2,55181
2021-06-21 09:34:05,980.2,55181
2021-06-21 09:34:11,980.65,55258
2021-06-21 09:34:17,980.0,57598
2021-06-21 09:34:23,979.9,57925
2021-06-21 09:34:29,979.9,57926
2021-06-21 09:34:35,980.0,58244
2021-06-21 09:34:41,980.35,58251
2021-06-21 09:34:47,979.85,58298
2021-06-21 09:34:52,979.75,58327
2021-06-21 09:34:58,979.85,58354
2021-06-21 09:35:03,979.9,58742
2021-06-21 09:35:09,979.7,59339
2021-06-21 09:35:15,979.4,59340
2021-06-21 09:35:27,979.4,59495
2021-06-21 09:35:32,979.0,59577
2021-06-21 09:35:38,979.0,59579
2021-06-21 09:35:44,978.35,59729
2021-06-21 09:35:50,978.85,59843
2021-06-21 09:35:55,978.4,59959
2021-06-21 09:36:07,978.8,60102
2021-06-21 09:36:12,978.4,60110
2021-06-21 09:36:18,978.3,60226
2021-06-21 09:36:24,978.0,60543
2021-06-21 09:36:30,978.6,60563
2021-06-21 09:36:36,978.15,60592
2021-06-21 09:36:54,977.1,64374
2021-06-21 09:37:00,976.55,64384
2021-06-21 09:37:12,976.9,65253
2021-06-21 09:37:18,976.5,65584
2021-06-21 09:37:24,976.9,65626
2021-06-21 09:37:35,977.3,66039
2021-06-21 09:37:40,977.45,66112
2021-06-21 09:37:46,977.0,66349
2021-06-21 09:37:52,977.0,66482
2021-06-21 09:37:57,977.0,66911
2021-06-21 09:38:03,977.9,67190
2021-06-21 09:38:09,977.9,67352
2021-06-21 09:38:14,977.85,67399
2021-06-21 09:38:20,977.85,67489
2021-06-21 09:38:26,977.0,68261
2021-06-21 09:38:32,977.0,68640
2021-06-21 09:38:43,977.05,68764
2021-06-21 09:38:48,977.45,68978
2021-06-21 09:38:53,977.45,69015
2021-06-21 09:38:59,977.0,69057
2021-06-21 09:39:04,977.0,69081
2021-06-21 09:39:10,977.0,69146
2021-06-21 09:39:15,977.45,69566
2021-06-21 09:39:21,977.45,69721
2021-06-21 09:39:27,977.45,69772
2021-06-21 09:39:32,977.45,70112
2021-06-21 09:39:38,977.25,70326
2021-06-21 09:39:44,977.25,70326
2021-06-21 09:39:55,977.45,70546
2021-06-21 09:40:01,977.0,71032
2021-06-21 09:40:06,977.45,71130
2021-06-21 09:40:12,977.15,71289
2021-06-21 09:40:17,977.05,71436
2021-06-21 09:40:23,976.95,71695
2021-06-21 09:40:28,977.1,71696
2021-06-21 09:40:39,977.65,72002
2021-06-21 09:40:44,977.4,72155
2021-06-21 09:40:50,977.2,72231
2021-06-21 09:40:55,976.75,74131
2021-06-21 09:41:01,976.7,74245
2021-06-21 09:41:06,975.9,74396
2021-06-21 09:41:12,975.8,74484
2021-06-21 09:41:18,975.1,74715
2021-06-21 09:41:23,975.5,75248
2021-06-21 09:41:34,975.9,75751
2021-06-21 09:41:40,976.65,75889
2021-06-21 09:41:46,977.1,75946
2021-06-21 09:41:51,977.05,76029
2021-06-21 09:41:57,976.7,76059
2021-06-21 09:42:03,976.55,76100
2021-06-21 09:42:08,976.55,76125
2021-06-21 09:42:14,976.5,76165
2021-06-21 09:42:20,976.5,76305
2021-06-21 09:42:25,976.2,76342
2021-06-21 09:42:30,976.55,76499
2021-06-21 09:42:36,976.55,76679
2021-06-21 09:42:42,976.55,76679
2021-06-21 09:42:47,976.0,76770
2021-06-21 09:42:52,976.0,76830
2021-06-21 09:42:57,977.7,79868
2021-06-21 09:43:03,976.35,79997
2021-06-21 09:43:08,976.0,80155
2021-06-21 09:43:13,975.7,80510
2021-06-21 09:43:18,976.0,80611
2021-06-21 09:43:23,976.2,81395
2021-06-21 09:43:29,975.9,81433
2021-06-21 09:43:34,976.35,81517
2021-06-21 09:43:39,975.75,81734
2021-06-21 09:43:44,975.75,81760
2021-06-21 09:43:50,976.35,81965
2021-06-21 09:43:54,976.35,81965
2021-06-21 09:43:59,976.35,82003
2021-06-21 09:44:04,976.1,82353
2021-06-21 09:44:10,976.35,82470
2021-06-21 09:44:15,976.35,82574
2021-06-21 09:44:21,976.0,82695
2021-06-21 09:44:26,975.9,82733
2021-06-21 09:44:32,975.7,82740
2021-06-21 09:44:37,976.0,84385
2021-06-21 09:44:43,975.7,84491
2021-06-21 09:44:48,975.7,84790
2021-06-21 09:44:53,975.85,84891
2021-06-21 09:44:59,975.7,84938
2021-06-21 09:45:04,975.85,85347
2021-06-21 09:45:09,976.05,85441
2021-06-21 09:45:20,975.7,86196
2021-06-21 09:45:32,975.95,86399
2021-06-21 09:45:38,975.9,86495
2021-06-21 09:45:42,975.45,86547
2021-06-21 09:45:53,975.35,87107
2021-06-21 09:45:58,975.35,87109
2021-06-21 09:46:03,975.35,87159
2021-06-21 09:46:09,975.15,87218
2021-06-21 09:46:14,975.0,88319
2021-06-21 09:46:19,975.1,88441
2021-06-21 09:46:24,975.5,88662
2021-06-21 09:46:30,975.4,88912
2021-06-21 09:46:35,975.4,89088
2021-06-21 09:46:40,975.4,89384
2021-06-21 09:46:45,975.4,89403
2021-06-21 09:46:51,974.85,89590
2021-06-21 09:46:55,974.9,89624
2021-06-21 09:47:00,975.4,89850
2021-06-21 09:47:05,975.0,89989
2021-06-21 09:47:10,975.0,90042
2021-06-21 09:47:15,976.2,93245
2021-06-21 09:47:20,975.9,93288
2021-06-21 09:47:25,975.75,93742
2021-06-21 09:47:31,975.9,93774
2021-06-21 09:47:36,976.05,93952
2021-06-21 09:47:41,976.05,93952
2021-06-21 09:47:46,976.05,93995
2021-06-21 09:47:52,976.05,94146
2021-06-21 09:47:57,976.05,94191
2021-06-21 09:48:02,976.05,94191
2021-06-21 09:48:08,975.45,96366
2021-06-21 09:48:13,975.45,96437
2021-06-21 09:48:18,975.4,96540
2021-06-21 09:48:23,975.2,96541
2021-06-21 09:48:29,975.5,97293
2021-06-21 09:48:34,975.5,97293
2021-06-21 09:48:38,975.9,97300
2021-06-21 09:48:43,975.55,97374
2021-06-21 09:48:48,975.6,97482
2021-06-21 09:48:58,976.3,97715
2021-06-21 09:49:03,975.75,97725
2021-06-21 09:49:08,975.55,97825
2021-06-21 09:49:13,976.2,97946
2021-06-21 09:49:18,975.7,98788
2021-06-21 09:49:24,975.7,98788
2021-06-21 09:49:29,975.65,98793
2021-06-21 09:49:34,976.05,98828
2021-06-21 09:49:39,976.0,98872
2021-06-21 09:49:45,975.6,98899
2021-06-21 09:49:50,975.6,99015
2021-06-21 09:49:55,976.05,99170
2021-06-21 09:50:00,976.05,99170
2021-06-21 09:50:05,976.05,99170
2021-06-21 09:50:11,975.8,99171
2021-06-21 09:50:16,975.7,99337
2021-06-21 09:50:21,975.7,99434
2021-06-21 09:50:26,975.7,99524
2021-06-21 09:50:32,975.6,99564
2021-06-21 09:50:37,975.95,99694
2021-06-21 09:50:42,975.6,99759
2021-06-21 09:50:47,975.85,99994
2021-06-21 09:50:52,975.9,100277
2021-06-21 09:50:57,975.55,100325
2021-06-21 09:51:02,975.6,100544
2021-06-21 09:51:07,975.9,100625
2021-06-21 09:51:11,975.9,100626
2021-06-21 09:51:16,975.0,102325
2021-06-21 09:51:21,975.0,102445
2021-06-21 09:51:25,974.4,103642
2021-06-21 09:51:30,974.9,103822
2021-06-21 09:51:36,974.4,103845
2021-06-21 09:51:41,974.6,103968
2021-06-21 09:51:46,974.6,104031
2021-06-21 09:51:56,974.6,104208
2021-06-21 09:52:01,974.1,104273
2021-06-21 09:52:06,974.0,104344
2021-06-21 09:52:12,974.0,105089
2021-06-21 09:52:17,974.3,107773
2021-06-21 09:52:23,974.1,107996
2021-06-21 09:52:33,973.15,108340
2021-06-21 09:52:38,973.15,108486
2021-06-21 09:52:43,973.75,108566
2021-06-21 09:52:48,972.75,109396
2021-06-21 09:52:53,971.4,111315
2021-06-21 09:52:58,971.95,111380
2021-06-21 09:53:03,971.6,111533
2021-06-21 09:53:08,971.15,111565
2021-06-21 09:53:12,972.1,112378
2021-06-21 09:53:17,971.55,113435
2021-06-21 09:53:22,971.4,113535
2021-06-21 09:53:27,971.5,113575
2021-06-21 09:53:32,971.4,113884
2021-06-21 09:53:37,971.4,113926
2021-06-21 09:53:47,971.0,114257
2021-06-21 09:53:52,971.4,114319
2021-06-21 09:53:57,971.4,114319
2021-06-21 09:54:01,971.35,114382
2021-06-21 09:54:06,971.1,114411
2021-06-21 09:54:16,971.8,115071
2021-06-21 09:54:21,971.75,115278
2021-06-21 09:54:25,972.3,115673
2021-06-21 09:54:30,971.75,115988
2021-06-21 09:54:35,972.05,116055
2021-06-21 09:54:40,971.75,116066
2021-06-21 09:54:45,971.75,116188
2021-06-21 09:54:50,971.55,116259
2021-06-21 09:54:55,971.75,116527
2021-06-21 09:54:59,971.75,116652
2021-06-21 09:55:09,971.75,116888
2021-06-21 09:55:14,971.9,116898
2021-06-21 09:55:19,971.9,116968
2021-06-21 09:55:24,972.05,117095
2021-06-21 09:55:30,972.4,117486
2021-06-21 09:55:36,971.95,117756
2021-06-21 09:55:41,972.05,118019
2021-06-21 09:55:46,972.35,118542
2021-06-21 09:55:51,972.4,118956
2021-06-21 09:55:56,972.4,118956
2021-06-21 09:56:01,972.4,119291
2021-06-21 09:56:06,972.95,119711
2021-06-21 09:56:11,972.35,119951
2021-06-21 09:56:15,971.75,120539
2021-06-21 09:56:19,972.3,120714
2021-06-21 09:56:28,972.65,120970
2021-06-21 09:56:32,972.0,121018
2021-06-21 09:56:37,972.55,121315
2021-06-21 09:56:42,973.0,121410
2021-06-21 09:56:47,973.0,121491
2021-06-21 09:56:52,973.0,121524
2021-06-21 09:56:54,972.95,121541
2021-06-21 09:56:56,972.35,121560
2021-06-21 09:56:56,972.35,121560
2021-06-21 09:56:57,972.35,121560
2021-06-21 09:56:59,972.35,121560
2021-06-21 09:57:00,972.35,121560
2021-06-21 09:57:01,972.85,121574
2021-06-21 09:57:02,972.85,121594
2021-06-21 09:57:03,972.85,121594
2021-06-21 09:57:04,972.45,121621
2021-06-21 09:57:06,972.45,121621
2021-06-21 09:57:07,972.45,121621
2021-06-21 09:57:11,972.4,121638
2021-06-21 09:57:12,972.35,121665
2021-06-21 09:57:13,972.35,121665
2021-06-21 09:57:14,972.35,121665
2021-06-21 09:57:15,972.5,121687
2021-06-21 09:57:16,972.5,121687
2021-06-21 09:57:18,972.5,121778
2021-06-21 09:57:19,972.5,121799
2021-06-21 09:57:20,972.5,121799
2021-06-21 09:57:21,972.5,121820
2021-06-21 09:57:22,972.85,121830
2021-06-21 09:57:23,972.5,121875
2021-06-21 09:57:24,972.85,121877
2021-06-21 09:57:25,972.5,121898
2021-06-21 09:57:26,972.85,121899
2021-06-21 09:57:29,972.5,121962
2021-06-21 09:57:31,972.5,122012
2021-06-21 09:57:31,972.85,122014
2021-06-21 09:57:32,972.5,122035
2021-06-21 09:57:33,972.5,122038
2021-06-21 09:57:35,972.5,122077
2021-06-21 09:57:36,972.5,122077
2021-06-21 09:57:37,972.85,122108
2021-06-21 09:57:38,972.85,122113
2021-06-21 09:57:39,972.85,122113
2021-06-21 09:57:40,972.85,122313
2021-06-21 09:57:41,972.85,122325
2021-06-21 09:57:42,972.85,122325
2021-06-21 09:57:44,972.85,122325
2021-06-21 09:57:46,972.6,122395
2021-06-21 09:57:48,972.6,122395
2021-06-21 09:57:52,972.6,122395
2021-06-21 09:57:53,972.6,122395
2021-06-21 09:57:54,972.6,122418
2021-06-21 09:57:56,972.5,122465
2021-06-21 09:57:55,972.5,122465
2021-06-21 09:57:57,972.5,122465
2021-06-21 09:57:58,972.85,122467
2021-06-21 09:57:59,972.85,122467
2021-06-21 09:58:00,972.85,122467
2021-06-21 09:58:01,972.5,122497
2021-06-21 09:58:02,972.5,122497
2021-06-21 09:58:03,972.5,122497
2021-06-21 09:58:04,972.35,123063
2021-06-21 09:58:05,972.35,123063
2021-06-21 09:58:05,972.35,123063
2021-06-21 09:58:08,972.8,123066
2021-06-21 09:58:10,972.8,123066
2021-06-21 09:58:11,972.8,123066
2021-06-21 09:58:12,972.8,123066
2021-06-21 09:58:13,972.8,123071
2021-06-21 09:58:14,972.8,123071
2021-06-21 09:58:15,972.8,123071
2021-06-21 09:58:16,972.8,123071
2021-06-21 09:58:17,972.4,123168
2021-06-21 09:58:19,972.4,123168
2021-06-21 09:58:20,972.45,123210
2021-06-21 09:58:21,972.45,123219
2021-06-21 09:58:22,972.45,123219
2021-06-21 09:58:23,972.4,123235
2021-06-21 09:58:26,972.4,123235
2021-06-21 09:58:27,972.75,123253
2021-06-21 09:58:28,972.75,123503
2021-06-21 09:58:29,972.75,123505
2021-06-21 09:58:30,972.75,123512
2021-06-21 09:58:31,972.5,123581
2021-06-21 09:58:33,972.75,123586
2021-06-21 09:58:34,972.75,123586
2021-06-21 09:58:35,972.5,123725
2021-06-21 09:58:36,972.5,123725
2021-06-21 09:58:37,972.5,123725
2021-06-21 09:58:38,972.5,123725
2021-06-21 09:58:39,972.5,123725
2021-06-21 09:58:40,972.5,123725
2021-06-21 09:58:41,972.5,123725
2021-06-21 09:58:45,972.5,123725
2021-06-21 09:58:46,972.5,123725
2021-06-21 09:58:47,972.75,123801
2021-06-21 09:58:48,972.75,123801
2021-06-21 09:58:49,972.75,123801
2021-06-21 09:58:50,972.75,123801
2021-06-21 09:58:51,972.75,123801
2021-06-21 09:58:52,972.75,123801
2021-06-21 09:58:53,972.75,123801
2021-06-21 09:58:54,972.55,123813
2021-06-21 09:58:55,972.55,123813
2021-06-21 09:58:56,972.65,123818
2021-06-21 09:58:57,972.5,123835
2021-06-21 09:58:58,972.5,123835
2021-06-21 09:59:00,972.5,123860
2021-06-21 09:59:01,972.8,124030
2021-06-21 09:59:02,972.45,124035
2021-06-21 09:59:03,972.4,124050
2021-06-21 09:59:04,972.4,124050
2021-06-21 09:59:05,972.65,124053
2021-06-21 09:59:06,972.65,124053
2021-06-21 09:59:07,972.65,124259
2021-06-21 09:59:08,972.65,124263
2021-06-21 09:59:12,972.65,124263
2021-06-21 09:59:13,972.65,124263
2021-06-21 09:59:14,972.65,124263
2021-06-21 09:59:15,972.4,124264
2021-06-21 09:59:16,972.4,124264
2021-06-21 09:59:17,972.4,124335
2021-06-21 09:59:19,972.4,124335
2021-06-21 09:59:20,972.4,124335
2021-06-21 09:59:21,972.65,124346
2021-06-21 09:59:22,972.4,124347
2021-06-21 09:59:23,972.4,124347
2021-06-21 09:59:24,972.4,124347
2021-06-21 09:59:25,972.65,124352
2021-06-21 09:59:26,972.65,124352
2021-06-21 09:59:27,972.65,124363
2021-06-21 09:59:28,972.65,124363
2021-06-21 09:59:29,972.6,124367
2021-06-21 09:59:30,972.6,124367
2021-06-21 09:59:31,972.4,124388
2021-06-21 09:59:32,972.4,124388
2021-06-21 09:59:33,972.4,124406
2021-06-21 09:59:35,972.4,124406
2021-06-21 09:59:36,972.4,124406
2021-06-21 09:59:37,972.6,124506
2021-06-21 09:59:38,972.6,124517
2021-06-21 09:59:39,972.6,124625
2021-06-21 09:59:40,972.6,124625
2021-06-21 09:59:41,972.6,124625
2021-06-21 09:59:42,972.4,124825
2021-06-21 09:59:43,972.6,124854
2021-06-21 09:59:44,972.6,124854
2021-06-21 09:59:45,972.6,124865
2021-06-21 09:59:46,972.3,124935
2021-06-21 09:59:48,972.6,124940
2021-06-21 09:59:50,972.6,125041
2021-06-21 09:59:51,972.6,125041
2021-06-21 09:59:53,972.6,125441
2021-06-21 09:59:54,972.6,126191
2021-06-21 09:59:55,972.6,126191
2021-06-21 09:59:56,972.6,126191
2021-06-21 09:59:57,972.6,126191
2021-06-21 09:59:59,972.6,126191
2021-06-21 10:00:00,972.6,126192
2021-06-21 10:00:02,972.6,126264
2021-06-21 10:00:03,972.6,126264
2021-06-21 10:00:04,972.6,126269
2021-06-21 10:00:05,972.4,126400
2021-06-21 10:00:06,972.4,126400
2021-06-21 10:00:07,972.4,126400
2021-06-21 10:00:08,972.6,126410
2021-06-21 10:00:10,972.6,126470
2021-06-21 10:00:11,972.6,126470
2021-06-21 10:00:12,972.6,126470
2021-06-21 10:00:13,972.6,126470
2021-06-21 10:00:14,972.6,126470
2021-06-21 10:00:16,972.6,126470
2021-06-21 10:00:17,972.4,126540
2021-06-21 10:00:17,972.4,126540
2021-06-21 10:00:18,972.6,126570
2021-06-21 10:00:19,972.4,126670
2021-06-21 10:00:20,972.4,126715
2021-06-21 10:00:21,972.4,126715
2021-06-21 10:00:24,972.6,126716
2021-06-21 10:00:26,972.6,126716
2021-06-21 10:00:27,972.4,127251
2021-06-21 10:00:28,972.6,127253
2021-06-21 10:00:29,972.6,127253
2021-06-21 10:00:30,972.4,127264
2021-06-21 10:00:33,972.4,127264
2021-06-21 10:00:33,972.4,127264
2021-06-21 10:00:37,971.8,129016
2021-06-21 10:00:38,972.2,129117
2021-06-21 10:00:39,972.2,129117
2021-06-21 10:00:40,972.2,129117
2021-06-21 10:00:42,972.2,129117
2021-06-21 10:00:43,971.95,129118
2021-06-21 10:00:44,971.8,129238
2021-06-21 10:00:46,971.8,129238
2021-06-21 10:00:47,971.8,129955
2021-06-21 10:00:47,971.8,129962
2021-06-21 10:00:48,971.65,129967
2021-06-21 10:00:49,971.8,129969
2021-06-21 10:00:50,971.8,129969
2021-06-21 10:00:52,971.8,129969
2021-06-21 10:00:53,971.8,129979
2021-06-21 10:00:55,971.75,129984
2021-06-21 10:00:56,971.75,129987
2021-06-21 10:00:57,971.75,129987
2021-06-21 10:00:58,971.75,129987
2021-06-21 10:01:00,971.75,130087
2021-06-21 10:01:00,971.75,130112
2021-06-21 10:01:01,971.75,130112
2021-06-21 10:01:02,971.75,130212
2021-06-21 10:01:04,971.6,130255
2021-06-21 10:01:06,971.35,130455
2021-06-21 10:01:06,971.35,130455
2021-06-21 10:01:07,971.35,130455
2021-06-21 10:01:08,971.35,130455
2021-06-21 10:01:09,971.35,130455
2021-06-21 10:01:10,971.35,130455
2021-06-21 10:01:11,971.5,130555
2021-06-21 10:01:12,971.4,130556
2021-06-21 10:01:13,971.4,130556
2021-06-21 10:01:15,971.7,130570
2021-06-21 10:01:17,971.4,130640
2021-06-21 10:01:17,971.4,130640
2021-06-21 10:01:18,971.7,130671
2021-06-21 10:01:19,971.65,130705
2021-06-21 10:01:20,971.65,130705
2021-06-21 10:01:21,971.6,130725
2021-06-21 10:01:22,971.8,130745
2021-06-21 10:01:23,971.5,130767
2021-06-21 10:01:24,971.5,130767
2021-06-21 10:01:25,971.5,130767
2021-06-21 10:01:26,971.5,130767
2021-06-21 10:01:27,971.8,130768
2021-06-21 10:01:29,971.5,130818
2021-06-21 10:01:30,971.5,130818
2021-06-21 10:01:31,971.65,130827
2021-06-21 10:01:32,971.65,130827
2021-06-21 10:01:33,971.65,130827
2021-06-21 10:01:34,971.5,130918
2021-06-21 10:01:35,971.8,131251
2021-06-21 10:01:36,971.8,131251
2021-06-21 10:01:38,971.8,131251
2021-06-21 10:01:38,971.8,131251
2021-06-21 10:01:39,971.8,131251
2021-06-21 10:01:40,971.8,131251
2021-06-21 10:01:42,971.8,131251
2021-06-21 10:01:43,971.8,131251
2021-06-21 10:01:44,972.05,131253
2021-06-21 10:01:45,972.05,131253
2021-06-21 10:01:46,972.0,131323
2021-06-21 10:01:47,972.0,131323
2021-06-21 10:01:48,972.0,131323
2021-06-21 10:01:49,972.0,131323
2021-06-21 10:01:50,972.0,131426
2021-06-21 10:01:51,972.05,131431
2021-06-21 10:01:52,972.05,131531
2021-06-21 10:01:53,972.05,131531
2021-06-21 10:01:58,972.05,132090
2021-06-21 10:02:07,971.5,133398
2021-06-21 10:02:12,972.1,133826
2021-06-21 10:02:22,971.95,134357
2021-06-21 10:02:27,971.95,134398
2021-06-21 10:02:32,971.95,134413
2021-06-21 10:02:37,971.95,134440
2021-06-21 10:02:41,972.3,134650
2021-06-21 10:02:50,971.6,134720
2021-06-21 10:02:54,972.15,134745
2021-06-21 10:02:58,972.45,134950
2021-06-21 10:03:03,971.9,134961
2021-06-21 10:03:08,972.2,135145
2021-06-21 10:03:13,971.9,135326
2021-06-21 10:03:18,971.8,135447
2021-06-21 10:03:23,972.45,135634
2021-06-21 10:03:27,972.1,135639
2021-06-21 10:03:32,972.05,135644
2021-06-21 10:03:36,972.05,135651
2021-06-21 10:03:41,972.05,135651
2021-06-21 10:03:45,972.0,135665
2021-06-21 10:03:49,972.0,135742
2021-06-21 10:03:54,972.3,135958
2021-06-21 10:03:59,972.0,135968
2021-06-21 10:04:03,972.0,136129
2021-06-21 10:04:08,972.3,136181
2021-06-21 10:04:13,972.3,136181
2021-06-21 10:04:17,972.0,136306
2021-06-21 10:04:22,971.65,136606
2021-06-21 10:04:27,971.45,136811
2021-06-21 10:04:32,971.95,136918
2021-06-21 10:04:36,971.95,136949
2021-06-21 10:04:40,971.95,136963
2021-06-21 10:04:45,971.95,136965
2021-06-21 10:04:49,971.8,137036
2021-06-21 10:04:54,971.4,137108
2021-06-21 10:04:58,971.8,137318
2021-06-21 10:05:02,971.8,137319
2021-06-21 10:05:07,971.8,137329
2021-06-21 10:05:11,971.8,137449
2021-06-21 10:05:15,971.8,137449
2021-06-21 10:05:20,971.5,137520
2021-06-21 10:05:24,971.8,137531
2021-06-21 10:05:29,971.8,137922
2021-06-21 10:05:34,971.45,137973
2021-06-21 10:05:39,971.8,138108
2021-06-21 10:05:44,971.8,138108
2021-06-21 10:05:48,971.2,138266
2021-06-21 10:05:52,971.3,138421
2021-06-21 10:05:56,971.8,138436
2021-06-21 10:06:00,971.8,138436
2021-06-21 10:06:05,971.8,138440
2021-06-21 10:06:09,971.8,138571
2021-06-21 10:06:13,971.8,138788
2021-06-21 10:06:18,971.3,138869
2021-06-21 10:06:22,971.8,138870
2021-06-21 10:06:26,971.8,138870
2021-06-21 10:06:31,971.8,138870
2021-06-21 10:06:36,972.15,139034
2021-06-21 10:06:41,972.15,139036
2021-06-21 10:06:45,972.15,139036
2021-06-21 10:06:49,972.45,139366
2021-06-21 10:06:53,971.8,139383
2021-06-21 10:06:57,971.8,139489
2021-06-21 10:07:01,972.15,139521
2021-06-21 10:07:05,972.15,139612
2021-06-21 10:07:09,972.15,139681
2021-06-21 10:07:14,971.8,139697
2021-06-21 10:07:17,971.8,139823
2021-06-21 10:07:22,972.15,139847
2021-06-21 10:07:26,972.15,139847
2021-06-21 10:07:30,972.15,139930
2021-06-21 10:07:35,972.15,140220
2021-06-21 10:07:39,971.65,140380
2021-06-21 10:07:44,972.15,140413
2021-06-21 10:07:49,971.55,140543
2021-06-21 10:07:53,971.65,140674
2021-06-21 10:07:57,972.15,140710
2021-06-21 10:08:02,972.15,140712
2021-06-21 10:08:06,972.15,140713
2021-06-21 10:08:11,972.15,140816
2021-06-21 10:08:16,972.15,140836
2021-06-21 10:08:21,972.15,140912
2021-06-21 10:08:25,972.0,140915
2021-06-21 10:08:29,972.0,140919
2021-06-21 10:08:34,972.15,141217
2021-06-21 10:08:38,972.6,141241
2021-06-21 10:08:42,972.6,141241
2021-06-21 10:08:47,972.6,141501
2021-06-21 10:08:52,972.6,141531
2021-06-21 10:08:56,972.15,141537
2021-06-21 10:09:00,972.2,141538
2021-06-21 10:09:04,972.2,141686
2021-06-21 10:09:08,972.2,141686
2021-06-21 10:09:12,972.6,141689
2021-06-21 10:09:17,972.6,141767
2021-06-21 10:09:22,972.6,141841
2021-06-21 10:09:26,972.6,141863
2021-06-21 10:09:30,972.6,142062
2021-06-21 10:09:34,973.0,142158
2021-06-21 10:09:39,972.7,142500
2021-06-21 10:09:43,973.25,142524
2021-06-21 10:09:47,973.05,142594
2021-06-21 10:09:52,973.55,143391
2021-06-21 10:09:56,974.0,143499
2021-06-21 10:10:00,974.0,143590
2021-06-21 10:10:05,974.0,143962
2021-06-21 10:10:08,974.0,144154
2021-06-21 10:10:17,973.65,144240
2021-06-21 10:10:21,973.95,144249
2021-06-21 10:10:26,973.95,144281
2021-06-21 10:10:34,974.0,144357
2021-06-21 10:10:38,973.95,144371
2021-06-21 10:10:42,974.0,144500
2021-06-21 10:10:46,974.0,144500
2021-06-21 10:10:50,974.0,144670
2021-06-21 10:10:54,974.35,144691
2021-06-21 10:10:58,974.0,145571
2021-06-21 10:11:03,973.8,145613
2021-06-21 10:11:07,974.2,145623
2021-06-21 10:11:10,974.1,145640
2021-06-21 10:11:14,974.05,145731
2021-06-21 10:11:19,974.0,145961
2021-06-21 10:11:23,974.0,146010
2021-06-21 10:11:27,974.0,146049
2021-06-21 10:11:31,973.5,146055
2021-06-21 10:11:35,973.35,146144
2021-06-21 10:11:39,973.4,146170
2021-06-21 10:11:43,974.0,146226
2021-06-21 10:11:47,973.35,146354
2021-06-21 10:11:51,974.25,146954
2021-06-21 10:11:55,974.1,147130
2021-06-21 10:11:59,974.0,147181
2021-06-21 10:12:03,974.05,147400
2021-06-21 10:12:08,973.55,147533
2021-06-21 10:12:12,973.85,147550
2021-06-21 10:12:17,973.45,147699
2021-06-21 10:12:22,973.35,147715
2021-06-21 10:12:26,973.85,147721
2021-06-21 10:12:30,973.25,147753
2021-06-21 10:12:35,973.75,147765
2021-06-21 10:12:39,973.8,148002
2021-06-21 10:12:43,973.85,148018
2021-06-21 10:12:46,973.85,148023
2021-06-21 10:12:50,973.85,148094
2021-06-21 10:12:54,973.85,148122
2021-06-21 10:12:59,973.4,148126
2021-06-21 10:13:02,973.85,148158
2021-06-21 10:13:06,973.8,148192
2021-06-21 10:13:10,973.8,148221
2021-06-21 10:13:14,973.0,149407
2021-06-21 10:13:18,973.0,149419
2021-06-21 10:13:23,973.0,149505
2021-06-21 10:13:27,973.0,150274
2021-06-21 10:13:31,973.0,150292
2021-06-21 10:13:35,973.0,150292
2021-06-21 10:13:40,973.0,150302
2021-06-21 10:13:43,972.55,150370
2021-06-21 10:13:55,973.0,150689
2021-06-21 10:13:59,973.0,150701
2021-06-21 10:14:03,973.0,150793
2021-06-21 10:14:08,973.0,150812
2021-06-21 10:14:13,973.0,150819
2021-06-21 10:14:17,973.0,151140
2021-06-21 10:14:21,972.95,151146
2021-06-21 10:14:26,972.95,151185
2021-06-21 10:14:29,972.4,151201
2021-06-21 10:14:33,972.4,151238
2021-06-21 10:14:38,973.35,151655
2021-06-21 10:14:42,973.4,151674
2021-06-21 10:14:46,973.35,151852
2021-06-21 10:14:51,973.35,151974
2021-06-21 10:14:55,973.25,151995
2021-06-21 10:14:59,973.25,152036
2021-06-21 10:15:04,973.25,152364
2021-06-21 10:15:08,973.25,152370
2021-06-21 10:15:13,973.25,152394
2021-06-21 10:15:17,972.8,152598
2021-06-21 10:15:21,972.8,152618
2021-06-21 10:15:29,972.8,152677
2021-06-21 10:15:33,972.8,152726
2021-06-21 10:15:38,972.8,152774
2021-06-21 10:15:42,972.8,152928
2021-06-21 10:15:49,972.8,153015
2021-06-21 10:15:53,973.5,153139
2021-06-21 10:15:56,973.5,153144
2021-06-21 10:16:01,973.5,153230
2021-06-21 10:16:05,973.35,153245
2021-06-21 10:16:09,973.35,153252
2021-06-21 10:16:12,973.35,153262
2021-06-21 10:16:16,973.35,153338
2021-06-21 10:16:20,973.35,153654
2021-06-21 10:16:24,973.05,153707
2021-06-21 10:16:28,973.35,153722
2021-06-21 10:16:32,973.35,153732
2021-06-21 10:16:36,973.35,153734
2021-06-21 10:16:40,973.1,153740
2021-06-21 10:16:44,973.05,153834
2021-06-21 10:16:48,973.05,153986
2021-06-21 10:16:52,973.05,154026
2021-06-21 10:16:56,973.35,154057
2021-06-21 10:17:00,973.35,154215
2021-06-21 10:17:03,972.95,154218
2021-06-21 10:17:08,973.35,154293
2021-06-21 10:17:12,973.75,154307
2021-06-21 10:17:17,973.2,154537
2021-06-21 10:17:22,973.0,154903
2021-06-21 10:17:26,973.6,155256
2021-06-21 10:17:30,973.35,155313
2021-06-21 10:17:35,973.35,155334
2021-06-21 10:17:39,973.35,155467
2021-06-21 10:17:44,973.05,155778
2021-06-21 10:17:49,973.35,155835
2021-06-21 10:17:53,973.0,155990
2021-06-21 10:17:57,973.0,156697
2021-06-21 10:18:02,973.0,156867
2021-06-21 10:18:06,972.9,157498
2021-06-21 10:18:10,973.2,158578
2021-06-21 10:18:14,972.8,158813
2021-06-21 10:18:18,973.2,158876
2021-06-21 10:18:22,973.2,158900
2021-06-21 10:18:26,973.2,158900
2021-06-21 10:18:30,973.2,158901
2021-06-21 10:18:34,973.2,158905
2021-06-21 10:18:38,973.15,159582
2021-06-21 10:18:42,973.0,159687
2021-06-21 10:18:46,973.6,160069
2021-06-21 10:18:50,972.95,160095
2021-06-21 10:18:54,972.95,160181
2021-06-21 10:18:58,973.0,160274
2021-06-21 10:19:02,972.8,160311
2021-06-21 10:19:06,973.3,160342
2021-06-21 10:19:09,973.3,160395
2021-06-21 10:19:13,973.3,160508
2021-06-21 10:19:21,973.3,160781
2021-06-21 10:19:25,973.3,160853
2021-06-21 10:19:40,972.0,172522
2021-06-21 10:19:45,972.0,172823
2021-06-21 10:19:49,971.7,172924
2021-06-21 10:19:54,971.4,173449
2021-06-21 10:19:57,971.4,174930
2021-06-21 10:20:01,971.4,174930
2021-06-21 10:20:05,972.0,176650
2021-06-21 10:20:09,971.4,177846
2021-06-21 10:20:12,971.7,177859
2021-06-21 10:20:17,971.7,177959
2021-06-21 10:20:21,971.95,178022
2021-06-21 10:20:25,971.9,178036
2021-06-21 10:20:29,971.9,178040
2021-06-21 10:20:33,971.9,178059
2021-06-21 10:20:37,971.9,178981
2021-06-21 10:20:41,971.9,179060
2021-06-21 10:20:45,971.9,179129
2021-06-21 10:20:50,971.9,179138
2021-06-21 10:20:54,971.9,179143
2021-06-21 10:20:58,971.9,180148
2021-06-21 10:21:01,971.9,180170
2021-06-21 10:21:06,971.9,180171
2021-06-21 10:21:10,971.9,180225
2021-06-21 10:21:14,971.85,180406
2021-06-21 10:21:18,972.0,182410
2021-06-21 10:21:22,971.9,182467
2021-06-21 10:21:26,972.45,183377
2021-06-21 10:21:34,972.45,183388
2021-06-21 10:21:38,972.45,183398
2021-06-21 10:21:42,972.45,183398
2021-06-21 10:21:46,972.4,183477
2021-06-21 10:21:50,972.0,183525
2021-06-21 10:21:54,972.4,183746
2021-06-21 10:21:58,972.35,183751
2021-06-21 10:22:03,972.35,184001
2021-06-21 10:22:06,972.45,184002
2021-06-21 10:22:10,972.45,184028
2021-06-21 10:22:14,972.1,184095
2021-06-21 10:22:17,972.7,184597
2021-06-21 10:22:20,972.7,184627
2021-06-21 10:22:24,972.7,184627
2021-06-21 10:22:28,972.65,184631
2021-06-21 10:22:32,972.95,184672
2021-06-21 10:22:36,972.95,184734
2021-06-21 10:22:40,972.95,184743
2021-06-21 10:22:44,972.5,184849
2021-06-21 10:22:48,972.5,184850
2021-06-21 10:22:52,972.5,184850
2021-06-21 10:22:56,972.5,184908
2021-06-21 10:22:59,972.5,184918
2021-06-21 10:23:03,973.3,186115
2021-06-21 10:23:07,972.7,186121
2021-06-21 10:23:10,972.55,186244
2021-06-21 10:23:14,972.5,186392
2021-06-21 10:23:18,972.55,186559
2021-06-21 10:23:22,973.05,186894
2021-06-21 10:23:26,972.35,186968
2021-06-21 10:23:30,972.9,186976
2021-06-21 10:23:34,972.9,186978
2021-06-21 10:23:38,972.45,187075
2021-06-21 10:23:42,972.3,187124
2021-06-21 10:23:46,972.3,187232
2021-06-21 10:23:50,972.2,187239
2021-06-21 10:23:58,971.65,188054
2021-06-21 10:24:02,971.6,188059
2021-06-21 10:24:05,971.6,188249
2021-06-21 10:24:09,971.45,188276
2021-06-21 10:24:12,971.45,188314
2021-06-21 10:24:16,971.4,188472
2021-06-21 10:24:19,971.9,188514
2021-06-21 10:24:23,971.4,188536
2021-06-21 10:24:27,971.8,188554
2021-06-21 10:24:31,971.5,188592
2021-06-21 10:24:34,971.5,188592
2021-06-21 10:24:38,971.4,188709
2021-06-21 10:24:42,971.4,188748
2021-06-21 10:24:46,971.25,189515
2021-06-21 10:24:50,971.4,189691
2021-06-21 10:24:54,971.2,189728
2021-06-21 10:24:57,971.65,189817
2021-06-21 10:25:01,971.2,190131
2021-06-21 10:25:05,971.25,190191
2021-06-21 10:25:08,971.25,190196
2021-06-21 10:25:12,971.25,190217
2021-06-21 10:25:16,971.1,191630
2021-06-21 10:25:20,971.0,191807
2021-06-21 10:25:24,971.05,192066
2021-06-21 10:25:27,971.0,192098
2021-06-21 10:25:31,971.05,192388
2021-06-21 10:25:34,971.0,192900
2021-06-21 10:25:37,970.85,196847
2021-06-21 10:25:41,970.9,198778
2021-06-21 10:25:45,970.7,199135
2021-06-21 10:25:49,971.0,201079
2021-06-21 10:25:52,970.9,201181
2021-06-21 10:25:56,970.5,201287
2021-06-21 10:26:00,970.7,202300
2021-06-21 10:26:04,970.5,202486
2021-06-21 10:26:07,970.5,202742
2021-06-21 10:26:11,970.7,202874
2021-06-21 10:26:15,970.7,202958
2021-06-21 10:26:18,970.35,203193
2021-06-21 10:26:22,970.7,203254
2021-06-21 10:26:25,970.35,203615
2021-06-21 10:26:28,970.65,204037
2021-06-21 10:26:31,970.35,204109
2021-06-21 10:26:35,970.35,204146
2021-06-21 10:26:39,970.65,204191
2021-06-21 10:26:44,970.35,204322
2021-06-21 10:26:48,970.65,204465
2021-06-21 10:26:52,970.65,204574
2021-06-21 10:26:56,970.65,204688
2021-06-21 10:26:59,970.35,205202
2021-06-21 10:27:02,970.65,205421
2021-06-21 10:27:05,970.65,205783
2021-06-21 10:27:09,971.0,205850
2021-06-21 10:27:13,971.0,205899
2021-06-21 10:27:17,971.0,206185
2021-06-21 10:27:20,971.0,206234
2021-06-21 10:27:24,971.0,206234
2021-06-21 10:27:27,971.0,206245
2021-06-21 10:27:31,971.0,206250
2021-06-21 10:27:36,973.0,208289
2021-06-21 10:27:40,972.05,208385
2021-06-21 10:27:45,971.8,208485
2021-06-21 10:27:50,971.65,208748
2021-06-21 10:27:54,971.9,209159
2021-06-21 10:27:58,972.0,209223
2021-06-21 10:28:03,972.0,209228
2021-06-21 10:28:08,972.4,209328
2021-06-21 10:28:12,972.4,209369
2021-06-21 10:28:17,972.4,209456
2021-06-21 10:28:21,971.9,209469
2021-06-21 10:28:25,972.15,209484
2021-06-21 10:28:30,972.15,209504
2021-06-21 10:28:35,972.15,209677
2021-06-21 10:28:39,972.15,209729
2021-06-21 10:28:42,971.9,209749
2021-06-21 10:28:46,971.7,209818
2021-06-21 10:28:49,972.0,209823
2021-06-21 10:28:53,971.7,209853
2021-06-21 10:28:57,971.7,209874
2021-06-21 10:29:00,971.7,209887
2021-06-21 10:29:04,971.95,209930
2021-06-21 10:29:08,972.0,209935
2021-06-21 10:29:11,971.65,209945
2021-06-21 10:29:19,972.0,210996
2021-06-21 10:29:22,971.5,211057
2021-06-21 10:29:26,972.0,211067
2021-06-21 10:29:29,971.95,211179
2021-06-21 10:29:34,972.0,211216
2021-06-21 10:29:37,971.55,211229
2021-06-21 10:29:40,972.0,211232
2021-06-21 10:29:47,972.25,212152
2021-06-21 10:29:51,971.8,212308
2021-06-21 10:29:55,971.8,213810
2021-06-21 10:29:58,972.55,214560
2021-06-21 10:30:02,971.55,214620
2021-06-21 10:30:06,972.2,215267
2021-06-21 10:30:11,972.3,215752
2021-06-21 10:30:16,971.55,215818
2021-06-21 10:30:20,971.65,215895
2021-06-21 10:30:24,971.65,215912
2021-06-21 10:30:28,971.65,215917
2021-06-21 10:30:32,971.65,216301
2021-06-21 10:30:39,971.6,216372
2021-06-21 10:30:43,971.65,216422
2021-06-21 10:30:46,971.6,216490
2021-06-21 10:30:50,971.65,216518
2021-06-21 10:30:53,971.65,216519
2021-06-21 10:30:57,971.65,216519
2021-06-21 10:31:00,971.65,216576
2021-06-21 10:31:04,971.6,216589
2021-06-21 10:31:08,971.65,216810
2021-06-21 10:31:12,972.2,217349
2021-06-21 10:31:16,972.25,217516
2021-06-21 10:31:19,972.25,217531
2021-06-21 10:31:23,972.25,217537
2021-06-21 10:31:26,971.75,217579
2021-06-21 10:31:30,971.75,217579
2021-06-21 10:31:33,972.15,217648
2021-06-21 10:31:36,972.15,217712
2021-06-21 10:31:39,972.3,217873
2021-06-21 10:31:43,972.15,217940
2021-06-21 10:31:47,972.15,218220
2021-06-21 10:31:52,972.15,218346
2021-06-21 10:31:55,972.15,218493
2021-06-21 10:31:58,972.15,218559
2021-06-21 10:32:02,972.15,218770
2021-06-21 10:32:05,972.35,218925
2021-06-21 10:32:09,972.35,218968
2021-06-21 10:32:12,972.35,218968
2021-06-21 10:32:16,972.3,219084
2021-06-21 10:32:20,971.8,219103
2021-06-21 10:32:23,972.4,219126
2021-06-21 10:32:27,972.35,219191
2021-06-21 10:32:30,972.3,219220
2021-06-21 10:32:34,971.8,219291
2021-06-21 10:32:38,972.3,219386
2021-06-21 10:32:41,972.6,219653
2021-06-21 10:32:44,972.45,219789
2021-06-21 10:32:48,972.3,219812
2021-06-21 10:32:51,972.3,219812
2021-06-21 10:32:55,972.3,219818
2021-06-21 10:32:58,972.3,220585
2021-06-21 10:33:01,972.2,220684
2021-06-21 10:33:04,972.2,220720
2021-06-21 10:33:08,972.15,220853
2021-06-21 10:33:12,971.8,220872
2021-06-21 10:33:15,971.8,220990
2021-06-21 10:33:19,971.5,221010
2021-06-21 10:33:22,971.8,221130
2021-06-21 10:33:25,971.8,221249
2021-06-21 10:33:28,971.8,221317
2021-06-21 10:33:32,971.8,221317
2021-06-21 10:33:35,971.5,221325
2021-06-21 10:33:38,971.5,221345
2021-06-21 10:33:42,971.8,221366
2021-06-21 10:33:46,971.55,221443
2021-06-21 10:33:50,971.55,221454
2021-06-21 10:33:53,971.55,221454
2021-06-21 10:33:56,971.8,221461
2021-06-21 10:34:00,971.8,221461
2021-06-21 10:34:03,971.7,221485
2021-06-21 10:34:07,971.8,221521
2021-06-21 10:34:10,971.8,221544
2021-06-21 10:34:13,971.8,221544
2021-06-21 10:34:20,971.8,221652
2021-06-21 10:34:22,971.8,221652
2021-06-21 10:34:25,971.8,221653
2021-06-21 10:34:28,971.8,221820
2021-06-21 10:34:32,971.8,221868
2021-06-21 10:34:35,971.8,221917
2021-06-21 10:34:39,971.8,221971
2021-06-21 10:34:41,971.8,221971
2021-06-21 10:34:44,972.0,222051
2021-06-21 10:34:48,971.8,222073
2021-06-21 10:34:51,972.0,222075
2021-06-21 10:34:54,972.0,222075
2021-06-21 10:34:58,972.0,222126
2021-06-21 10:35:01,972.0,222130
2021-06-21 10:35:05,971.8,222140
2021-06-21 10:35:13,972.0,222205
2021-06-21 10:35:18,972.0,222300
2021-06-21 10:35:22,971.8,222315
2021-06-21 10:35:27,972.0,222415
2021-06-21 10:35:31,971.9,222433
2021-06-21 10:35:34,972.0,222453
2021-06-21 10:35:39,972.0,222453
2021-06-21 10:35:42,972.0,222720
2021-06-21 10:35:46,971.95,222837
2021-06-21 10:35:49,972.0,222849
2021-06-21 10:35:53,972.2,222885
2021-06-21 10:35:56,972.05,222896
2021-06-21 10:36:00,972.05,222896
2021-06-21 10:36:03,972.05,222915
2021-06-21 10:36:07,972.05,222928
2021-06-21 10:36:10,972.2,222930
2021-06-21 10:36:14,972.05,223000
2021-06-21 10:36:18,972.05,223027
2021-06-21 10:36:21,972.2,223450
2021-06-21 10:36:25,972.0,223528
2021-06-21 10:36:28,972.0,223593
2021-06-21 10:36:32,972.0,223604
2021-06-21 10:36:37,971.95,223862
2021-06-21 10:36:41,972.0,223867
2021-06-21 10:36:45,972.0,224008
2021-06-21 10:36:49,970.65,228416
2021-06-21 10:36:53,970.0,236341
2021-06-21 10:36:57,969.35,245173
2021-06-21 10:37:01,968.95,247352
2021-06-21 10:37:09,968.55,248776
2021-06-21 10:37:13,969.15,249934
2021-06-21 10:37:17,968.5,250253
2021-06-21 10:37:22,969.0,250327
2021-06-21 10:37:26,968.65,250485
2021-06-21 10:37:29,969.0,250548
2021-06-21 10:37:33,969.05,250552
2021-06-21 10:37:37,969.8,252204
2021-06-21 10:37:40,969.8,252983
2021-06-21 10:37:44,969.25,253059
2021-06-21 10:37:47,969.15,253099
2021-06-21 10:37:54,969.25,253673
2021-06-21 10:37:58,969.85,254242
2021-06-21 10:38:03,969.75,255620
2021-06-21 10:38:06,970.4,255853
2021-06-21 10:38:10,970.4,255853
2021-06-21 10:38:14,970.0,255923
2021-06-21 10:38:18,970.0,255978
2021-06-21 10:38:21,970.4,256018
2021-06-21 10:38:25,970.0,256039
2021-06-21 10:38:29,970.45,256160
2021-06-21 10:38:32,970.6,256669
2021-06-21 10:38:36,970.0,256797
2021-06-21 10:38:40,970.0,256817
2021-06-21 10:38:43,970.0,256922
2021-06-21 10:38:47,970.0,256959
2021-06-21 10:38:54,970.0,256959
2021-06-21 10:38:58,970.0,256965
2021-06-21 10:39:01,969.7,256982
2021-06-21 10:39:04,969.7,256987
2021-06-21 10:39:08,969.7,257065
2021-06-21 10:39:11,969.7,257077
2021-06-21 10:39:14,969.65,257110
2021-06-21 10:39:18,969.85,257235
2021-06-21 10:39:22,970.0,257637
2021-06-21 10:39:26,969.65,257673
2021-06-21 10:39:30,970.0,258148
2021-06-21 10:39:34,970.45,258374
2021-06-21 10:39:41,970.75,258693
2021-06-21 10:39:44,970.0,258742
2021-06-21 10:39:48,970.0,258742
2021-06-21 10:39:51,970.0,258995
2021-06-21 10:39:56,970.3,259140
2021-06-21 10:40:00,970.3,259177
2021-06-21 10:40:04,970.2,260092
2021-06-21 10:40:08,969.7,260291
2021-06-21 10:40:12,969.7,260379
2021-06-21 10:40:16,970.0,260775
2021-06-21 10:40:20,969.95,260867
2021-06-21 10:40:24,970.0,260985
2021-06-21 10:40:27,969.5,261024
2021-06-21 10:40:30,969.5,261035
2021-06-21 10:40:34,969.8,261936
2021-06-21 10:40:38,970.0,262234
2021-06-21 10:40:41,970.0,262266
2021-06-21 10:40:44,970.0,262266
2021-06-21 10:40:47,970.0,262266
2021-06-21 10:40:54,970.0,262429
2021-06-21 10:40:58,970.0,262429
2021-06-21 10:41:02,970.0,262509
2021-06-21 10:41:06,969.95,262534
2021-06-21 10:41:10,969.95,262581
2021-06-21 10:41:19,970.6,263142
2021-06-21 10:41:23,969.95,263235
2021-06-21 10:41:27,969.95,263276
2021-06-21 10:41:30,969.95,263316
2021-06-21 10:41:33,969.95,263372
2021-06-21 10:41:36,970.4,263442
2021-06-21 10:41:40,969.8,263605
2021-06-21 10:41:43,970.3,263724
2021-06-21 10:41:47,970.45,263868
2021-06-21 10:41:51,970.65,263991
2021-06-21 10:41:54,970.0,264009
2021-06-21 10:41:57,970.3,264011
2021-06-21 10:42:01,970.3,264042
2021-06-21 10:42:05,970.65,264458
2021-06-21 10:42:08,970.05,264548
2021-06-21 10:42:12,970.6,264554
2021-06-21 10:42:15,970.0,264620
2021-06-21 10:42:19,970.45,264698
2021-06-21 10:42:22,970.5,264729
2021-06-21 10:42:26,970.45,264753
2021-06-21 10:42:29,970.45,264796
2021-06-21 10:42:32,970.45,264822
2021-06-21 10:42:36,970.4,264894
2021-06-21 10:42:39,970.4,264935
2021-06-21 10:42:43,970.05,264950
2021-06-21 10:42:46,970.0,265020
2021-06-21 10:42:49,970.4,265100
2021-06-21 10:42:52,970.4,265142
2021-06-21 10:42:59,970.05,265313
2021-06-21 10:43:02,970.45,265371
2021-06-21 10:43:05,970.0,265382
2021-06-21 10:43:09,970.45,265399
2021-06-21 10:43:12,970.45,265496
2021-06-21 10:43:16,970.7,265609
2021-06-21 10:43:20,970.1,265618
2021-06-21 10:43:23,970.1,265625
2021-06-21 10:43:26,970.45,265629
2021-06-21 10:43:29,970.65,265653
2021-06-21 10:43:32,970.6,265770
2021-06-21 10:43:35,970.6,265855
2021-06-21 10:43:38,970.65,265979
2021-06-21 10:43:41,970.6,266001
2021-06-21 10:43:43,970.6,266024
2021-06-21 10:43:47,970.1,266096
2021-06-21 10:43:50,970.6,266130
2021-06-21 10:43:54,970.6,266178
2021-06-21 10:43:57,970.9,266262
2021-06-21 10:43:59,970.85,266285
2021-06-21 10:44:04,970.85,266285
2021-06-21 10:44:08,971.0,266544
2021-06-21 10:44:12,971.05,267046
2021-06-21 10:44:16,971.05,267234
2021-06-21 10:44:20,971.05,267318
2021-06-21 10:44:24,971.0,267429
2021-06-21 10:44:27,971.3,267893
2021-06-21 10:44:30,971.45,268065
2021-06-21 10:44:34,970.95,278404
2021-06-21 10:44:37,970.25,278601
2021-06-21 10:44:41,970.2,280362
2021-06-21 10:44:44,970.05,280424
2021-06-21 10:44:47,970.2,280591
2021-06-21 10:44:50,970.0,280687
2021-06-21 10:44:54,970.05,280725
2021-06-21 10:44:58,970.0,280792
2021-06-21 10:45:02,970.05,280874
2021-06-21 10:45:07,970.05,280896
2021-06-21 10:45:11,970.05,281057
2021-06-21 10:45:15,970.15,281438
2021-06-21 10:45:19,970.15,281447
2021-06-21 10:45:22,970.1,281479
2021-06-21 10:45:26,970.1,281504
2021-06-21 10:45:30,970.15,281510
2021-06-21 10:45:33,970.15,281574
2021-06-21 10:45:37,970.15,281602
2021-06-21 10:45:40,970.15,281628
2021-06-21 10:45:44,970.1,281698
2021-06-21 10:45:47,970.05,281774
2021-06-21 10:45:51,970.05,281774
2021-06-21 10:45:55,970.65,281874
2021-06-21 10:45:58,970.65,281924
2021-06-21 10:46:01,970.65,281936
2021-06-21 10:46:05,970.15,281946
2021-06-21 10:46:09,971.15,282836
2021-06-21 10:46:12,970.5,282851
2021-06-21 10:46:16,971.0,283109
2021-06-21 10:46:19,970.4,283163
2021-06-21 10:46:23,970.5,283180
2021-06-21 10:46:26,970.5,283198
2021-06-21 10:46:30,970.95,283251
2021-06-21 10:46:33,970.95,283269
2021-06-21 10:46:38,970.95,283381
2021-06-21 10:46:41,970.75,283440
2021-06-21 10:46:45,970.75,283525
2021-06-21 10:46:48,970.95,283571
2021-06-21 10:46:51,970.95,283622
2021-06-21 10:46:54,970.95,283637
2021-06-21 10:46:57,970.75,283651
2021-06-21 10:47:00,970.8,284448
2021-06-21 10:47:03,970.8,284639
2021-06-21 10:47:07,970.75,284662
2021-06-21 10:47:10,970.75,284675
2021-06-21 10:47:14,970.6,284779
2021-06-21 10:47:17,970.5,286697
2021-06-21 10:47:20,970.6,287474
2021-06-21 10:47:23,970.1,287524
2021-06-21 10:47:27,970.55,287624
2021-06-21 10:47:30,970.45,287676
2021-06-21 10:47:33,970.1,287684
2021-06-21 10:47:37,970.2,287740
2021-06-21 10:47:40,970.0,287824
2021-06-21 10:47:43,970.5,288030
2021-06-21 10:47:46,970.4,288171
2021-06-21 10:47:50,970.5,288271
2021-06-21 10:47:54,970.2,288286
2021-06-21 10:47:57,970.2,288286
2021-06-21 10:48:00,970.2,288286
2021-06-21 10:48:04,970.35,289110
2021-06-21 10:48:07,970.0,289258
2021-06-21 10:48:11,970.35,289306
2021-06-21 10:48:14,970.1,289510
2021-06-21 10:48:17,970.35,289617
2021-06-21 10:48:21,970.35,289657
2021-06-21 10:48:25,970.35,289679
2021-06-21 10:48:28,970.35,289690
2021-06-21 10:48:31,970.35,289784
2021-06-21 10:48:35,970.35,289839
2021-06-21 10:48:38,970.35,289891
2021-06-21 10:48:41,970.35,289919
2021-06-21 10:48:44,970.1,289988
2021-06-21 10:48:47,970.1,290003
2021-06-21 10:48:50,970.1,290003
2021-06-21 10:48:53,970.35,290076
2021-06-21 10:48:57,970.1,290244
2021-06-21 10:49:00,970.35,290506
2021-06-21 10:49:04,970.35,290573
2021-06-21 10:49:07,970.35,290577
2021-06-21 10:49:14,970.1,290730
2021-06-21 10:49:17,970.1,290730
2021-06-21 10:49:20,970.35,290768
2021-06-21 10:49:23,970.35,290884
2021-06-21 10:49:27,970.35,290979
2021-06-21 10:49:30,970.35,290999
2021-06-21 10:49:34,970.35,291031
2021-06-21 10:49:37,970.1,291081
2021-06-21 10:49:41,970.35,291182
2021-06-21 10:49:44,970.15,291257
2021-06-21 10:49:48,970.75,291328
2021-06-21 10:49:51,970.7,291363
2021-06-21 10:49:55,970.75,291386
2021-06-21 10:49:58,970.7,292333
2021-06-21 10:50:01,970.7,292341
2021-06-21 10:50:05,970.7,292341
2021-06-21 10:50:08,970.65,292374
2021-06-21 10:50:12,970.6,292384
2021-06-21 10:50:15,970.05,292477
2021-06-21 10:50:22,970.4,293048
2021-06-21 10:50:26,970.5,293245
2021-06-21 10:50:29,970.45,293364
2021-06-21 10:50:33,970.55,293465
2021-06-21 10:50:36,970.55,293467
2021-06-21 10:50:39,970.45,293487
2021-06-21 10:50:42,970.45,293487
2021-06-21 10:50:45,970.45,293566
2021-06-21 10:50:49,970.45,293622
2021-06-21 10:50:52,970.45,293680
2021-06-21 10:50:55,970.45,293766
2021-06-21 10:50:58,970.55,293805
2021-06-21 10:51:02,970.55,293889
2021-06-21 10:51:05,970.55,293894
2021-06-21 10:51:09,970.55,293895
2021-06-21 10:51:11,970.55,293949
2021-06-21 10:51:14,970.15,294100
2021-06-21 10:51:18,970.15,294106
2021-06-21 10:51:21,970.65,294130
2021-06-21 10:51:24,970.65,294130
2021-06-21 10:51:27,970.65,294153
2021-06-21 10:51:30,970.65,294249
2021-06-21 10:51:34,970.65,294267
2021-06-21 10:51:37,970.65,294318
2021-06-21 10:51:40,970.9,294990
2021-06-21 10:51:43,970.95,295001
2021-06-21 10:51:47,971.0,295204
2021-06-21 10:51:51,971.0,295408
2021-06-21 10:51:54,971.2,295417
2021-06-21 10:51:57,971.2,295417
2021-06-21 10:52:01,971.2,295417
2021-06-21 10:52:04,971.2,295420
2021-06-21 10:52:07,971.2,295420
2021-06-21 10:52:09,971.2,295470
2021-06-21 10:52:15,971.0,295559
2021-06-21 10:52:18,971.2,295586
2021-06-21 10:52:21,971.2,295586
2021-06-21 10:52:24,971.5,296086
2021-06-21 10:52:28,971.6,296140
2021-06-21 10:52:31,971.55,296150
2021-06-21 10:52:34,971.45,296231
2021-06-21 10:52:37,971.45,296257
2021-06-21 10:52:40,971.45,296257
2021-06-21 10:52:44,971.0,296431
2021-06-21 10:52:47,971.0,296498
2021-06-21 10:52:51,971.2,296520
2021-06-21 10:52:54,971.2,296542
2021-06-21 10:52:58,971.2,296599
2021-06-21 10:53:01,971.0,296619
2021-06-21 10:53:05,971.2,296624
2021-06-21 10:53:08,971.2,296640
2021-06-21 10:53:11,971.2,296650
2021-06-21 10:53:14,971.0,296745
2021-06-21 10:53:17,971.0,296862
2021-06-21 10:53:20,971.2,296922
2021-06-21 10:53:24,971.2,296932
2021-06-21 10:53:27,971.2,296977
2021-06-21 10:53:31,971.6,296984
2021-06-21 10:53:35,971.6,297012
2021-06-21 10:53:38,971.6,297034
2021-06-21 10:53:42,971.6,297744
2021-06-21 10:53:46,971.55,298003
2021-06-21 10:53:49,971.55,298026
2021-06-21 10:53:53,971.5,298051
2021-06-21 10:53:57,971.5,298058
2021-06-21 10:54:00,971.5,298087
2021-06-21 10:54:03,971.5,298095
2021-06-21 10:54:07,971.6,298295
2021-06-21 10:54:10,971.5,298300
2021-06-21 10:54:13,971.0,298709
2021-06-21 10:54:16,971.45,298724
2021-06-21 10:54:19,971.45,298754
2021-06-21 10:54:22,971.45,298754
2021-06-21 10:54:26,971.45,298754
2021-06-21 10:54:29,971.45,298775
2021-06-21 10:54:33,971.1,298788
2021-06-21 10:54:36,971.45,298811
2021-06-21 10:54:39,971.45,298911
2021-06-21 10:54:42,971.45,299026
2021-06-21 10:54:45,971.45,299083
2021-06-21 10:54:50,971.45,299128
2021-06-21 10:54:54,971.45,299153
2021-06-21 10:54:58,971.45,299153
2021-06-21 10:55:01,971.45,299228
2021-06-21 10:55:05,971.45,299228
2021-06-21 10:55:09,971.85,299381
2021-06-21 10:55:16,971.8,299517
2021-06-21 10:55:19,971.8,299518
2021-06-21 10:55:26,971.65,299983
2021-06-21 10:55:29,971.65,300057
2021-06-21 10:55:32,971.65,300158
2021-06-21 10:55:36,971.7,300235
2021-06-21 10:55:39,971.65,300316
2021-06-21 10:55:43,971.65,300407
2021-06-21 10:55:46,971.6,300458
2021-06-21 10:55:49,971.6,300508
2021-06-21 10:55:53,971.65,300617
2021-06-21 10:55:56,971.65,300858
2021-06-21 10:56:00,971.8,300910
2021-06-21 10:56:04,971.2,301714
2021-06-21 10:56:08,971.85,301863
2021-06-21 10:56:12,971.85,301996
2021-06-21 10:56:16,971.85,302027
2021-06-21 10:56:19,971.85,302052
2021-06-21 10:56:27,972.25,302377
2021-06-21 10:56:30,972.25,302404
2021-06-21 10:56:34,972.25,302449
2021-06-21 10:56:37,972.4,303000
2021-06-21 10:56:40,972.25,303010
2021-06-21 10:56:44,972.2,303115
2021-06-21 10:56:47,972.05,303183
2021-06-21 10:56:51,972.05,303217
2021-06-21 10:56:54,972.05,303241
2021-06-21 10:56:57,971.65,303251
2021-06-21 10:57:00,972.0,303526
2021-06-21 10:57:03,972.05,303552
2021-06-21 10:57:07,972.05,303618
2021-06-21 10:57:10,972.05,303618
2021-06-21 10:57:13,971.65,303695
2021-06-21 10:57:16,972.05,303720
2021-06-21 10:57:19,972.2,303920
2021-06-21 10:57:23,972.25,304097
2021-06-21 10:57:25,972.25,304228
2021-06-21 10:57:29,972.25,304228
2021-06-21 10:57:31,972.2,304278
2021-06-21 10:57:35,972.15,304283
2021-06-21 10:57:37,972.15,304283
2021-06-21 10:57:40,971.75,304284
2021-06-21 10:57:43,971.75,304349
2021-06-21 10:57:46,971.75,304349
2021-06-21 10:57:49,972.05,304390
2021-06-21 10:57:52,972.05,304390
2021-06-21 10:57:55,972.0,304395
2021-06-21 10:57:58,971.65,304420
2021-06-21 10:58:01,971.65,304420
2021-06-21 10:58:05,972.0,304421
2021-06-21 10:58:11,971.9,304472
2021-06-21 10:58:15,971.65,304836
2021-06-21 10:58:19,971.8,304984
2021-06-21 10:58:23,971.8,304984
2021-06-21 10:58:26,971.65,304991
2021-06-21 10:58:29,971.65,305210
2021-06-21 10:58:32,971.65,305256
2021-06-21 10:58:35,971.65,305261
2021-06-21 10:58:38,971.6,305272
2021-06-21 10:58:41,971.15,305340
2021-06-21 10:58:44,971.6,305376
2021-06-21 10:58:47,971.6,305394
2021-06-21 10:58:49,971.6,305394
2021-06-21 10:58:52,971.55,305434
2021-06-21 10:58:55,971.55,305434
2021-06-21 10:58:57,971.55,305434
2021-06-21 10:59:00,971.55,305434
2021-06-21 10:59:03,971.55,305434
2021-06-21 10:59:06,971.55,305555
2021-06-21 10:59:09,971.55,305572
2021-06-21 10:59:12,971.55,305665
2021-06-21 10:59:15,971.85,305801
2021-06-21 10:59:19,971.8,305825
2021-06-21 10:59:22,971.8,305851
2021-06-21 10:59:25,971.8,305878
2021-06-21 10:59:30,971.8,306027
2021-06-21 10:59:34,971.8,306039
2021-06-21 10:59:37,971.8,306087
2021-06-21 10:59:41,971.8,307251
2021-06-21 10:59:44,971.8,307251
2021-06-21 10:59:47,971.6,307258
2021-06-21 10:59:51,971.1,307385
2021-06-21 10:59:54,971.1,307385
2021-06-21 10:59:57,971.6,307406
2021-06-21 11:00:00,971.6,307409
2021-06-21 11:00:03,971.4,307519
2021-06-21 11:00:07,971.45,307595
2021-06-21 11:00:11,971.0,307669
2021-06-21 11:00:16,971.35,307674
2021-06-21 11:00:20,971.4,307689
2021-06-21 11:00:24,971.0,307709
2021-06-21 11:00:27,971.0,307709
2021-06-21 11:00:30,971.4,307778
2021-06-21 11:00:34,971.35,307824
2021-06-21 11:00:37,971.4,307850
2021-06-21 11:00:40,971.0,307878
2021-06-21 11:00:44,971.4,307993
2021-06-21 11:00:48,971.4,308116
2021-06-21 11:00:51,971.4,308240
2021-06-21 11:00:55,971.4,308240
2021-06-21 11:00:59,971.4,308401
2021-06-21 11:01:03,971.4,308407
2021-06-21 11:01:08,971.6,308500
2021-06-21 11:01:13,971.5,308627
2021-06-21 11:01:17,971.4,308660
2021-06-21 11:01:21,970.9,308892
2021-06-21 11:01:25,971.4,308947
2021-06-21 11:01:29,971.0,309088
2021-06-21 11:01:33,971.4,309132
2021-06-21 11:01:37,971.4,309132
2021-06-21 11:01:40,971.0,309265
2021-06-21 11:01:44,970.8,309439
2021-06-21 11:01:48,971.0,309536
2021-06-21 11:01:52,971.5,309583
2021-06-21 11:01:57,971.5,309632
2021-06-21 11:02:01,971.1,309650
2021-06-21 11:02:06,971.5,309713
2021-06-21 11:02:10,971.5,309826
2021-06-21 11:02:14,971.0,309902
2021-06-21 11:02:18,971.5,309950
2021-06-21 11:02:22,971.5,310060
2021-06-21 11:02:26,971.0,310560
2021-06-21 11:02:30,971.35,310621
2021-06-21 11:02:34,971.35,310691
2021-06-21 11:02:37,971.5,310780
2021-06-21 11:02:41,970.75,310888
2021-06-21 11:02:45,970.75,310888
2021-06-21 11:02:49,971.5,310927
2021-06-21 11:02:52,971.5,310976
2021-06-21 11:02:56,971.45,310985
2021-06-21 11:03:00,971.5,311039
2021-06-21 11:03:03,971.45,311049
2021-06-21 11:03:07,971.5,311114
2021-06-21 11:03:10,971.5,311149
2021-06-21 11:03:14,971.5,311252
2021-06-21 11:03:18,971.5,311339
2021-06-21 11:03:21,971.5,311339
2021-06-21 11:03:25,971.5,311388
2021-06-21 11:03:29,971.6,311410
2021-06-21 11:03:37,971.95,311807
2021-06-21 11:03:41,971.5,311945
2021-06-21 11:03:44,971.95,312309
2021-06-21 11:03:48,971.65,312386
2021-06-21 11:03:52,971.95,312410
2021-06-21 11:03:56,971.95,312516
2021-06-21 11:04:00,971.95,312521
2021-06-21 11:04:04,971.95,312656
2021-06-21 11:04:08,971.95,312666
2021-06-21 11:04:12,971.75,313721
2021-06-21 11:04:16,972.7,313842
2021-06-21 11:04:20,972.65,314017
2021-06-21 11:04:25,972.95,314047
2021-06-21 11:04:29,973.0,314208
2021-06-21 11:04:33,973.0,314231
2021-06-21 11:04:38,972.95,314380
2021-06-21 11:04:43,972.6,314445
2021-06-21 11:04:48,972.7,314558
2021-06-21 11:04:52,972.85,314582
2021-06-21 11:04:56,972.85,314623
2021-06-21 11:05:04,972.85,314830
2021-06-21 11:05:08,972.85,314858
2021-06-21 11:05:11,972.25,314925
2021-06-21 11:05:15,972.75,315028
2021-06-21 11:05:18,972.7,315033
2021-06-21 11:05:23,972.7,315045
2021-06-21 11:05:27,972.7,315046
2021-06-21 11:05:32,972.7,315046
2021-06-21 11:05:35,972.2,315066
2021-06-21 11:05:39,972.55,315070
2021-06-21 11:05:42,972.0,315186
2021-06-21 11:05:45,972.0,315207
2021-06-21 11:05:48,972.0,315227
2021-06-21 11:05:51,972.0,315227
2021-06-21 11:05:54,972.25,315294
2021-06-21 11:05:58,972.25,315294
2021-06-21 11:06:01,972.0,315300
2021-06-21 11:06:05,972.0,315308
2021-06-21 11:06:08,972.2,315440
2021-06-21 11:06:11,971.85,315516
2021-06-21 11:06:13,971.85,315516
2021-06-21 11:06:17,971.85,315516
2021-06-21 11:06:20,972.0,315528
2021-06-21 11:06:23,971.75,315539
2021-06-21 11:06:26,972.0,315550
2021-06-21 11:06:30,971.75,315552
2021-06-21 11:06:33,971.6,315578
2021-06-21 11:06:37,971.6,315591
2021-06-21 11:06:40,972.0,315654
2021-06-21 11:06:43,971.95,315720
2021-06-21 11:06:47,971.95,315736
2021-06-21 11:06:50,971.95,315736
2021-06-21 11:06:53,971.9,315792
2021-06-21 11:06:57,971.9,315805
2021-06-21 11:07:00,971.9,315805
2021-06-21 11:07:03,971.95,315891
2021-06-21 11:07:10,971.95,316010
2021-06-21 11:07:12,971.9,316100
2021-06-21 11:07:15,971.9,316100
2021-06-21 11:07:18,971.85,316110
2021-06-21 11:07:22,971.85,316110
2021-06-21 11:07:25,971.85,316122
2021-06-21 11:07:28,972.2,316875
2021-06-21 11:07:31,972.2,316875
2021-06-21 11:07:35,972.2,316875
2021-06-21 11:07:38,972.15,316885
2021-06-21 11:07:41,971.6,316950
2021-06-21 11:07:45,971.6,316950
2021-06-21 11:07:48,972.0,316955
2021-06-21 11:07:51,972.0,316976
2021-06-21 11:07:54,972.0,316976
2021-06-21 11:07:58,972.0,316976
2021-06-21 11:08:01,972.0,316976
2021-06-21 11:08:05,972.0,316999
2021-06-21 11:08:09,972.0,317050
2021-06-21 11:08:13,972.0,317191
2021-06-21 11:08:16,972.0,317239
2021-06-21 11:08:20,972.0,317239
2021-06-21 11:08:23,972.0,317239
2021-06-21 11:08:27,972.0,317239
2021-06-21 11:08:30,972.0,317261
2021-06-21 11:08:33,971.9,317317
2021-06-21 11:08:37,972.0,317361
2021-06-21 11:08:40,972.15,317456
2021-06-21 11:08:44,971.8,317521
2021-06-21 11:08:47,972.15,317586
2021-06-21 11:08:52,972.2,317638
2021-06-21 11:08:56,972.25,317665
2021-06-21 11:08:59,972.25,317701
2021-06-21 11:09:02,971.6,317711
2021-06-21 11:09:06,972.2,317733
2021-06-21 11:09:13,971.6,317822
2021-06-21 11:09:16,972.15,317848
2021-06-21 11:09:19,972.2,317852
2021-06-21 11:09:22,972.2,317898
2021-06-21 11:09:25,972.15,317973
2021-06-21 11:09:33,972.2,318083
2021-06-21 11:09:36,972.2,318093
2021-06-21 11:09:39,972.2,318096
2021-06-21 11:09:42,971.65,318163
2021-06-21 11:09:45,971.6,318240
2021-06-21 11:09:49,972.15,318409
2021-06-21 11:09:52,972.15,318409
2021-06-21 11:09:56,972.2,320179
2021-06-21 11:10:01,972.2,320179
2021-06-21 11:10:05,972.55,320415
2021-06-21 11:10:08,972.05,320428
2021-06-21 11:10:12,972.05,320494
2021-06-21 11:10:15,972.05,320494
2021-06-21 11:10:19,972.05,320509
2021-06-21 11:10:23,972.05,320509
2021-06-21 11:10:27,972.6,320518
2021-06-21 11:10:30,972.5,320519
2021-06-21 11:10:34,972.5,320520
2021-06-21 11:10:37,972.5,320546
2021-06-21 11:10:40,972.5,320546
2021-06-21 11:10:43,972.1,320611
2021-06-21 11:10:46,972.1,320611
2021-06-21 11:10:50,972.1,320615
2021-06-21 11:10:53,972.5,320632
2021-06-21 11:10:55,972.0,320849
2021-06-21 11:10:58,972.0,320849
2021-06-21 11:11:01,972.1,320861
2021-06-21 11:11:03,972.1,320882
2021-06-21 11:11:06,972.05,320929
2021-06-21 11:11:09,972.05,320938
2021-06-21 11:11:12,972.0,321007
2021-06-21 11:11:15,972.0,321035
2021-06-21 11:11:18,972.3,321050
2021-06-21 11:11:21,972.05,321064
2021-06-21 11:11:24,972.05,321075
2021-06-21 11:11:27,972.05,321075
2021-06-21 11:11:29,972.05,321089
2021-06-21 11:11:32,972.05,321103
2021-06-21 11:11:36,972.05,321103
2021-06-21 11:11:38,972.05,321103
2021-06-21 11:11:41,972.0,321169
2021-06-21 11:11:43,972.0,321190
2021-06-21 11:11:46,972.0,321211
2021-06-21 11:11:49,972.0,321225
2021-06-21 11:11:52,972.0,321235
2021-06-21 11:11:57,972.25,321498
2021-06-21 11:12:00,972.25,321498
2021-06-21 11:12:02,971.9,321548
2021-06-21 11:12:05,971.9,321548
2021-06-21 11:12:08,971.9,321548
2021-06-21 11:12:11,971.8,321616
2021-06-21 11:12:14,971.8,321616
2021-06-21 11:12:16,972.0,321631
2021-06-21 11:12:20,972.0,321641
2021-06-21 11:12:24,972.0,322401
2021-06-21 11:12:27,972.0,322401
2021-06-21 11:12:30,972.0,322401
2021-06-21 11:12:33,972.0,322406
2021-06-21 11:12:35,972.0,322406
2021-06-21 11:12:38,972.0,322506
2021-06-21 11:12:41,971.65,322581
2021-06-21 11:12:44,972.0,322586
2021-06-21 11:12:47,972.0,322586
2021-06-21 11:12:50,972.0,322586
2021-06-21 11:12:54,972.0,322586
2021-06-21 11:12:57,972.0,322586
2021-06-21 11:13:01,971.6,322599
2021-06-21 11:13:04,972.0,322697
2021-06-21 11:13:07,972.0,322717
2021-06-21 11:13:11,971.5,322741
2021-06-21 11:13:14,971.45,322823
2021-06-21 11:13:17,971.45,322867
2021-06-21 11:13:19,971.4,322868
2021-06-21 11:13:22,971.3,322883
2021-06-21 11:13:25,971.25,323075
2021-06-21 11:13:28,971.0,323122
2021-06-21 11:13:32,971.0,323159
2021-06-21 11:13:35,971.0,323159
2021-06-21 11:13:38,971.4,323484
2021-06-21 11:13:40,971.0,323501
2021-06-21 11:13:43,971.0,323566
2021-06-21 11:13:45,971.0,323566
2021-06-21 11:13:48,971.0,323591
2021-06-21 11:13:51,971.0,323591
2021-06-21 11:13:54,971.0,323622
2021-06-21 11:13:57,971.0,323622
2021-06-21 11:14:02,971.0,323650
2021-06-21 11:14:05,971.3,323684
2021-06-21 11:14:08,971.3,323862
2021-06-21 11:14:11,970.8,323929
2021-06-21 11:14:14,970.8,323929
2021-06-21 11:14:17,971.3,323940
2021-06-21 11:14:20,971.0,324141
2021-06-21 11:14:24,971.6,324921
2021-06-21 11:14:27,971.6,324921
2021-06-21 11:14:30,971.45,324923
2021-06-21 11:14:33,971.45,324924
2021-06-21 11:14:37,971.45,324924
2021-06-21 11:14:41,971.45,324940
2021-06-21 11:14:44,971.3,325005
2021-06-21 11:14:47,971.3,325005
2021-06-21 11:14:51,971.0,325255
2021-06-21 11:14:54,971.0,325255
2021-06-21 11:14:57,971.0,325281
2021-06-21 11:15:00,971.0,325281
2021-06-21 11:15:04,971.0,325307
2021-06-21 11:15:08,971.0,325410
2021-06-21 11:15:12,971.0,325493
2021-06-21 11:15:16,971.0,325518
2021-06-21 11:15:20,971.0,325535
2021-06-21 11:15:25,971.0,325552
2021-06-21 11:15:28,971.4,325568
2021-06-21 11:15:31,970.85,325601
2021-06-21 11:15:34,970.85,325601
2021-06-21 11:15:37,971.0,325705
2021-06-21 11:15:40,971.4,325731
2021-06-21 11:15:44,971.0,325796
2021-06-21 11:15:47,971.0,325808
2021-06-21 11:15:50,971.0,326230
2021-06-21 11:15:54,971.0,326247
2021-06-21 11:16:01,971.0,326299
2021-06-21 11:16:05,970.85,328090
2021-06-21 11:16:10,971.0,330380
2021-06-21 11:16:14,971.0,330449
2021-06-21 11:16:17,971.0,330746
2021-06-21 11:16:20,971.0,331046
2021-06-21 11:16:24,971.0,331046
2021-06-21 11:16:28,971.0,331049
2021-06-21 11:16:32,971.35,331065
2021-06-21 11:16:35,971.35,331065
2021-06-21 11:16:38,971.35,331067
2021-06-21 11:16:41,971.0,331132
2021-06-21 11:16:45,971.35,331133
2021-06-21 11:16:48,971.0,331320
2021-06-21 11:16:51,971.0,331341
2021-06-21 11:16:55,971.3,331414
2021-06-21 11:16:59,971.0,331431
2021-06-21 11:17:03,971.0,331860
2021-06-21 11:17:07,971.0,331939
2021-06-21 11:17:10,971.0,332033
2021-06-21 11:17:13,971.0,332234
2021-06-21 11:17:16,971.0,332290
2021-06-21 11:17:20,971.3,332364
2021-06-21 11:17:24,971.2,332411
2021-06-21 11:17:27,971.0,332452
2021-06-21 11:17:31,971.2,332457
2021-06-21 11:17:35,971.0,332485
2021-06-21 11:17:38,971.0,332502
2021-06-21 11:17:41,971.0,332601
2021-06-21 11:17:44,971.0,332692
2021-06-21 11:17:48,971.0,332701
2021-06-21 11:17:56,970.7,332973
2021-06-21 11:17:59,971.0,333009
2021-06-21 11:18:03,971.25,333013
2021-06-21 11:18:06,971.0,333048
2021-06-21 11:18:09,971.2,333054
2021-06-21 11:18:12,970.7,333134
2021-06-21 11:18:15,971.2,333236
2021-06-21 11:18:18,971.0,333255
2021-06-21 11:18:21,971.2,333354
2021-06-21 11:18:24,971.0,333374
2021-06-21 11:18:29,970.85,333401
2021-06-21 11:18:38,971.2,333402
2021-06-21 11:18:42,971.0,333488
2021-06-21 11:18:46,971.0,333488
2021-06-21 11:18:50,971.2,333504
2021-06-21 11:18:53,971.0,333522
2021-06-21 11:18:57,971.0,333548
2021-06-21 11:19:01,971.0,333548
2021-06-21 11:19:04,971.0,333548
2021-06-21 11:19:07,971.0,333578
2021-06-21 11:19:10,971.2,333633
2021-06-21 11:19:14,971.2,333725
2021-06-21 11:19:18,971.0,333737
2021-06-21 11:19:22,971.2,333766
2021-06-21 11:19:26,971.0,333776
2021-06-21 11:19:29,971.0,333805
2021-06-21 11:19:33,971.0,333805
2021-06-21 11:19:37,971.0,333829
2021-06-21 11:19:40,971.0,333844
2021-06-21 11:19:43,971.0,333921
2021-06-21 11:19:46,971.2,333931
2021-06-21 11:19:53,971.2,333931
2021-06-21 11:19:56,971.0,333959
2021-06-21 11:20:03,971.0,333990
2021-06-21 11:20:06,971.0,333990
2021-06-21 11:20:10,971.2,334021
2021-06-21 11:20:13,971.0,334088
2021-06-21 11:20:17,971.0,334111
2021-06-21 11:20:24,971.0,334145
2021-06-21 11:20:27,971.2,334146
2021-06-21 11:20:30,971.2,334152
2021-06-21 11:20:33,971.0,334170
2021-06-21 11:20:35,971.0,334190
2021-06-21 11:20:38,971.0,334190
2021-06-21 11:20:42,971.0,334368
2021-06-21 11:20:50,971.0,334468
2021-06-21 11:20:54,971.0,334498
2021-06-21 11:20:57,971.0,334498
2021-06-21 11:21:01,971.0,334521
2021-06-21 11:21:07,971.15,334557
2021-06-21 11:21:10,971.15,334557
2021-06-21 11:21:15,971.0,334649
2021-06-21 11:21:18,971.15,334659
2021-06-21 11:21:22,971.0,334697
2021-06-21 11:21:25,971.0,334713
2021-06-21 11:21:29,971.0,334730
2021-06-21 11:21:32,971.0,334730
2021-06-21 11:21:35,971.0,334746
2021-06-21 11:21:38,970.9,334851
2021-06-21 11:21:41,971.15,335016
2021-06-21 11:21:45,971.15,335016
2021-06-21 11:21:48,971.15,335020
2021-06-21 11:21:51,971.15,335020
2021-06-21 11:21:54,970.9,335041
2021-06-21 11:21:58,970.9,335041
2021-06-21 11:22:00,970.9,335067
2021-06-21 11:22:03,970.9,335077
2021-06-21 11:22:05,970.75,335078
2021-06-21 11:22:09,971.15,335080
2021-06-21 11:22:12,970.75,335151
2021-06-21 11:22:15,971.15,335188
2021-06-21 11:22:19,971.15,335190
2021-06-21 11:22:22,970.8,335204
2021-06-21 11:22:25,970.7,335216
2021-06-21 11:22:28,970.7,335232
2021-06-21 11:22:30,970.7,335343
2021-06-21 11:22:34,970.7,335347
2021-06-21 11:22:37,970.7,335363
2021-06-21 11:22:41,970.7,335503
2021-06-21 11:22:43,971.0,335590
2021-06-21 11:22:46,971.0,335594
2021-06-21 11:22:50,970.55,335618
2021-06-21 11:22:53,971.0,335620
2021-06-21 11:22:56,970.6,335644
2021-06-21 11:22:58,970.6,335661
2021-06-21 11:23:01,970.6,335661
2021-06-21 11:23:03,970.6,335688
2021-06-21 11:23:08,970.6,335699
2021-06-21 11:23:11,970.55,335779
2021-06-21 11:23:14,970.55,335779
2021-06-21 11:23:17,970.55,335779
2021-06-21 11:23:20,970.6,335804
2021-06-21 11:23:22,970.6,335814
2021-06-21 11:23:26,970.6,335843
2021-06-21 11:23:31,970.6,335843
2021-06-21 11:23:33,970.6,335872
2021-06-21 11:23:36,970.6,335886
2021-06-21 11:23:40,971.0,335982
2021-06-21 11:23:44,970.65,336047
2021-06-21 11:23:48,971.0,336064
2021-06-21 11:23:52,971.0,336064
2021-06-21 11:23:55,971.0,336137
2021-06-21 11:23:58,971.0,336137
2021-06-21 11:24:02,971.0,336139
2021-06-21 11:24:06,971.0,336548
2021-06-21 11:24:09,971.0,336548
2021-06-21 11:24:11,970.65,336618
2021-06-21 11:24:14,971.0,336633
2021-06-21 11:24:17,971.0,336633
2021-06-21 11:24:20,971.0,336633
2021-06-21 11:24:23,971.0,336643
2021-06-21 11:24:26,971.0,336658
2021-06-21 11:24:35,970.65,336665
2021-06-21 11:24:38,971.0,336687
2021-06-21 11:24:41,971.0,336757
2021-06-21 11:24:44,971.0,336757
2021-06-21 11:24:47,970.75,336890
2021-06-21 11:24:49,971.0,337001
2021-06-21 11:24:52,971.0,337001
2021-06-21 11:24:56,971.0,337028
2021-06-21 11:24:59,971.0,337048
2021-06-21 11:25:02,971.0,337408
2021-06-21 11:25:05,971.15,337513
2021-06-21 11:25:08,971.15,337513
2021-06-21 11:25:11,971.15,337771
2021-06-21 11:25:14,971.15,337816
2021-06-21 11:25:17,971.15,337816
2021-06-21 11:25:21,971.15,337816
2021-06-21 11:25:23,971.15,337839
2021-06-21 11:25:26,971.15,337839
2021-06-21 11:25:29,971.15,337839
2021-06-21 11:25:31,971.0,337840
2021-06-21 11:25:33,971.15,337899
2021-06-21 11:25:36,971.0,337901
2021-06-21 11:25:39,971.0,337901
2021-06-21 11:25:42,970.9,337966
2021-06-21 11:25:45,971.15,337992
2021-06-21 11:25:47,971.15,337992
2021-06-21 11:25:49,971.0,338099
2021-06-21 11:25:52,971.0,338163
2021-06-21 11:25:56,971.15,338294
2021-06-21 11:25:59,971.15,338348
2021-06-21 11:26:01,971.15,338397
2021-06-21 11:26:07,971.15,338403
2021-06-21 11:26:10,971.3,338530
2021-06-21 11:26:13,971.25,338596
2021-06-21 11:26:16,971.25,338596
2021-06-21 11:26:18,971.25,338596
2021-06-21 11:26:21,971.25,338596
2021-06-21 11:26:23,971.25,338596
2021-06-21 11:26:26,971.15,338807
2021-06-21 11:26:29,971.15,338827
2021-06-21 11:26:31,971.15,338827
2021-06-21 11:26:34,971.15,338827
2021-06-21 11:26:37,971.65,338847
2021-06-21 11:26:39,971.65,338847
2021-06-21 11:26:45,971.65,338927
2021-06-21 11:26:48,971.65,338927
2021-06-21 11:26:51,971.6,338937
2021-06-21 11:26:53,971.6,338938
2021-06-21 11:26:56,971.6,338943
2021-06-21 11:26:58,971.6,338943
2021-06-21 11:27:01,971.2,338968
2021-06-21 11:27:04,971.2,338968
2021-06-21 11:27:08,971.15,338995
2021-06-21 11:27:10,971.15,338995
2021-06-21 11:27:12,971.1,339061
2021-06-21 11:27:15,971.6,339269
2021-06-21 11:27:17,971.5,339308
2021-06-21 11:27:19,971.5,339309
2021-06-21 11:27:22,971.15,340902
2021-06-21 11:27:25,971.5,340907
2021-06-21 11:27:28,971.1,340927
2021-06-21 11:27:30,971.1,340927
2021-06-21 11:27:33,971.5,341149
2021-06-21 11:27:36,971.5,341189
2021-06-21 11:27:39,971.5,341190
2021-06-21 11:27:42,971.1,341305
2021-06-21 11:27:44,971.1,341305
2021-06-21 11:27:47,971.5,341306
2021-06-21 11:27:50,971.5,341306
2021-06-21 11:27:53,971.5,341306
2021-06-21 11:27:56,971.5,341306
2021-06-21 11:27:59,971.5,341307
2021-06-21 11:28:02,971.5,341324
2021-06-21 11:28:08,971.5,341324
2021-06-21 11:28:11,971.1,341329
2021-06-21 11:28:14,971.0,341396
2021-06-21 11:28:17,971.0,341396
2021-06-21 11:28:22,971.0,341397
2021-06-21 11:28:27,971.45,341466
2021-06-21 11:28:30,971.0,341491
2021-06-21 11:28:35,971.45,341501
2021-06-21 11:28:38,971.0,341520
2021-06-21 11:28:41,971.0,341520
2021-06-21 11:28:43,971.45,341625
2021-06-21 11:28:46,971.45,341625
2021-06-21 11:28:50,971.0,341653
2021-06-21 11:28:54,971.0,341653
2021-06-21 11:28:56,971.0,341677
2021-06-21 11:28:59,971.1,341681
2021-06-21 11:29:02,971.1,341681
2021-06-21 11:29:06,970.95,343601
2021-06-21 11:29:10,971.0,343635
2021-06-21 11:29:13,970.8,343726
2021-06-21 11:29:16,970.8,343750
2021-06-21 11:29:20,970.8,343750
2021-06-21 11:29:22,970.8,343750
2021-06-21 11:29:25,970.8,343780
2021-06-21 11:29:27,970.8,343780
2021-06-21 11:29:31,970.8,343780
2021-06-21 11:29:34,970.95,343804
2021-06-21 11:29:36,970.95,343804
2021-06-21 11:29:39,970.95,344333
2021-06-21 11:29:42,970.95,344433
2021-06-21 11:29:45,970.55,344438
2021-06-21 11:29:48,970.55,344438
2021-06-21 11:29:50,970.8,344448
2021-06-21 11:29:53,970.8,344448
2021-06-21 11:29:55,970.8,344460
2021-06-21 11:29:57,970.8,344460
2021-06-21 11:29:59,970.55,344485
2021-06-21 11:30:02,970.55,344485
2021-06-21 11:30:06,970.55,344513
2021-06-21 11:30:09,970.55,344529
2021-06-21 11:30:13,970.55,344595
2021-06-21 11:30:16,970.8,344724
2021-06-21 11:30:19,970.8,344745
2021-06-21 11:30:22,970.8,344745
2021-06-21 11:30:26,970.8,344745
2021-06-21 11:30:28,970.55,344767
2021-06-21 11:30:31,970.8,344773
2021-06-21 11:30:35,970.8,344773
2021-06-21 11:30:37,970.55,344791
2021-06-21 11:30:40,970.55,344791
2021-06-21 11:30:42,970.55,345106
2021-06-21 11:30:45,970.5,345111
2021-06-21 11:30:48,970.8,345116
2021-06-21 11:30:51,970.55,345121
2021-06-21 11:30:53,970.6,345244
2021-06-21 11:30:57,970.6,345244
2021-06-21 11:31:01,970.6,345272
2021-06-21 11:31:04,970.8,345302
2021-06-21 11:31:09,970.6,345324
2021-06-21 11:31:13,970.65,345636
2021-06-21 11:31:17,970.35,346255
2021-06-21 11:31:21,970.65,346257
2021-06-21 11:31:24,970.65,346283
2021-06-21 11:31:27,970.65,346291
2021-06-21 11:31:31,970.65,346315
2021-06-21 11:31:34,970.65,346315
2021-06-21 11:31:37,970.65,346375
2021-06-21 11:31:40,970.65,346386
2021-06-21 11:31:43,970.3,346501
2021-06-21 11:31:45,970.65,346556
2021-06-21 11:31:48,970.3,346561
2021-06-21 11:31:51,970.65,346608
2021-06-21 11:31:55,970.65,346822
2021-06-21 11:31:59,971.15,347039
2021-06-21 11:32:03,970.6,347049
2021-06-21 11:32:07,970.75,347104
2021-06-21 11:32:11,970.75,347104
2021-06-21 11:32:14,970.7,347170
2021-06-21 11:32:17,970.7,347170
2021-06-21 11:32:19,970.7,347170
2021-06-21 11:32:22,970.7,347170
2021-06-21 11:32:25,970.7,347170
2021-06-21 11:32:27,971.05,347237
2021-06-21 11:32:30,971.05,347237
2021-06-21 11:32:32,971.05,347237
2021-06-21 11:32:35,970.75,347935
2021-06-21 11:32:38,970.75,348744
2021-06-21 11:32:42,970.75,348896
2021-06-21 11:32:45,971.35,348934
2021-06-21 11:32:48,971.35,348934
2021-06-21 11:32:50,971.35,348934
2021-06-21 11:32:53,971.35,348934
2021-06-21 11:32:56,971.2,348941
2021-06-21 11:32:59,971.2,348941
2021-06-21 11:33:01,970.75,348945
2021-06-21 11:33:03,971.2,348951
2021-06-21 11:33:06,971.2,348960
2021-06-21 11:33:08,971.2,348960
2021-06-21 11:33:17,970.7,349096
2021-06-21 11:33:20,970.7,349096
2021-06-21 11:33:22,970.75,349098
2021-06-21 11:33:25,970.7,349147
2021-06-21 11:33:27,971.2,349195
2021-06-21 11:33:30,971.2,349210
2021-06-21 11:33:32,971.2,349210
2021-06-21 11:33:35,971.2,349210
2021-06-21 11:33:37,971.2,349210
2021-06-21 11:33:41,971.2,349210
2021-06-21 11:33:43,971.2,349295
2021-06-21 11:33:46,971.2,349295
2021-06-21 11:33:48,971.2,349295
2021-06-21 11:33:51,971.2,349295
2021-06-21 11:33:56,971.25,349395
2021-06-21 11:33:59,971.0,349398
2021-06-21 11:34:01,970.7,349684
2021-06-21 11:34:04,970.7,349684
2021-06-21 11:34:07,970.7,350616
2021-06-21 11:34:11,970.6,350897
2021-06-21 11:34:14,970.6,350997
2021-06-21 11:34:16,970.7,350999
2021-06-21 11:34:21,970.7,351000
2021-06-21 11:34:24,970.7,351031
2021-06-21 11:34:26,970.4,351540
2021-06-21 11:34:30,970.35,351560
2021-06-21 11:34:32,970.35,351560
2021-06-21 11:34:34,970.35,351560
2021-06-21 11:34:37,970.7,351610
2021-06-21 11:34:40,970.7,351680
2021-06-21 11:34:42,970.7,351746
2021-06-21 11:34:45,970.7,351746
2021-06-21 11:34:47,970.7,351749
2021-06-21 11:34:50,970.4,351769
2021-06-21 11:34:52,970.4,351899
2021-06-21 11:34:54,970.4,351899
2021-06-21 11:34:57,970.4,351899
2021-06-21 11:35:00,970.4,351913
2021-06-21 11:35:09,970.7,351924
2021-06-21 11:35:12,970.7,352016
2021-06-21 11:35:15,970.4,352027
2021-06-21 11:35:17,970.7,352117
2021-06-21 11:35:20,970.7,352167
2021-06-21 11:35:23,970.7,352167
2021-06-21 11:35:28,970.7,352172
2021-06-21 11:35:31,970.7,352173
2021-06-21 11:35:33,970.7,352173
2021-06-21 11:35:35,970.7,352173
2021-06-21 11:35:38,970.7,352178
2021-06-21 11:35:41,970.4,352196
2021-06-21 11:35:44,970.4,352286
2021-06-21 11:35:46,970.7,352555
2021-06-21 11:35:49,970.7,352557
2021-06-21 11:35:51,970.7,352557
2021-06-21 11:35:54,970.7,352557
2021-06-21 11:35:57,970.7,352622
2021-06-21 11:35:59,970.7,352622
2021-06-21 11:36:02,970.7,352622
2021-06-21 11:36:05,970.7,352643
2021-06-21 11:36:08,970.7,352643
2021-06-21 11:36:12,970.45,352729
2021-06-21 11:36:15,970.45,352729
2021-06-21 11:36:18,970.45,352729
2021-06-21 11:36:23,970.45,352729
2021-06-21 11:36:27,970.7,352740
2021-06-21 11:36:30,970.7,352740
2021-06-21 11:36:33,970.7,352752
2021-06-21 11:36:36,970.7,352758
2021-06-21 11:36:39,971.2,352784
2021-06-21 11:36:41,970.65,352849
2021-06-21 11:36:44,971.2,352878
2021-06-21 11:36:46,971.2,352878
2021-06-21 11:36:49,971.2,352878
2021-06-21 11:36:51,970.75,352909
2021-06-21 11:36:54,970.75,352909
2021-06-21 11:36:57,971.2,352918
2021-06-21 11:36:59,971.2,352918
2021-06-21 11:37:01,971.2,352918
2021-06-21 11:37:04,971.2,352928
2021-06-21 11:37:07,971.2,352940
2021-06-21 11:37:09,971.2,352940
2021-06-21 11:37:11,971.2,353016
2021-06-21 11:37:14,971.2,353016
2021-06-21 11:37:16,971.2,353016
2021-06-21 11:37:19,971.2,353022
2021-06-21 11:37:21,971.2,353027
2021-06-21 11:37:23,970.9,353039
2021-06-21 11:37:26,970.9,353039
2021-06-21 11:37:29,970.9,353056
2021-06-21 11:37:31,970.9,353056
2021-06-21 11:37:34,971.2,353140
2021-06-21 11:37:37,971.2,353140
2021-06-21 11:37:43,971.2,353207
2021-06-21 11:37:46,971.2,353212
2021-06-21 11:37:50,971.2,353212
2021-06-21 11:37:52,971.5,353405
2021-06-21 11:37:55,971.5,353407
2021-06-21 11:37:58,971.5,353407
2021-06-21 11:38:01,971.5,353407
2021-06-21 11:38:03,971.5,353417
2021-06-21 11:38:07,971.5,353417
2021-06-21 11:38:10,971.5,353417
2021-06-21 11:38:12,971.0,353483
2021-06-21 11:38:15,971.05,353544
2021-06-21 11:38:19,971.5,353559
2021-06-21 11:38:22,971.5,353559
2021-06-21 11:38:25,971.5,353608
2021-06-21 11:38:28,971.5,353659
2021-06-21 11:38:30,971.45,353662
2021-06-21 11:38:33,971.45,353662
2021-06-21 11:38:35,971.45,353710
2021-06-21 11:38:37,971.45,353710
2021-06-21 11:38:40,971.45,353710
2021-06-21 11:38:43,971.0,353775
2021-06-21 11:38:45,971.4,353782
2021-06-21 11:38:47,971.0,353801
2021-06-21 11:38:50,971.0,353801
2021-06-21 11:38:52,971.0,353817
2021-06-21 11:38:55,971.0,353817
2021-06-21 11:38:57,971.0,353839
2021-06-21 11:39:05,971.0,353859
2021-06-21 11:39:08,970.9,353879
2021-06-21 11:39:10,971.3,353934
2021-06-21 11:39:12,970.9,354000
2021-06-21 11:39:15,970.9,354017
2021-06-21 11:39:17,971.3,354022
2021-06-21 11:39:19,971.3,354022
2021-06-21 11:39:22,971.3,354024
2021-06-21 11:39:24,971.0,354234
2021-06-21 11:39:27,971.6,354362
2021-06-21 11:39:29,970.9,354462
2021-06-21 11:39:31,970.9,354462
2021-06-21 11:39:33,970.9,354512
2021-06-21 11:39:37,970.85,355371
2021-06-21 11:39:40,970.85,355371
2021-06-21 11:39:42,970.8,356683
2021-06-21 11:39:45,970.7,356704
2021-06-21 11:39:48,970.7,356704
2021-06-21 11:39:50,970.7,356804
2021-06-21 11:39:52,970.75,356825
2021-06-21 11:39:56,970.5,356830
2021-06-21 11:39:59,970.5,356903
2021-06-21 11:40:03,970.5,356924
2021-06-21 11:40:06,970.5,356938
2021-06-21 11:40:15,970.95,358288
2021-06-21 11:40:18,970.95,358308
2021-06-21 11:40:22,970.9,358412
2021-06-21 11:40:25,970.95,358677
2021-06-21 11:40:28,970.95,358677
2021-06-21 11:40:31,970.9,358679
2021-06-21 11:40:34,970.9,358679
2021-06-21 11:40:37,970.9,358690
2021-06-21 11:40:39,970.9,358690
2021-06-21 11:40:42,970.95,358805
2021-06-21 11:40:45,970.95,358805
2021-06-21 11:40:47,970.95,358869
2021-06-21 11:40:50,970.95,358869
2021-06-21 11:40:53,970.95,358869
2021-06-21 11:40:56,970.65,358988
2021-06-21 11:40:59,970.65,358988
2021-06-21 11:41:02,970.65,358988
2021-06-21 11:41:05,970.5,359053
2021-06-21 11:41:08,970.45,359153
2021-06-21 11:41:10,970.45,359153
2021-06-21 11:41:13,970.45,359153
2021-06-21 11:41:15,970.65,359165
2021-06-21 11:41:18,970.65,359165
2021-06-21 11:41:24,970.65,359165
2021-06-21 11:41:26,970.65,359214
2021-06-21 11:41:28,970.65,359214
2021-06-21 11:41:31,970.95,359714
2021-06-21 11:41:34,970.95,359714
2021-06-21 11:41:37,970.65,359781
2021-06-21 11:41:39,970.65,359781
2021-06-21 11:41:44,970.65,359782
2021-06-21 11:41:47,970.65,359782
2021-06-21 11:41:50,970.65,359788
2021-06-21 11:41:53,970.65,359790
2021-06-21 11:41:58,970.65,359805
2021-06-21 11:42:01,970.65,359816
2021-06-21 11:42:05,970.3,359889
2021-06-21 11:42:08,970.65,359914
2021-06-21 11:42:10,970.65,359914
2021-06-21 11:42:13,970.65,359914
2021-06-21 11:42:15,970.3,359936
2021-06-21 11:42:18,970.65,360226
2021-06-21 11:42:21,970.3,360236
2021-06-21 11:42:25,970.9,360344
2021-06-21 11:42:28,970.4,360345
2021-06-21 11:42:32,971.05,360545
2021-06-21 11:42:34,971.05,360545
2021-06-21 11:42:37,970.5,360611
2021-06-21 11:42:39,970.5,360611
2021-06-21 11:42:42,970.5,360618
2021-06-21 11:42:45,970.5,360618
2021-06-21 11:42:47,970.5,360618
2021-06-21 11:42:50,970.5,360618
2021-06-21 11:42:53,970.5,360618
2021-06-21 11:42:55,970.5,360618
2021-06-21 11:42:58,970.5,360618
2021-06-21 11:43:00,970.5,360618
2021-06-21 11:43:03,970.85,360623
2021-06-21 11:43:06,970.85,360708
2021-06-21 11:43:09,970.85,360708
2021-06-21 11:43:11,970.85,360708
2021-06-21 11:43:14,970.85,360728
2021-06-21 11:43:16,970.85,360729
2021-06-21 11:43:21,970.85,360729
2021-06-21 11:43:23,970.85,360729
2021-06-21 11:43:25,970.85,360755
2021-06-21 11:43:27,970.5,360774
2021-06-21 11:43:29,970.5,360774
2021-06-21 11:43:32,970.5,360774
2021-06-21 11:43:35,970.5,360840
2021-06-21 11:43:37,970.85,360841
2021-06-21 11:43:40,970.85,360841
2021-06-21 11:43:46,970.5,360861
2021-06-21 11:43:52,970.5,360884
2021-06-21 11:43:55,970.5,360884
2021-06-21 11:43:59,970.5,360903
2021-06-21 11:44:05,970.5,360968
2021-06-21 11:44:09,970.8,361007
2021-06-21 11:44:12,970.8,361007
2021-06-21 11:44:15,970.5,361033
2021-06-21 11:44:18,970.5,361033
2021-06-21 11:44:20,970.75,361040
2021-06-21 11:44:22,970.75,361073
2021-06-21 11:44:25,970.75,361073
2021-06-21 11:44:28,970.5,361094
2021-06-21 11:44:31,970.5,361094
2021-06-21 11:44:33,970.5,361115
2021-06-21 11:44:36,970.5,361181
2021-06-21 11:44:38,970.5,361181
2021-06-21 11:44:41,970.75,361251
2021-06-21 11:44:45,970.75,361259
2021-06-21 11:44:48,970.7,361301
2021-06-21 11:44:50,970.7,361332
2021-06-21 11:44:53,970.7,361402
2021-06-21 11:44:55,970.7,361407
2021-06-21 11:44:59,970.7,362070
2021-06-21 11:45:02,971.4,362670
2021-06-21 11:45:05,970.8,362735
2021-06-21 11:45:07,970.8,362735
2021-06-21 11:45:10,970.8,362735
2021-06-21 11:45:13,970.8,362735
2021-06-21 11:45:16,971.2,362738
2021-06-21 11:45:19,971.2,362738
2021-06-21 11:45:22,971.2,362748
2021-06-21 11:45:25,971.2,362748
2021-06-21 11:45:28,971.2,362752
2021-06-21 11:45:31,971.2,362752
2021-06-21 11:45:36,970.8,362818
2021-06-21 11:45:39,970.8,362818
2021-06-21 11:45:42,971.2,362868
2021-06-21 11:45:45,971.2,362869
2021-06-21 11:45:48,971.2,362870
2021-06-21 11:45:56,971.2,362870
2021-06-21 11:46:00,971.2,362883
2021-06-21 11:46:03,970.8,362920
2021-06-21 11:46:06,971.2,362997
2021-06-21 11:46:09,971.2,362997
2021-06-21 11:46:12,971.2,362997
2021-06-21 11:46:14,970.8,363023
2021-06-21 11:46:16,970.8,363023
2021-06-21 11:46:21,970.8,363067
2021-06-21 11:46:26,970.8,363067
2021-06-21 11:46:29,970.8,363094
2021-06-21 11:46:32,970.8,363094
2021-06-21 11:46:35,970.8,363160
2021-06-21 11:46:38,971.0,363185
2021-06-21 11:46:41,971.2,363216
2021-06-21 11:46:45,970.75,363422
2021-06-21 11:46:48,970.75,363441
2021-06-21 11:46:51,971.2,363442
2021-06-21 11:46:53,971.2,363442
2021-06-21 11:46:56,970.75,363470
2021-06-21 11:46:58,971.2,363472
2021-06-21 11:47:01,971.2,363472
2021-06-21 11:47:04,970.75,363493
2021-06-21 11:47:06,970.8,363559
2021-06-21 11:47:09,970.8,363582
2021-06-21 11:47:12,970.8,363582
2021-06-21 11:47:15,970.8,363582
2021-06-21 11:47:18,971.2,363635
2021-06-21 11:47:21,970.75,363840
2021-06-21 11:47:24,970.75,363862
2021-06-21 11:47:26,970.75,363862
2021-06-21 11:47:29,971.0,363922
2021-06-21 11:47:31,971.0,363923
2021-06-21 11:47:33,971.25,364023
2021-06-21 11:47:35,970.75,364102
2021-06-21 11:47:38,970.75,364102
2021-06-21 11:47:41,970.75,364106
2021-06-21 11:47:44,970.75,364128
2021-06-21 11:47:52,970.75,364145
2021-06-21 11:47:54,970.75,364145
2021-06-21 11:47:58,971.0,364170
2021-06-21 11:48:05,970.75,364258
2021-06-21 11:48:08,970.75,364258
2021-06-21 11:48:11,970.75,364278
2021-06-21 11:48:14,970.75,364300
2021-06-21 11:48:17,970.75,364300
2021-06-21 11:48:19,970.75,364319
2021-06-21 11:48:22,970.75,364322
2021-06-21 11:48:25,970.75,364322
2021-06-21 11:48:27,971.0,364535
2021-06-21 11:48:30,970.75,364547
2021-06-21 11:48:33,970.95,364561
2021-06-21 11:48:35,970.95,364664
2021-06-21 11:48:41,970.95,364664
2021-06-21 11:48:44,970.95,364685
2021-06-21 11:48:47,970.95,364705
2021-06-21 11:48:50,970.95,364705
2021-06-21 11:48:56,971.15,365842
2021-06-21 11:48:59,971.15,365842
2021-06-21 11:49:02,971.15,365842
2021-06-21 11:49:05,970.55,365907
2021-06-21 11:49:07,971.05,365937
2021-06-21 11:49:09,970.65,365939
2021-06-21 11:49:12,970.65,365939
2021-06-21 11:49:16,970.65,365939
2021-06-21 11:49:19,971.0,365954
2021-06-21 11:49:21,971.0,365954
2021-06-21 11:49:23,971.0,365954
2021-06-21 11:49:25,971.0,365954
2021-06-21 11:49:27,971.0,365954
2021-06-21 11:49:30,971.0,366011
2021-06-21 11:49:33,971.0,366014
2021-06-21 11:49:35,970.55,366080
2021-06-21 11:49:38,971.0,366122
2021-06-21 11:49:40,971.0,366152
2021-06-21 11:49:44,971.0,366152
2021-06-21 11:49:47,971.0,366152
2021-06-21 11:49:49,970.55,366153
2021-06-21 11:49:51,970.55,366153
2021-06-21 11:49:54,971.0,366173
2021-06-21 11:49:56,971.0,366183
2021-06-21 11:49:59,971.0,366198
2021-06-21 11:50:01,971.0,366198
2021-06-21 11:50:04,971.0,366198
2021-06-21 11:50:06,970.55,366263
2021-06-21 11:50:09,970.6,366282
2021-06-21 11:50:11,970.6,366352
2021-06-21 11:50:13,970.6,366352
2021-06-21 11:50:15,970.6,366352
2021-06-21 11:50:17,970.55,366363
2021-06-21 11:50:19,970.55,366363
2021-06-21 11:50:21,970.55,366378
2021-06-21 11:50:30,971.0,366492
2021-06-21 11:50:32,971.0,366492
2021-06-21 11:50:34,970.55,366558
2021-06-21 11:50:37,970.55,366576
2021-06-21 11:50:42,970.55,366576
2021-06-21 11:50:45,971.0,367015
2021-06-21 11:50:48,971.0,367015
2021-06-21 11:50:50,971.0,367015
2021-06-21 11:50:52,971.0,367035
2021-06-21 11:50:56,971.0,367035
2021-06-21 11:50:59,971.0,367069
2021-06-21 11:51:02,971.0,367069
2021-06-21 11:51:05,971.0,367134
2021-06-21 11:51:07,971.0,367200
2021-06-21 11:51:10,971.2,367230
2021-06-21 11:51:13,971.2,367230
2021-06-21 11:51:16,971.2,367256
2021-06-21 11:51:18,971.2,367257
2021-06-21 11:51:21,971.0,367276
2021-06-21 11:51:30,971.0,367302
2021-06-21 11:51:34,971.2,367304
2021-06-21 11:51:37,971.0,367395
2021-06-21 11:51:39,971.0,367395
2021-06-21 11:51:46,971.0,367461
2021-06-21 11:51:49,971.0,367679
2021-06-21 11:51:51,971.0,367697
2021-06-21 11:51:55,971.0,367751
2021-06-21 11:52:02,971.0,367825
2021-06-21 11:52:05,971.0,368390
2021-06-21 11:52:08,971.0,368390
2021-06-21 11:52:11,971.0,368390
2021-06-21 11:52:14,971.15,368391
2021-06-21 11:52:19,971.15,368394
2021-06-21 11:52:21,971.0,368599
2021-06-21 11:52:24,971.0,368599
2021-06-21 11:52:27,971.0,368619
2021-06-21 11:52:30,971.15,368711
2021-06-21 11:52:33,971.15,368711
2021-06-21 11:52:35,971.0,368777
2021-06-21 11:52:38,971.0,368777
2021-06-21 11:52:40,971.15,368778
2021-06-21 11:52:43,971.15,368779
2021-06-21 11:52:46,971.0,368789
2021-06-21 11:52:48,971.0,368789
2021-06-21 11:52:51,971.0,369089
2021-06-21 11:52:53,971.0,369089
2021-06-21 11:52:55,971.0,369089
2021-06-21 11:52:59,971.0,369111
2021-06-21 11:53:02,971.0,369512
2021-06-21 11:53:05,971.0,369577
2021-06-21 11:53:08,971.15,369895
2021-06-21 11:53:11,971.0,369909
2021-06-21 11:53:13,971.0,369919
2021-06-21 11:53:16,971.0,369924
2021-06-21 11:53:19,971.1,369941
2021-06-21 11:53:21,971.1,369941
