timestamp,ltp,volume
2021-06-21 09:16:29,400.7,1307706
2021-06-21 09:16:30,400.7,1311525
2021-06-21 09:16:31,400.95,1316229
2021-06-21 09:16:32,400.75,1318958
2021-06-21 09:16:33,401.0,1339231
2021-06-21 09:16:36,401.3,1350051
2021-06-21 09:16:37,401.4,1353679
2021-06-21 09:16:38,401.45,1357915
2021-06-21 09:16:40,401.45,1365209
2021-06-21 09:16:39,401.7,1364905
2021-06-21 09:16:42,401.75,1377006
2021-06-21 09:16:43,401.8,1379599
2021-06-21 09:16:44,401.75,1385533
2021-06-21 09:16:45,401.9,1398314
2021-06-21 09:16:46,401.85,1400097
2021-06-21 09:16:47,402.0,1409241
2021-06-21 09:16:48,402.3,1412616
2021-06-21 09:16:49,402.25,1422584
2021-06-21 09:16:50,402.0,1425661
2021-06-21 09:16:53,402.3,1431992
2021-06-21 09:16:54,402.35,1433812
2021-06-21 09:16:55,402.5,1444326
2021-06-21 09:16:57,402.7,1446572
2021-06-21 09:16:56,402.7,1446383
2021-06-21 09:16:58,402.7,1447618
2021-06-21 09:16:59,402.45,1456386
2021-06-21 09:17:00,402.85,1458031
2021-06-21 09:17:01,402.8,1461003
2021-06-21 09:17:02,402.45,1505837
2021-06-21 09:17:03,402.45,1524554
2021-06-21 09:17:04,402.55,1529242
2021-06-21 09:17:05,402.5,1531735
2021-06-21 09:17:06,402.4,1532886
2021-06-21 09:17:07,402.1,1541577
2021-06-21 09:17:08,402.25,1542442
2021-06-21 09:17:11,402.0,1561908
2021-06-21 09:17:12,402.05,1566600
2021-06-21 09:17:14,402.0,1608020
2021-06-21 09:17:15,402.0,1615825
2021-06-21 09:17:16,401.95,1622787
2021-06-21 09:17:17,401.9,1631416
2021-06-21 09:17:18,401.95,1634867
2021-06-21 09:17:19,402.05,1639711
2021-06-21 09:17:20,402.15,1642612
2021-06-21 09:17:21,402.5,1644127
2021-06-21 09:17:22,402.4,1646425
2021-06-21 09:17:23,402.5,1648626
2021-06-21 09:17:24,402.4,1651907
2021-06-21 09:17:25,402.45,1654523
2021-06-21 09:17:26,402.35,1657402
2021-06-21 09:17:27,402.35,1658784
2021-06-21 09:17:28,402.3,1662542
2021-06-21 09:17:29,402.1,1665173
2021-06-21 09:17:30,402.4,1669254
2021-06-21 09:17:31,402.35,1673017
2021-06-21 09:17:32,402.45,1675928
2021-06-21 09:17:33,402.5,1680858
2021-06-21 09:17:34,402.5,1683577
2021-06-21 09:17:35,402.5,1683597
2021-06-21 09:17:36,402.5,1684421
2021-06-21 09:17:37,402.4,1691979
2021-06-21 09:17:38,402.4,1703836
2021-06-21 09:17:39,402.35,1704354
2021-06-21 09:17:41,402.4,1710099
2021-06-21 09:17:41,402.4,1709674
2021-06-21 09:17:42,402.4,1715408
2021-06-21 09:17:44,402.45,1718396
2021-06-21 09:17:44,402.45,1718456
2021-06-21 09:17:46,402.4,1722931
2021-06-21 09:17:47,402.6,1729447
2021-06-21 09:17:48,402.55,1731289
2021-06-21 09:17:48,402.55,1731900
2021-06-21 09:17:49,402.65,1733987
2021-06-21 09:17:50,402.65,1734910
2021-06-21 09:17:52,402.45,1769763
2021-06-21 09:17:53,402.45,1773424
2021-06-21 09:17:54,402.55,1774732
2021-06-21 09:17:55,402.55,1779728
2021-06-21 09:17:56,402.6,1782120
2021-06-21 09:17:57,402.55,1785149
2021-06-21 09:17:58,402.55,1786605
2021-06-21 09:17:59,402.7,1790206
2021-06-21 09:18:00,402.65,1796716
2021-06-21 09:18:03,402.7,1801931
2021-06-21 09:18:04,402.7,1803853
2021-06-21 09:18:05,402.55,1814427
2021-06-21 09:18:05,402.55,1816629
2021-06-21 09:18:06,402.6,1827867
2021-06-21 09:18:08,402.75,1838012
2021-06-21 09:18:09,402.55,1840960
2021-06-21 09:18:10,402.8,1852466
2021-06-21 09:18:10,402.8,1852496
2021-06-21 09:18:12,402.7,1861340
2021-06-21 09:18:12,402.7,1861430
2021-06-21 09:18:13,402.9,1865966
2021-06-21 09:18:14,402.9,1867329
2021-06-21 09:18:15,402.7,1871292
2021-06-21 09:18:16,402.8,1873714
2021-06-21 09:18:17,402.95,1882381
2021-06-21 09:18:18,403.0,1912583
2021-06-21 09:18:20,403.05,1917239
2021-06-21 09:18:21,403.0,1921761
2021-06-21 09:18:21,403.15,1922056
2021-06-21 09:18:22,403.0,1925040
2021-06-21 09:18:23,403.05,1930623
2021-06-21 09:18:25,402.9,1939259
2021-06-21 09:18:25,403.1,1938010
2021-06-21 09:18:27,403.05,1950748
2021-06-21 09:18:26,402.95,1943064
2021-06-21 09:18:28,402.95,1971890
2021-06-21 09:18:29,403.0,1974617
2021-06-21 09:18:30,403.0,1978784
2021-06-21 09:18:31,403.0,1979931
2021-06-21 09:18:32,402.95,1986891
2021-06-21 09:18:33,403.1,1988894
2021-06-21 09:18:34,403.15,1996602
2021-06-21 09:18:36,403.2,1998325
2021-06-21 09:18:36,403.15,1998436
2021-06-21 09:18:37,403.1,2003148
2021-06-21 09:18:39,403.2,2009224
2021-06-21 09:18:39,403.4,2015989
2021-06-21 09:18:41,403.35,2022076
2021-06-21 09:18:42,403.5,2023589
2021-06-21 09:18:43,403.35,2024396
2021-06-21 09:18:44,403.4,2027307
2021-06-21 09:18:45,403.25,2032924
2021-06-21 09:18:46,403.4,2035468
2021-06-21 09:18:47,403.4,2040676
2021-06-21 09:18:48,403.6,2043944
2021-06-21 09:18:49,403.65,2047135
2021-06-21 09:18:50,403.45,2048102
2021-06-21 09:18:53,403.85,2065189
2021-06-21 09:18:53,403.85,2065797
2021-06-21 09:18:54,403.9,2068979
2021-06-21 09:18:55,403.7,2073608
2021-06-21 09:18:56,403.8,2075780
2021-06-21 09:18:57,403.85,2078964
2021-06-21 09:18:58,403.95,2085037
2021-06-21 09:18:59,403.9,2088010
2021-06-21 09:19:00,403.9,2091090
2021-06-21 09:19:01,403.8,2104796
2021-06-21 09:19:03,403.95,2107355
2021-06-21 09:19:04,404.0,2152461
2021-06-21 09:19:05,404.0,2158092
2021-06-21 09:19:07,403.65,2170933
2021-06-21 09:19:09,403.6,2184152
2021-06-21 09:19:10,403.8,2187593
2021-06-21 09:19:12,403.8,2189714
2021-06-21 09:19:12,403.6,2190814
2021-06-21 09:19:14,403.95,2207208
2021-06-21 09:19:15,403.95,2207876
2021-06-21 09:19:16,403.8,2210916
2021-06-21 09:19:17,403.75,2215818
2021-06-21 09:19:18,403.7,2222268
2021-06-21 09:19:20,403.8,2226179
2021-06-21 09:19:20,403.8,2226439
2021-06-21 09:19:21,403.7,2229286
2021-06-21 09:19:22,403.9,2232327
2021-06-21 09:19:23,403.95,2232969
2021-06-21 09:19:24,404.0,2236837
2021-06-21 09:19:25,403.9,2300133
2021-06-21 09:19:27,403.9,2304228
2021-06-21 09:19:28,404.05,2308443
2021-06-21 09:19:29,404.05,2310120
2021-06-21 09:19:29,404.0,2310270
2021-06-21 09:19:30,404.05,2318325
2021-06-21 09:19:32,404.2,2330126
2021-06-21 09:19:33,404.25,2335770
2021-06-21 09:19:33,404.05,2337252
2021-06-21 09:19:34,404.25,2343779
2021-06-21 09:19:35,404.05,2348861
2021-06-21 09:19:36,404.25,2354175
2021-06-21 09:19:38,404.25,2359047
2021-06-21 09:19:39,404.3,2361765
2021-06-21 09:19:40,404.3,2364834
2021-06-21 09:19:40,404.3,2365038
2021-06-21 09:19:41,404.3,2368497
2021-06-21 09:19:42,404.3,2371980
2021-06-21 09:19:43,404.25,2375325
2021-06-21 09:19:44,404.2,2377221
2021-06-21 09:19:45,404.2,2381110
2021-06-21 09:19:47,404.25,2384150
2021-06-21 09:19:48,404.05,2385349
2021-06-21 09:19:49,404.0,2389403
2021-06-21 09:19:50,404.2,2394266
2021-06-21 09:19:50,404.1,2394567
2021-06-21 09:19:51,404.15,2395976
2021-06-21 09:19:52,404.15,2398654
2021-06-21 09:19:53,404.15,2402196
2021-06-21 09:19:54,404.15,2404256
2021-06-21 09:19:55,404.15,2408464
2021-06-21 09:19:56,404.2,2410757
2021-06-21 09:19:58,404.2,2419008
2021-06-21 09:19:59,404.15,2420310
2021-06-21 09:19:59,404.25,2423209
2021-06-21 09:20:00,404.25,2427527
2021-06-21 09:20:01,404.15,2432185
2021-06-21 09:20:02,404.15,2433641
2021-06-21 09:20:03,404.15,2440608
2021-06-21 09:20:04,404.15,2447518
2021-06-21 09:20:06,404.15,2451126
2021-06-21 09:20:07,403.65,2498161
2021-06-21 09:20:08,403.65,2503290
2021-06-21 09:20:08,403.65,2504187
2021-06-21 09:20:09,403.65,2505908
2021-06-21 09:20:10,403.55,2512094
2021-06-21 09:20:11,403.55,2513768
2021-06-21 09:20:12,403.4,2516669
2021-06-21 09:20:13,403.55,2519343
2021-06-21 09:20:15,403.5,2523187
2021-06-21 09:20:15,403.5,2524453
2021-06-21 09:20:17,403.4,2528669
2021-06-21 09:20:18,403.55,2529918
2021-06-21 09:20:19,403.35,2532095
2021-06-21 09:20:19,403.35,2532123
2021-06-21 09:20:20,403.55,2535434
2021-06-21 09:20:21,403.5,2559456
2021-06-21 09:20:23,403.55,2577042
2021-06-21 09:20:24,403.45,2579240
2021-06-21 09:20:25,403.45,2580322
2021-06-21 09:20:25,403.45,2580322
2021-06-21 09:20:26,403.65,2584753
2021-06-21 09:20:27,403.75,2594637
2021-06-21 09:20:28,403.9,2608558
2021-06-21 09:20:29,403.95,2611552
2021-06-21 09:20:30,404.0,2627331
2021-06-21 09:20:31,403.95,2629015
2021-06-21 09:20:33,404.2,2633591
2021-06-21 09:20:34,404.25,2648807
2021-06-21 09:20:35,404.25,2651166
2021-06-21 09:20:36,404.65,2681805
2021-06-21 09:20:36,404.65,2681825
2021-06-21 09:20:37,404.65,2684010
2021-06-21 09:20:38,404.5,2686925
2021-06-21 09:20:39,404.4,2688925
2021-06-21 09:20:41,404.7,2693130
2021-06-21 09:20:42,404.75,2699318
2021-06-21 09:20:43,404.75,2702086
2021-06-21 09:20:44,404.8,2705982
2021-06-21 09:20:44,404.95,2706164
2021-06-21 09:20:45,404.95,2719867
2021-06-21 09:20:46,404.9,2721623
2021-06-21 09:20:48,404.65,2723879
2021-06-21 09:20:48,404.7,2724359
2021-06-21 09:20:49,404.7,2726343
2021-06-21 09:20:51,404.7,2733221
2021-06-21 09:20:52,404.55,2735625
2021-06-21 09:20:54,404.95,2741872
2021-06-21 09:20:54,404.9,2742622
2021-06-21 09:20:55,404.75,2744067
2021-06-21 09:20:56,404.9,2746609
2021-06-21 09:20:57,404.65,2756417
2021-06-21 09:20:58,404.7,2758739
2021-06-21 09:20:59,404.75,2760021
2021-06-21 09:21:00,404.7,2763751
2021-06-21 09:21:01,404.8,2772074
2021-06-21 09:21:03,404.85,2776837
2021-06-21 09:21:04,404.85,2781020
2021-06-21 09:21:04,404.9,2780959
2021-06-21 09:21:06,404.9,2787566
2021-06-21 09:21:08,405.0,2793891
2021-06-21 09:21:09,404.95,2797069
2021-06-21 09:21:10,405.0,2800537
2021-06-21 09:21:10,404.9,2800693
2021-06-21 09:21:11,404.95,2805817
2021-06-21 09:21:12,405.0,2808166
2021-06-21 09:21:13,405.0,2814301
2021-06-21 09:21:14,404.9,2827820
2021-06-21 09:21:15,404.9,2831019
2021-06-21 09:21:16,404.9,2831997
2021-06-21 09:21:18,404.9,2835967
2021-06-21 09:21:19,404.75,2848346
2021-06-21 09:21:21,404.8,2859385
2021-06-21 09:21:22,404.75,2862545
2021-06-21 09:21:23,404.8,2865617
2021-06-21 09:21:23,404.75,2865538
2021-06-21 09:21:24,404.85,2867825
2021-06-21 09:21:27,404.9,2877005
2021-06-21 09:21:27,404.9,2877092
2021-06-21 09:21:28,404.9,2882440
2021-06-21 09:21:29,404.8,2887054
2021-06-21 09:21:30,404.85,2890663
2021-06-21 09:21:31,404.95,2894325
2021-06-21 09:21:32,404.85,2899910
2021-06-21 09:21:33,404.9,2904851
2021-06-21 09:21:34,404.95,2942510
2021-06-21 09:21:35,404.95,2944241
2021-06-21 09:21:36,405.0,2945507
2021-06-21 09:21:37,405.0,2948091
2021-06-21 09:21:38,405.0,2951328
2021-06-21 09:21:40,405.0,2959597
2021-06-21 09:21:41,405.15,2965210
2021-06-21 09:21:42,405.0,2968245
2021-06-21 09:21:42,405.0,2968488
2021-06-21 09:21:43,405.0,2970881
2021-06-21 09:21:44,405.0,2971330
2021-06-21 09:21:45,405.1,2990978
2021-06-21 09:21:47,404.9,3003137
2021-06-21 09:21:47,404.9,3003571
2021-06-21 09:21:48,404.8,3007998
2021-06-21 09:21:49,404.8,3012695
2021-06-21 09:21:50,404.8,3014644
2021-06-21 09:21:51,404.9,3022439
2021-06-21 09:21:52,404.8,3025044
2021-06-21 09:21:53,404.9,3026439
2021-06-21 09:21:54,404.9,3027049
2021-06-21 09:21:55,405.1,3053741
2021-06-21 09:21:56,405.2,3055508
2021-06-21 09:21:57,405.2,3055952
2021-06-21 09:21:58,405.25,3058216
2021-06-21 09:22:00,405.4,3063802
2021-06-21 09:22:01,405.15,3068898
2021-06-21 09:22:02,405.25,3072142
2021-06-21 09:22:04,405.2,3075593
2021-06-21 09:22:05,405.25,3076399
2021-06-21 09:22:06,404.9,3087584
2021-06-21 09:22:07,405.2,3089999
2021-06-21 09:22:08,405.0,3092052
2021-06-21 09:22:09,405.2,3093469
2021-06-21 09:22:10,405.1,3100613
2021-06-21 09:22:11,405.35,3104785
2021-06-21 09:22:12,405.4,3106709
2021-06-21 09:22:13,405.4,3108962
2021-06-21 09:22:14,405.3,3135757
2021-06-21 09:22:15,405.3,3136404
2021-06-21 09:22:16,405.3,3138372
2021-06-21 09:22:17,405.2,3141177
2021-06-21 09:22:18,405.3,3143975
2021-06-21 09:22:19,405.35,3145709
2021-06-21 09:22:20,405.35,3148095
2021-06-21 09:22:21,405.3,3149647
2021-06-21 09:22:22,405.3,3150650
2021-06-21 09:22:23,405.35,3156671
2021-06-21 09:22:24,405.4,3157001
2021-06-21 09:22:25,405.3,3158357
2021-06-21 09:22:26,405.3,3161591
2021-06-21 09:22:27,405.3,3163118
2021-06-21 09:22:28,405.45,3167062
2021-06-21 09:22:29,405.45,3169410
2021-06-21 09:22:30,405.45,3172304
2021-06-21 09:22:31,405.4,3176640
2021-06-21 09:22:32,405.5,3182660
2021-06-21 09:22:32,405.4,3182736
2021-06-21 09:22:33,405.5,3188742
2021-06-21 09:22:34,405.4,3189235
2021-06-21 09:22:35,405.5,3194659
2021-06-21 09:22:36,405.65,3207355
2021-06-21 09:22:37,405.65,3210058
2021-06-21 09:22:38,405.7,3213248
2021-06-21 09:22:39,405.65,3213979
2021-06-21 09:22:40,405.9,3221902
2021-06-21 09:22:41,405.9,3224335
2021-06-21 09:22:42,405.9,3226813
2021-06-21 09:22:43,405.65,3230187
2021-06-21 09:22:44,405.75,3232070
2021-06-21 09:22:45,405.5,3237629
2021-06-21 09:22:46,405.8,3240813
2021-06-21 09:22:48,405.85,3243497
2021-06-21 09:22:49,405.75,3244493
2021-06-21 09:22:50,405.75,3247095
2021-06-21 09:22:51,405.9,3262291
2021-06-21 09:22:52,405.9,3266277
2021-06-21 09:22:53,406.0,3279728
2021-06-21 09:22:54,405.95,3292498
2021-06-21 09:22:55,405.95,3307258
2021-06-21 09:22:56,406.25,3314485
2021-06-21 09:22:56,406.15,3312730
2021-06-21 09:22:57,406.25,3315964
2021-06-21 09:22:58,406.05,3320080
2021-06-21 09:22:59,406.25,3322131
2021-06-21 09:23:00,406.15,3324874
2021-06-21 09:23:01,406.0,3326322
2021-06-21 09:23:02,406.05,3333616
2021-06-21 09:23:03,405.85,3337239
2021-06-21 09:23:04,406.0,3340323
2021-06-21 09:23:05,406.0,3342913
2021-06-21 09:23:06,406.05,3347095
2021-06-21 09:23:07,406.05,3350375
2021-06-21 09:23:08,405.95,3352527
2021-06-21 09:23:09,406.0,3353916
2021-06-21 09:23:11,405.9,3360439
2021-06-21 09:23:12,405.95,3361493
2021-06-21 09:23:13,405.95,3363208
2021-06-21 09:23:14,406.0,3366848
2021-06-21 09:23:15,406.0,3369503
2021-06-21 09:23:16,406.0,3373908
2021-06-21 09:23:17,405.95,3376250
2021-06-21 09:23:18,406.0,3378242
2021-06-21 09:23:19,406.0,3391377
2021-06-21 09:23:19,405.85,3391638
2021-06-21 09:23:20,405.9,3400325
2021-06-21 09:23:21,405.9,3406020
2021-06-21 09:23:22,405.9,3414838
2021-06-21 09:23:23,405.75,3417599
2021-06-21 09:23:24,405.85,3418947
2021-06-21 09:23:25,405.9,3421424
2021-06-21 09:23:26,405.75,3422864
2021-06-21 09:23:27,405.7,3425426
2021-06-21 09:23:28,405.85,3427678
2021-06-21 09:23:29,405.85,3428674
2021-06-21 09:23:30,405.8,3432445
2021-06-21 09:23:32,405.85,3433856
2021-06-21 09:23:33,405.85,3434897
2021-06-21 09:23:34,405.85,3439513
2021-06-21 09:23:35,405.85,3445281
2021-06-21 09:23:36,405.75,3447950
2021-06-21 09:23:37,405.8,3449001
2021-06-21 09:23:38,405.85,3450015
2021-06-21 09:23:39,405.85,3451803
2021-06-21 09:23:40,405.75,3455467
2021-06-21 09:23:41,405.85,3458339
2021-06-21 09:23:42,405.6,3460410
2021-06-21 09:23:43,405.8,3462167
2021-06-21 09:23:43,405.8,3462184
2021-06-21 09:23:44,405.8,3464910
2021-06-21 09:23:46,405.8,3473087
2021-06-21 09:23:47,405.8,3473742
2021-06-21 09:23:48,405.7,3478052
2021-06-21 09:23:49,405.65,3479586
2021-06-21 09:23:50,405.65,3481105
2021-06-21 09:23:51,405.6,3483321
2021-06-21 09:23:52,405.6,3484518
2021-06-21 09:23:53,405.55,3487038
2021-06-21 09:23:54,405.65,3488772
2021-06-21 09:23:55,405.6,3489369
2021-06-21 09:23:56,405.7,3496933
2021-06-21 09:23:57,405.7,3498912
2021-06-21 09:23:58,405.7,3501720
2021-06-21 09:23:59,405.7,3501937
2021-06-21 09:24:00,405.65,3504733
2021-06-21 09:24:01,405.5,3506061
2021-06-21 09:24:02,405.65,3506139
2021-06-21 09:24:03,405.65,3508962
2021-06-21 09:24:05,405.6,3513005
2021-06-21 09:24:06,405.55,3514078
2021-06-21 09:24:07,405.5,3515678
2021-06-21 09:24:08,405.6,3522353
2021-06-21 09:24:09,405.4,3539568
2021-06-21 09:24:10,405.4,3547913
2021-06-21 09:24:11,405.45,3549535
2021-06-21 09:24:11,405.4,3548960
2021-06-21 09:24:13,405.4,3553396
2021-06-21 09:24:14,405.4,3561824
2021-06-21 09:24:15,405.35,3564735
2021-06-21 09:24:16,405.25,3565746
2021-06-21 09:24:17,404.95,3610539
2021-06-21 09:24:18,404.9,3611779
2021-06-21 09:24:19,404.9,3613516
2021-06-21 09:24:19,404.9,3614012
2021-06-21 09:24:21,404.9,3621871
2021-06-21 09:24:22,404.9,3626129
2021-06-21 09:24:23,404.95,3628530
2021-06-21 09:24:25,404.9,3634727
2021-06-21 09:24:26,404.9,3639518
2021-06-21 09:24:27,404.9,3646486
2021-06-21 09:24:28,405.0,3672071
2021-06-21 09:24:29,405.0,3682607
2021-06-21 09:24:30,405.05,3685234
2021-06-21 09:24:32,405.1,3698306
2021-06-21 09:24:33,405.1,3701259
2021-06-21 09:24:34,405.45,3703309
2021-06-21 09:24:35,405.45,3706323
2021-06-21 09:24:36,405.45,3707634
2021-06-21 09:24:37,405.6,3710575
2021-06-21 09:24:38,405.75,3716017
2021-06-21 09:24:39,405.75,3716366
2021-06-21 09:24:40,405.75,3718428
2021-06-21 09:24:41,405.8,3719108
2021-06-21 09:24:42,405.7,3722897
2021-06-21 09:24:43,405.8,3723064
2021-06-21 09:24:44,405.95,3728275
2021-06-21 09:24:45,405.95,3729171
2021-06-21 09:24:46,405.95,3733918
2021-06-21 09:24:47,405.6,3757847
2021-06-21 09:24:48,405.9,3758317
2021-06-21 09:24:49,406.0,3782432
2021-06-21 09:24:50,406.05,3783589
2021-06-21 09:24:51,406.05,3800258
2021-06-21 09:24:52,405.95,3801205
2021-06-21 09:24:53,406.0,3802486
2021-06-21 09:24:55,406.1,3806776
2021-06-21 09:24:56,406.1,3807342
2021-06-21 09:24:57,406.0,3809336
2021-06-21 09:24:58,406.0,3812409
2021-06-21 09:24:59,406.1,3813152
2021-06-21 09:25:00,406.05,3813740
2021-06-21 09:25:01,406.0,3814610
2021-06-21 09:25:02,406.1,3820194
2021-06-21 09:25:03,406.1,3821223
2021-06-21 09:25:05,406.1,3828090
2021-06-21 09:25:06,406.1,3834111
2021-06-21 09:25:07,406.0,3835336
2021-06-21 09:25:08,406.15,3844628
2021-06-21 09:25:09,406.1,3850744
2021-06-21 09:25:10,406.0,3855374
2021-06-21 09:25:11,406.05,3856112
2021-06-21 09:25:11,406.05,3856061
2021-06-21 09:25:12,406.1,3857672
2021-06-21 09:25:14,406.15,3859348
2021-06-21 09:25:15,406.0,3865442
2021-06-21 09:25:16,406.15,3885462
2021-06-21 09:25:17,406.3,3890929
2021-06-21 09:25:18,406.05,3892876
2021-06-21 09:25:19,406.0,3895333
2021-06-21 09:25:20,406.1,3899484
2021-06-21 09:25:21,406.0,3901663
2021-06-21 09:25:22,406.0,3905487
2021-06-21 09:25:22,406.0,3904761
2021-06-21 09:25:23,406.0,3906231
2021-06-21 09:25:24,406.0,3907722
2021-06-21 09:25:26,406.05,3912114
2021-06-21 09:25:27,405.95,3912538
2021-06-21 09:25:28,406.1,3920191
2021-06-21 09:25:29,406.05,3921994
2021-06-21 09:25:30,406.1,3924705
2021-06-21 09:25:31,406.05,3931383
2021-06-21 09:25:32,406.1,3933461
2021-06-21 09:25:33,406.05,3934421
2021-06-21 09:25:34,406.3,3941776
2021-06-21 09:25:35,406.15,3944078
2021-06-21 09:25:36,406.25,3945149
2021-06-21 09:25:37,406.25,3945506
2021-06-21 09:25:38,406.35,3950168
2021-06-21 09:25:39,406.3,3951019
2021-06-21 09:25:40,406.3,3951594
2021-06-21 09:25:41,406.3,3953839
2021-06-21 09:25:42,406.3,3955900
2021-06-21 09:25:43,406.3,3957941
2021-06-21 09:25:44,406.35,3960055
2021-06-21 09:25:45,406.25,3961892
2021-06-21 09:25:46,406.3,3963960
2021-06-21 09:25:47,406.35,3965232
2021-06-21 09:25:48,406.35,3967400
2021-06-21 09:25:50,406.35,3970762
2021-06-21 09:25:51,406.35,3973299
2021-06-21 09:25:53,406.45,3989701
2021-06-21 09:25:54,406.3,3992257
2021-06-21 09:25:54,406.35,3992132
2021-06-21 09:25:56,406.35,3993954
2021-06-21 09:25:57,406.4,3996645
2021-06-21 09:25:58,406.2,4040213
2021-06-21 09:25:59,406.15,4041459
2021-06-21 09:26:00,406.2,4042117
2021-06-21 09:26:01,406.1,4044035
2021-06-21 09:26:02,406.2,4049337
2021-06-21 09:26:03,406.15,4049907
2021-06-21 09:26:04,406.0,4051655
2021-06-21 09:26:05,406.15,4054150
2021-06-21 09:26:06,406.1,4057569
2021-06-21 09:26:07,406.15,4060015
2021-06-21 09:26:08,406.15,4060556
2021-06-21 09:26:09,406.0,4074138
2021-06-21 09:26:10,406.0,4075384
2021-06-21 09:26:11,405.9,4077520
2021-06-21 09:26:13,405.9,4079711
2021-06-21 09:26:14,405.9,4079854
2021-06-21 09:26:15,405.9,4080874
2021-06-21 09:26:16,405.8,4082413
2021-06-21 09:26:17,405.85,4084575
2021-06-21 09:26:18,405.75,4095052
2021-06-21 09:26:19,405.5,4098459
2021-06-21 09:26:20,405.55,4102727
2021-06-21 09:26:22,405.55,4107405
2021-06-21 09:26:23,405.9,4114979
2021-06-21 09:26:25,405.9,4119742
2021-06-21 09:26:26,405.8,4121148
2021-06-21 09:26:27,405.95,4122147
2021-06-21 09:26:28,405.95,4123424
2021-06-21 09:26:29,406.0,4126222
2021-06-21 09:26:30,405.9,4127893
2021-06-21 09:26:31,405.95,4129869
2021-06-21 09:26:32,406.0,4130065
2021-06-21 09:26:33,405.9,4139479
2021-06-21 09:26:34,406.0,4140423
2021-06-21 09:26:35,405.85,4162665
2021-06-21 09:26:36,405.75,4164222
2021-06-21 09:26:37,405.65,4165285
2021-06-21 09:26:38,405.65,4169688
2021-06-21 09:26:40,405.55,4175494
2021-06-21 09:26:41,405.65,4176375
2021-06-21 09:26:42,405.85,4178456
2021-06-21 09:26:43,405.9,4179111
2021-06-21 09:26:44,405.85,4179913
2021-06-21 09:26:45,405.8,4180184
2021-06-21 09:26:48,405.7,4185961
2021-06-21 09:26:49,405.35,4201304
2021-06-21 09:26:50,405.4,4203206
2021-06-21 09:26:51,405.25,4212923
2021-06-21 09:26:52,405.3,4214855
2021-06-21 09:26:53,405.15,4217626
2021-06-21 09:26:54,405.1,4219181
2021-06-21 09:26:55,405.15,4221595
2021-06-21 09:26:56,405.05,4222726
2021-06-21 09:26:57,405.1,4233484
2021-06-21 09:26:58,405.0,4248746
2021-06-21 09:26:59,404.65,4261033
2021-06-21 09:27:01,404.75,4275213
2021-06-21 09:27:02,404.85,4278991
2021-06-21 09:27:03,404.9,4279750
2021-06-21 09:27:04,405.0,4280381
2021-06-21 09:27:05,405.2,4284348
2021-06-21 09:27:06,405.25,4295996
2021-06-21 09:27:07,405.25,4296565
2021-06-21 09:27:08,405.2,4298150
2021-06-21 09:27:09,405.3,4299023
2021-06-21 09:27:10,405.2,4302195
2021-06-21 09:27:11,405.1,4303050
2021-06-21 09:27:13,405.2,4305271
2021-06-21 09:27:14,405.25,4306261
2021-06-21 09:27:19,405.05,4309902
2021-06-21 09:27:20,405.1,4312915
2021-06-21 09:27:21,405.05,4314286
2021-06-21 09:27:22,405.15,4316273
2021-06-21 09:27:23,405.05,4317374
2021-06-21 09:27:24,405.2,4318280
2021-06-21 09:27:26,405.2,4347431
2021-06-21 09:27:27,405.45,4348019
2021-06-21 09:27:29,405.5,4350494
2021-06-21 09:27:30,405.5,4354718
2021-06-21 09:27:31,405.4,4356880
2021-06-21 09:27:32,405.55,4361820
2021-06-21 09:27:33,405.7,4362331
2021-06-21 09:27:34,405.55,4362560
2021-06-21 09:27:35,405.6,4364991
2021-06-21 09:27:36,405.8,4366821
2021-06-21 09:27:37,405.7,4367374
2021-06-21 09:27:38,405.85,4370491
2021-06-21 09:27:39,406.0,4413783
2021-06-21 09:27:40,406.05,4414277
2021-06-21 09:27:41,406.05,4415216
2021-06-21 09:27:42,406.15,4417082
2021-06-21 09:27:43,405.7,4419116
2021-06-21 09:27:44,405.8,4419573
2021-06-21 09:27:45,405.85,4420297
2021-06-21 09:27:46,405.85,4420522
2021-06-21 09:27:47,405.7,4421295
2021-06-21 09:27:49,405.65,4423860
2021-06-21 09:27:50,405.7,4430227
2021-06-21 09:27:51,406.0,4433463
2021-06-21 09:27:52,406.0,4434105
2021-06-21 09:27:53,406.0,4434183
2021-06-21 09:27:54,405.95,4434629
2021-06-21 09:27:55,405.85,4434874
2021-06-21 09:27:56,405.85,4435606
2021-06-21 09:27:57,405.75,4436467
2021-06-21 09:27:58,405.7,4437792
2021-06-21 09:27:59,405.85,4440719
2021-06-21 09:28:00,405.85,4441270
2021-06-21 09:28:01,405.8,4443858
2021-06-21 09:28:02,405.85,4444247
2021-06-21 09:28:03,405.85,4444248
2021-06-21 09:28:04,405.8,4445066
2021-06-21 09:28:05,405.75,4445175
2021-06-21 09:28:06,405.9,4447525
2021-06-21 09:28:08,405.9,4449608
2021-06-21 09:28:09,405.85,4451051
2021-06-21 09:28:10,405.9,4452242
2021-06-21 09:28:11,405.8,4454052
2021-06-21 09:28:12,405.75,4465749
2021-06-21 09:28:13,405.85,4466699
2021-06-21 09:28:14,405.9,4467236
2021-06-21 09:28:15,405.9,4468097
2021-06-21 09:28:16,405.8,4471952
2021-06-21 09:28:17,405.9,4472345
2021-06-21 09:28:18,405.9,4474114
2021-06-21 09:28:19,405.9,4476177
2021-06-21 09:28:20,405.95,4481092
2021-06-21 09:28:21,406.0,4484285
2021-06-21 09:28:22,406.0,4485510
2021-06-21 09:28:23,406.0,4485654
2021-06-21 09:28:24,406.0,4487064
2021-06-21 09:28:25,405.9,4488223
2021-06-21 09:28:26,405.9,4488955
2021-06-21 09:28:27,406.0,4492892
2021-06-21 09:28:28,406.0,4493480
2021-06-21 09:28:29,405.95,4495824
2021-06-21 09:28:30,406.0,4497002
2021-06-21 09:28:31,406.0,4497401
2021-06-21 09:28:32,406.0,4497742
2021-06-21 09:28:33,406.0,4517496
2021-06-21 09:28:34,406.15,4524154
2021-06-21 09:28:35,406.0,4526306
2021-06-21 09:28:36,406.05,4526648
2021-06-21 09:28:37,406.05,4527060
2021-06-21 09:28:38,406.05,4528167
2021-06-21 09:28:39,406.05,4530169
2021-06-21 09:28:40,406.0,4530755
2021-06-21 09:28:41,406.0,4531652
2021-06-21 09:28:42,405.9,4541469
2021-06-21 09:28:43,405.95,4549108
2021-06-21 09:28:44,405.9,4549990
2021-06-21 09:28:45,405.9,4550268
2021-06-21 09:28:46,405.9,4551785
2021-06-21 09:28:47,405.9,4551997
2021-06-21 09:28:48,405.8,4552655
2021-06-21 09:28:49,405.85,4553572
2021-06-21 09:28:50,405.95,4557648
2021-06-21 09:28:51,405.85,4557805
2021-06-21 09:28:52,405.95,4558508
2021-06-21 09:28:53,405.95,4558817
2021-06-21 09:28:54,405.95,4561504
2021-06-21 09:28:56,405.95,4561631
2021-06-21 09:28:56,405.95,4561731
2021-06-21 09:28:57,405.95,4562940
2021-06-21 09:28:58,405.9,4563627
2021-06-21 09:28:59,405.9,4564071
2021-06-21 09:29:00,405.9,4565081
2021-06-21 09:29:01,406.0,4565476
2021-06-21 09:29:02,406.0,4566186
2021-06-21 09:29:03,405.95,4572974
2021-06-21 09:29:05,406.05,4573756
2021-06-21 09:29:06,406.0,4575752
2021-06-21 09:29:07,406.05,4576633
2021-06-21 09:29:08,406.1,4578937
2021-06-21 09:29:09,405.95,4579871
2021-06-21 09:29:12,405.95,4584392
2021-06-21 09:29:13,406.05,4584923
2021-06-21 09:29:14,406.05,4586753
2021-06-21 09:29:15,406.05,4587468
2021-06-21 09:29:16,405.95,4589698
2021-06-21 09:29:17,405.95,4590814
2021-06-21 09:29:18,405.95,4591685
2021-06-21 09:29:19,405.9,4592809
2021-06-21 09:29:20,405.95,4593858
2021-06-21 09:29:21,405.95,4596927
2021-06-21 09:29:22,405.95,4597710
2021-06-21 09:29:23,405.85,4601636
2021-06-21 09:29:24,405.75,4606330
2021-06-21 09:29:25,405.85,4607634
2021-06-21 09:29:26,405.9,4610054
2021-06-21 09:29:27,405.85,4610948
2021-06-21 09:29:28,405.95,4611098
2021-06-21 09:29:29,405.85,4611680
2021-06-21 09:29:30,405.95,4611906
2021-06-21 09:29:31,405.85,4612779
2021-06-21 09:29:32,405.85,4614898
2021-06-21 09:29:33,405.85,4616412
2021-06-21 09:29:34,405.85,4617127
2021-06-21 09:29:35,405.9,4618455
2021-06-21 09:29:36,405.8,4618796
2021-06-21 09:29:37,405.8,4623484
2021-06-21 09:29:39,405.8,4624977
2021-06-21 09:29:40,405.75,4625760
2021-06-21 09:29:41,405.75,4628213
2021-06-21 09:29:42,405.75,4629977
2021-06-21 09:29:43,405.7,4630819
2021-06-21 09:29:44,405.85,4633645
2021-06-21 09:29:45,405.75,4642295
2021-06-21 09:29:46,405.75,4642627
2021-06-21 09:29:47,405.75,4643377
2021-06-21 09:29:48,405.7,4646017
2021-06-21 09:29:49,405.65,4646453
2021-06-21 09:29:50,405.65,4647929
2021-06-21 09:29:51,405.65,4649120
2021-06-21 09:29:52,405.65,4650060
2021-06-21 09:29:53,405.65,4652339
2021-06-21 09:29:54,405.6,4653345
2021-06-21 09:29:55,405.7,4653415
2021-06-21 09:29:56,405.7,4654329
2021-06-21 09:29:57,405.7,4655451
2021-06-21 09:29:58,405.75,4656236
2021-06-21 09:29:59,405.7,4656756
2021-06-21 09:30:00,405.75,4657468
2021-06-21 09:30:01,405.75,4658373
2021-06-21 09:30:02,405.75,4659231
2021-06-21 09:30:03,405.75,4660251
2021-06-21 09:30:04,405.75,4660728
2021-06-21 09:30:05,405.75,4663325
2021-06-21 09:30:07,405.35,4702159
2021-06-21 09:30:09,405.15,4708879
2021-06-21 09:30:10,405.35,4713014
2021-06-21 09:30:10,405.35,4713014
2021-06-21 09:30:11,405.3,4718487
2021-06-21 09:30:12,405.15,4720961
2021-06-21 09:30:13,405.25,4730182
2021-06-21 09:30:14,405.3,4731155
2021-06-21 09:30:15,405.3,4731862
2021-06-21 09:30:16,405.3,4733470
2021-06-21 09:30:17,405.3,4734709
2021-06-21 09:30:18,405.3,4735686
2021-06-21 09:30:19,405.15,4736151
2021-06-21 09:30:20,405.15,4743295
2021-06-21 09:30:21,405.0,4744478
2021-06-21 09:30:22,405.25,4747646
2021-06-21 09:30:23,405.0,4749557
2021-06-21 09:30:24,405.15,4752015
2021-06-21 09:30:25,405.1,4759467
2021-06-21 09:30:26,405.0,4778523
2021-06-21 09:30:27,405.05,4784795
2021-06-21 09:30:28,405.0,4785663
2021-06-21 09:30:29,405.15,4790582
2021-06-21 09:30:30,405.1,4790834
2021-06-21 09:30:31,405.15,4791946
2021-06-21 09:30:32,405.15,4794895
2021-06-21 09:30:33,405.15,4795324
2021-06-21 09:30:34,405.15,4797627
2021-06-21 09:30:35,405.1,4798356
2021-06-21 09:30:36,405.15,4800237
2021-06-21 09:30:37,405.25,4801890
2021-06-21 09:30:38,405.15,4804373
2021-06-21 09:30:39,405.25,4805452
2021-06-21 09:30:40,405.25,4806434
2021-06-21 09:30:41,405.3,4806642
2021-06-21 09:30:42,405.35,4808936
2021-06-21 09:30:43,405.35,4809402
2021-06-21 09:30:44,405.25,4809805
2021-06-21 09:30:45,405.25,4810699
2021-06-21 09:30:46,405.35,4813396
2021-06-21 09:30:47,405.4,4816263
2021-06-21 09:30:48,405.3,4816588
2021-06-21 09:30:49,405.4,4820243
2021-06-21 09:30:50,405.4,4820248
2021-06-21 09:30:51,405.35,4820485
2021-06-21 09:30:52,405.3,4822222
2021-06-21 09:30:53,405.25,4826381
2021-06-21 09:30:54,405.4,4829247
2021-06-21 09:30:55,405.4,4830802
2021-06-21 09:30:56,405.4,4831307
2021-06-21 09:30:57,405.35,4833475
2021-06-21 09:30:58,405.45,4833824
2021-06-21 09:30:59,405.55,4834622
2021-06-21 09:31:01,405.45,4837296
2021-06-21 09:31:02,405.5,4838794
2021-06-21 09:31:05,405.65,4845201
2021-06-21 09:31:05,405.5,4845699
2021-06-21 09:31:06,405.45,4850074
2021-06-21 09:31:07,405.7,4850694
2021-06-21 09:31:08,405.7,4852484
2021-06-21 09:31:09,405.55,4854585
2021-06-21 09:31:10,405.65,4855716
2021-06-21 09:31:11,405.6,4856968
2021-06-21 09:31:13,405.7,4861105
2021-06-21 09:31:14,405.75,4868535
2021-06-21 09:31:14,405.65,4868705
2021-06-21 09:31:15,405.7,4880745
2021-06-21 09:31:16,405.55,4884750
2021-06-21 09:31:17,405.5,4886166
2021-06-21 09:31:18,405.6,4889555
2021-06-21 09:31:19,405.85,4891994
2021-06-21 09:31:20,405.8,4893385
2021-06-21 09:31:21,405.8,4895911
2021-06-21 09:31:22,405.85,4896298
2021-06-21 09:31:23,406.05,4936397
2021-06-21 09:31:24,406.0,4941613
2021-06-21 09:31:25,406.15,4947430
2021-06-21 09:31:26,406.25,4957797
2021-06-21 09:31:27,406.15,4959117
2021-06-21 09:31:28,406.25,4959323
2021-06-21 09:31:29,406.15,4961647
2021-06-21 09:31:31,406.05,4965516
2021-06-21 09:31:32,406.15,4966138
2021-06-21 09:31:33,406.05,4968544
2021-06-21 09:31:34,406.1,4969821
2021-06-21 09:31:35,406.1,4971782
2021-06-21 09:31:36,406.05,4974172
2021-06-21 09:31:37,406.2,4987532
2021-06-21 09:31:38,406.2,4988032
2021-06-21 09:31:39,406.3,4988908
2021-06-21 09:31:40,406.3,4989292
2021-06-21 09:31:41,406.3,4990599
2021-06-21 09:31:42,406.3,4992098
2021-06-21 09:31:43,406.7,5042807
2021-06-21 09:31:44,406.95,5048027
2021-06-21 09:31:45,406.95,5054075
2021-06-21 09:31:46,406.9,5056100
2021-06-21 09:31:47,406.6,5056736
2021-06-21 09:31:49,406.7,5060988
2021-06-21 09:31:50,406.7,5063575
2021-06-21 09:31:51,406.8,5070607
2021-06-21 09:31:52,406.8,5071313
2021-06-21 09:31:53,406.75,5072918
2021-06-21 09:31:54,406.95,5081577
2021-06-21 09:31:55,406.85,5094256
2021-06-21 09:31:56,407.4,5162898
2021-06-21 09:31:57,407.45,5164751
2021-06-21 09:31:58,407.25,5169519
2021-06-21 09:31:59,407.2,5172761
2021-06-21 09:32:00,407.15,5177905
2021-06-21 09:32:01,407.0,5178441
2021-06-21 09:32:02,407.15,5180146
2021-06-21 09:32:03,407.15,5182490
2021-06-21 09:32:04,407.3,5194285
2021-06-21 09:32:05,407.0,5211790
2021-06-21 09:32:06,406.9,5215116
2021-06-21 09:32:07,407.0,5216948
2021-06-21 09:32:08,407.0,5221587
2021-06-21 09:32:09,407.0,5226008
2021-06-21 09:32:09,407.0,5226209
2021-06-21 09:32:10,407.05,5228950
2021-06-21 09:32:11,406.95,5231002
2021-06-21 09:32:12,407.05,5231486
2021-06-21 09:32:13,407.2,5231975
2021-06-21 09:32:14,407.0,5234103
2021-06-21 09:32:16,407.1,5235116
2021-06-21 09:32:16,407.0,5235661
2021-06-21 09:32:17,407.1,5238561
2021-06-21 09:32:19,407.15,5239447
2021-06-21 09:32:20,407.1,5243423
2021-06-21 09:32:21,407.1,5249499
2021-06-21 09:32:21,407.15,5249899
2021-06-21 09:32:23,407.1,5253290
2021-06-21 09:32:23,407.15,5253549
2021-06-21 09:32:24,407.1,5260605
2021-06-21 09:32:25,407.3,5276265
2021-06-21 09:32:27,407.0,5283010
2021-06-21 09:32:30,407.2,5288447
2021-06-21 09:32:31,407.2,5291764
2021-06-21 09:32:32,407.4,5296068
2021-06-21 09:32:33,407.3,5304194
2021-06-21 09:32:34,407.25,5306003
2021-06-21 09:32:35,407.4,5311471
2021-06-21 09:32:36,407.5,5312228
2021-06-21 09:32:36,407.35,5312241
2021-06-21 09:32:37,407.5,5316750
2021-06-21 09:32:39,407.4,5320449
2021-06-21 09:32:40,407.5,5324024
2021-06-21 09:32:41,407.5,5324731
2021-06-21 09:32:42,407.5,5331808
2021-06-21 09:32:42,407.45,5331959
2021-06-21 09:32:43,407.45,5334221
2021-06-21 09:32:44,407.2,5340918
2021-06-21 09:32:45,407.2,5342737
2021-06-21 09:32:46,407.2,5344798
2021-06-21 09:32:47,407.2,5346566
2021-06-21 09:32:48,407.15,5347880
2021-06-21 09:32:49,407.3,5348954
2021-06-21 09:32:50,407.4,5351912
2021-06-21 09:32:51,407.45,5363187
2021-06-21 09:32:53,407.45,5364477
2021-06-21 09:32:54,407.35,5365041
2021-06-21 09:32:56,407.75,5373840
2021-06-21 09:32:57,407.7,5376808
2021-06-21 09:32:58,407.75,5377230
2021-06-21 09:32:59,407.8,5378780
2021-06-21 09:33:00,407.8,5382603
2021-06-21 09:33:01,407.75,5385782
2021-06-21 09:33:01,407.8,5385891
2021-06-21 09:33:02,407.75,5387870
2021-06-21 09:33:03,407.8,5392545
2021-06-21 09:33:04,407.75,5394268
2021-06-21 09:33:05,407.65,5396241
2021-06-21 09:33:08,407.55,5402886
2021-06-21 09:33:09,407.7,5403716
2021-06-21 09:33:10,407.7,5404418
2021-06-21 09:33:11,407.65,5405022
2021-06-21 09:33:12,407.8,5409544
2021-06-21 09:33:13,407.65,5413138
2021-06-21 09:33:14,407.9,5423496
2021-06-21 09:33:15,407.8,5432009
2021-06-21 09:33:16,407.9,5438426
2021-06-21 09:33:17,407.75,5439214
2021-06-21 09:33:19,407.85,5441869
2021-06-21 09:33:20,407.95,5449353
2021-06-21 09:33:21,407.9,5451429
2021-06-21 09:33:23,407.75,5456443
2021-06-21 09:33:23,407.7,5456711
2021-06-21 09:33:24,407.7,5461931
2021-06-21 09:33:26,407.7,5470209
2021-06-21 09:33:27,407.85,5474217
2021-06-21 09:33:27,407.85,5474388
2021-06-21 09:33:28,407.8,5478217
2021-06-21 09:33:29,407.9,5480080
2021-06-21 09:33:31,407.75,5483629
2021-06-21 09:33:32,407.75,5486299
2021-06-21 09:33:32,407.8,5487334
2021-06-21 09:33:35,407.75,5495420
2021-06-21 09:33:35,407.8,5495520
2021-06-21 09:33:36,407.75,5496656
2021-06-21 09:33:37,407.8,5501264
2021-06-21 09:33:38,407.8,5503210
2021-06-21 09:33:40,407.7,5506579
2021-06-21 09:33:41,407.8,5508862
2021-06-21 09:33:42,407.75,5510455
2021-06-21 09:33:43,407.75,5515536
2021-06-21 09:33:44,407.7,5517117
2021-06-21 09:33:45,407.7,5518162
2021-06-21 09:33:45,407.65,5518302
2021-06-21 09:33:48,407.6,5534515
2021-06-21 09:33:48,407.6,5534520
2021-06-21 09:33:49,407.6,5537976
2021-06-21 09:33:50,407.6,5542487
2021-06-21 09:33:51,407.6,5543451
2021-06-21 09:33:53,407.75,5546994
2021-06-21 09:33:55,407.7,5551600
2021-06-21 09:33:56,407.7,5556389
2021-06-21 09:33:58,407.75,5558013
2021-06-21 09:33:58,407.7,5558033
2021-06-21 09:33:59,407.75,5559816
2021-06-21 09:34:00,407.65,5561542
2021-06-21 09:34:02,407.7,5566734
2021-06-21 09:34:03,407.75,5571235
2021-06-21 09:34:04,407.55,5571888
2021-06-21 09:34:05,407.7,5573039
2021-06-21 09:34:06,407.7,5574842
2021-06-21 09:34:07,407.7,5577164
2021-06-21 09:34:08,407.7,5578326
2021-06-21 09:34:09,407.7,5580831
2021-06-21 09:34:10,407.7,5581759
2021-06-21 09:34:10,407.7,5581776
2021-06-21 09:34:11,407.65,5587452
2021-06-21 09:34:13,407.6,5588045
2021-06-21 09:34:14,407.65,5588781
2021-06-21 09:34:15,407.65,5590295
2021-06-21 09:34:16,407.55,5591341
2021-06-21 09:34:17,407.65,5594241
2021-06-21 09:34:18,407.65,5597665
2021-06-21 09:34:18,407.6,5598368
2021-06-21 09:34:20,407.6,5600967
2021-06-21 09:34:22,407.45,5604318
2021-06-21 09:34:23,407.6,5606611
2021-06-21 09:34:23,407.45,5606724
2021-06-21 09:34:24,407.4,5610433
2021-06-21 09:34:27,407.55,5612929
2021-06-21 09:34:28,407.6,5614355
2021-06-21 09:34:29,407.6,5617310
2021-06-21 09:34:29,407.6,5617510
2021-06-21 09:34:31,407.6,5622548
2021-06-21 09:34:32,407.6,5623269
2021-06-21 09:34:33,407.55,5623889
2021-06-21 09:34:33,407.55,5623902
2021-06-21 09:34:34,407.5,5624564
2021-06-21 09:34:35,407.5,5626966
2021-06-21 09:34:37,407.5,5628074
2021-06-21 09:34:38,407.6,5638500
2021-06-21 09:34:39,407.65,5639584
2021-06-21 09:34:40,407.7,5643000
2021-06-21 09:34:41,407.55,5643381
2021-06-21 09:34:42,407.65,5644725
2021-06-21 09:34:43,407.5,5647066
2021-06-21 09:34:44,407.5,5647239
2021-06-21 09:34:45,407.4,5647750
2021-06-21 09:34:46,407.5,5650884
2021-06-21 09:34:47,407.45,5652428
2021-06-21 09:34:48,407.4,5653382
2021-06-21 09:34:50,407.4,5655419
2021-06-21 09:34:51,407.45,5655874
2021-06-21 09:34:52,407.4,5656376
2021-06-21 09:34:53,407.45,5657950
2021-06-21 09:34:54,407.45,5658614
2021-06-21 09:34:55,407.45,5659340
2021-06-21 09:34:56,407.5,5662178
2021-06-21 09:34:56,407.4,5662253
2021-06-21 09:34:57,407.45,5662643
2021-06-21 09:34:59,407.45,5662871
2021-06-21 09:35:00,407.45,5664498
2021-06-21 09:35:01,407.4,5666673
2021-06-21 09:35:02,407.5,5699055
2021-06-21 09:35:03,407.2,5701940
2021-06-21 09:35:04,407.4,5707587
2021-06-21 09:35:05,407.0,5714820
2021-06-21 09:35:06,407.15,5716114
2021-06-21 09:35:07,407.05,5716722
2021-06-21 09:35:08,407.2,5717867
2021-06-21 09:35:09,407.15,5718278
2021-06-21 09:35:10,407.1,5718943
2021-06-21 09:35:11,407.1,5719354
2021-06-21 09:35:11,407.0,5719390
2021-06-21 09:35:13,407.15,5721061
2021-06-21 09:35:13,407.2,5721066
2021-06-21 09:35:15,407.2,5723847
2021-06-21 09:35:16,407.15,5725820
2021-06-21 09:35:17,407.3,5726997
2021-06-21 09:35:18,407.3,5727275
2021-06-21 09:35:19,407.3,5727498
2021-06-21 09:35:20,407.3,5728546
2021-06-21 09:35:21,407.3,5731130
2021-06-21 09:35:22,407.35,5732289
2021-06-21 09:35:23,407.25,5732778
2021-06-21 09:35:24,407.35,5734214
2021-06-21 09:35:25,407.25,5734367
2021-06-21 09:35:26,407.3,5734785
2021-06-21 09:35:27,407.25,5734916
2021-06-21 09:35:27,407.3,5735417
2021-06-21 09:35:29,407.3,5736629
2021-06-21 09:35:29,407.3,5736850
2021-06-21 09:35:30,407.3,5737694
2021-06-21 09:35:32,407.2,5738317
2021-06-21 09:35:33,407.2,5738744
2021-06-21 09:35:34,407.25,5738929
2021-06-21 09:35:35,407.25,5739681
2021-06-21 09:35:36,407.2,5740701
2021-06-21 09:35:37,407.25,5742539
2021-06-21 09:35:38,407.1,5745671
2021-06-21 09:35:39,407.25,5747253
2021-06-21 09:35:40,407.25,5749039
2021-06-21 09:35:40,407.2,5749239
2021-06-21 09:35:41,407.2,5749488
2021-06-21 09:35:42,407.2,5749724
2021-06-21 09:35:44,407.2,5749872
2021-06-21 09:35:45,407.1,5750460
2021-06-21 09:35:46,407.2,5752943
2021-06-21 09:35:47,407.1,5756960
2021-06-21 09:35:48,407.1,5759504
2021-06-21 09:35:49,406.8,5807097
2021-06-21 09:35:50,406.9,5817321
2021-06-21 09:35:51,406.7,5819082
2021-06-21 09:35:52,406.95,5825964
2021-06-21 09:35:53,406.65,5828948
2021-06-21 09:35:54,406.65,5830613
2021-06-21 09:35:55,406.65,5835796
2021-06-21 09:35:56,406.7,5836799
2021-06-21 09:35:57,406.5,5837165
2021-06-21 09:35:59,406.7,5840380
2021-06-21 09:36:00,406.7,5842901
2021-06-21 09:36:02,406.95,5850938
2021-06-21 09:36:03,406.9,5852903
2021-06-21 09:36:03,406.9,5852903
2021-06-21 09:36:05,407.0,5853951
2021-06-21 09:36:06,406.95,5856276
2021-06-21 09:36:07,406.95,5857450
2021-06-21 09:36:08,407.1,5858266
2021-06-21 09:36:09,407.05,5859439
2021-06-21 09:36:09,407.05,5859440
2021-06-21 09:36:10,407.05,5859708
2021-06-21 09:36:12,407.0,5860149
2021-06-21 09:36:13,407.1,5860981
2021-06-21 09:36:15,407.25,5866136
2021-06-21 09:36:16,407.25,5870335
2021-06-21 09:36:17,407.3,5875827
2021-06-21 09:36:18,407.5,5879188
2021-06-21 09:36:19,407.5,5879566
2021-06-21 09:36:20,407.5,5879766
2021-06-21 09:36:21,407.45,5880320
2021-06-21 09:36:22,407.5,5884461
2021-06-21 09:36:23,407.3,5890214
2021-06-21 09:36:24,407.1,5890923
2021-06-21 09:36:25,407.05,5892122
2021-06-21 09:36:26,407.25,5893751
2021-06-21 09:36:27,407.3,5895700
2021-06-21 09:36:27,407.3,5895710
2021-06-21 09:36:29,407.4,5896848
2021-06-21 09:36:30,407.25,5896897
2021-06-21 09:36:31,407.15,5899049
2021-06-21 09:36:32,407.0,5905299
2021-06-21 09:36:33,407.15,5905954
2021-06-21 09:36:34,407.0,5906273
2021-06-21 09:36:35,407.0,5911128
2021-06-21 09:36:36,407.1,5912961
2021-06-21 09:36:37,407.0,5914689
2021-06-21 09:36:37,407.0,5915246
2021-06-21 09:36:38,407.0,5916156
2021-06-21 09:36:42,407.05,5920472
2021-06-21 09:36:43,407.15,5924257
2021-06-21 09:36:44,407.15,5924345
2021-06-21 09:36:45,407.15,5925020
2021-06-21 09:36:46,407.0,5944867
2021-06-21 09:36:47,406.95,5950082
2021-06-21 09:36:47,406.95,5950254
2021-06-21 09:36:49,406.9,5954101
2021-06-21 09:36:50,406.8,5957650
2021-06-21 09:36:51,406.85,5959363
2021-06-21 09:36:52,406.8,5959553
2021-06-21 09:36:54,406.9,5962175
2021-06-21 09:36:53,406.9,5962175
2021-06-21 09:36:55,406.9,5962740
2021-06-21 09:36:56,406.9,5963301
2021-06-21 09:36:57,406.85,5964610
2021-06-21 09:36:58,406.9,5964726
2021-06-21 09:37:00,407.1,5971679
2021-06-21 09:37:01,407.1,5973950
2021-06-21 09:37:02,407.0,5974500
2021-06-21 09:37:03,407.05,5974972
2021-06-21 09:37:04,407.0,5975001
2021-06-21 09:37:05,407.0,5975608
2021-06-21 09:37:07,406.9,5982845
2021-06-21 09:37:08,407.0,5984120
2021-06-21 09:37:09,407.05,5984643
2021-06-21 09:37:10,407.05,5985980
2021-06-21 09:37:12,407.1,5989087
2021-06-21 09:37:13,406.9,5990501
2021-06-21 09:37:14,406.9,5993133
2021-06-21 09:37:15,407.0,5993783
2021-06-21 09:37:16,407.0,5993850
2021-06-21 09:37:17,407.0,5994283
2021-06-21 09:37:18,407.0,5995654
2021-06-21 09:37:19,406.95,5996091
2021-06-21 09:37:20,406.95,5996190
2021-06-21 09:37:21,406.9,6002732
2021-06-21 09:37:22,406.75,6002888
2021-06-21 09:37:23,406.85,6005307
2021-06-21 09:37:24,406.85,6005759
2021-06-21 09:37:25,406.9,6009922
2021-06-21 09:37:26,406.9,6010404
2021-06-21 09:37:27,406.85,6010551
2021-06-21 09:37:28,406.8,6010587
2021-06-21 09:37:30,406.9,6011536
2021-06-21 09:37:31,406.9,6012219
2021-06-21 09:37:32,406.75,6013438
2021-06-21 09:37:33,406.9,6013706
2021-06-21 09:37:34,406.8,6015905
2021-06-21 09:37:35,406.8,6016069
2021-06-21 09:37:36,406.8,6016069
2021-06-21 09:37:37,406.75,6019489
2021-06-21 09:37:38,406.9,6021395
2021-06-21 09:37:39,406.95,6022219
2021-06-21 09:37:40,406.8,6023163
2021-06-21 09:37:41,406.8,6024316
2021-06-21 09:37:42,406.75,6024352
2021-06-21 09:37:43,406.8,6025091
2021-06-21 09:37:45,406.8,6027033
2021-06-21 09:37:46,406.75,6029017
2021-06-21 09:37:47,406.65,6031173
2021-06-21 09:37:48,406.7,6032123
2021-06-21 09:37:49,406.55,6036471
2021-06-21 09:37:50,406.5,6038526
2021-06-21 09:37:51,406.5,6039849
2021-06-21 09:37:52,406.5,6041587
2021-06-21 09:37:53,406.5,6063198
2021-06-21 09:37:54,406.5,6063968
2021-06-21 09:37:55,406.7,6064448
2021-06-21 09:37:56,406.8,6067568
2021-06-21 09:37:57,406.8,6068132
2021-06-21 09:37:58,406.9,6069086
2021-06-21 09:37:59,406.9,6069438
2021-06-21 09:38:00,406.85,6069862
2021-06-21 09:38:01,406.9,6073565
2021-06-21 09:38:02,407.0,6078491
2021-06-21 09:38:03,407.0,6079958
2021-06-21 09:38:04,406.9,6080239
2021-06-21 09:38:05,407.0,6080749
2021-06-21 09:38:06,406.9,6081212
2021-06-21 09:38:07,406.9,6081215
2021-06-21 09:38:08,406.85,6082833
2021-06-21 09:38:09,406.9,6083403
2021-06-21 09:38:10,406.8,6083976
2021-06-21 09:38:11,406.9,6084218
2021-06-21 09:38:12,407.0,6090681
2021-06-21 09:38:13,406.95,6091604
2021-06-21 09:38:14,406.95,6091604
2021-06-21 09:38:15,407.0,6091734
2021-06-21 09:38:16,406.9,6094123
2021-06-21 09:38:17,406.95,6094822
2021-06-21 09:38:18,407.0,6096440
2021-06-21 09:38:19,407.0,6101820
2021-06-21 09:38:20,407.0,6103844
2021-06-21 09:38:21,406.9,6105569
2021-06-21 09:38:22,406.8,6106018
2021-06-21 09:38:23,406.9,6106039
2021-06-21 09:38:24,406.9,6106062
2021-06-21 09:38:25,406.9,6106087
2021-06-21 09:38:26,407.0,6107078
2021-06-21 09:38:27,407.0,6108311
2021-06-21 09:38:28,407.0,6108369
2021-06-21 09:38:29,407.0,6109818
2021-06-21 09:38:30,406.9,6113120
2021-06-21 09:38:31,407.2,6118047
2021-06-21 09:38:32,407.05,6119975
2021-06-21 09:38:33,407.15,6120057
2021-06-21 09:38:34,407.1,6121238
2021-06-21 09:38:35,407.1,6121338
2021-06-21 09:38:36,407.25,6122137
2021-06-21 09:38:37,407.3,6122699
2021-06-21 09:38:38,407.3,6125115
2021-06-21 09:38:39,407.25,6125406
2021-06-21 09:38:40,407.3,6126595
2021-06-21 09:38:41,407.3,6126595
2021-06-21 09:38:42,407.25,6126898
2021-06-21 09:38:43,407.3,6128102
2021-06-21 09:38:44,407.3,6129737
2021-06-21 09:38:45,407.2,6131243
2021-06-21 09:38:46,407.3,6131682
2021-06-21 09:38:47,407.15,6131937
2021-06-21 09:38:48,407.35,6134956
2021-06-21 09:38:49,407.35,6135146
2021-06-21 09:38:50,407.35,6135445
2021-06-21 09:38:51,407.5,6137964
2021-06-21 09:38:52,407.35,6138016
2021-06-21 09:38:53,407.35,6138649
2021-06-21 09:38:54,407.5,6140464
2021-06-21 09:38:55,407.5,6141805
2021-06-21 09:38:56,407.5,6142182
2021-06-21 09:38:57,407.35,6143182
2021-06-21 09:38:58,407.5,6143349
2021-06-21 09:38:59,407.5,6144394
2021-06-21 09:39:00,407.5,6145122
2021-06-21 09:39:01,407.5,6145820
2021-06-21 09:39:03,407.5,6148979
2021-06-21 09:39:04,407.45,6150565
2021-06-21 09:39:05,407.5,6153180
2021-06-21 09:39:06,407.5,6153704
2021-06-21 09:39:07,407.65,6189281
2021-06-21 09:39:07,407.65,6189306
2021-06-21 09:39:11,408.0,6230127
2021-06-21 09:39:12,408.0,6234502
2021-06-21 09:39:14,407.9,6235212
2021-06-21 09:39:15,408.45,6297896
2021-06-21 09:39:15,408.5,6297983
2021-06-21 09:39:16,408.75,6311189
2021-06-21 09:39:17,408.8,6313776
2021-06-21 09:39:18,408.7,6316852
2021-06-21 09:39:19,408.65,6318529
2021-06-21 09:39:21,408.3,6321475
2021-06-21 09:39:22,408.4,6325116
2021-06-21 09:39:23,408.25,6326870
2021-06-21 09:39:23,408.35,6327570
2021-06-21 09:39:24,408.1,6330787
2021-06-21 09:39:25,408.25,6331727
2021-06-21 09:39:26,408.4,6335991
2021-06-21 09:39:27,408.5,6339172
2021-06-21 09:39:29,408.5,6344675
2021-06-21 09:39:30,408.45,6376387
2021-06-21 09:39:31,408.45,6379658
2021-06-21 09:39:32,408.5,6380834
2021-06-21 09:39:33,408.65,6383396
2021-06-21 09:39:34,408.55,6398030
2021-06-21 09:39:36,408.65,6402860
2021-06-21 09:39:36,408.3,6404202
2021-06-21 09:39:37,408.5,6406488
2021-06-21 09:39:38,408.7,6410804
2021-06-21 09:39:39,408.65,6411258
2021-06-21 09:39:40,408.5,6411888
2021-06-21 09:39:42,408.6,6418160
2021-06-21 09:39:43,408.45,6424517
2021-06-21 09:39:44,408.5,6427357
2021-06-21 09:39:45,408.35,6430432
2021-06-21 09:39:46,408.6,6435085
2021-06-21 09:39:50,408.45,6439666
2021-06-21 09:39:51,408.5,6441262
2021-06-21 09:39:52,408.45,6444551
2021-06-21 09:39:53,408.35,6449385
2021-06-21 09:39:54,408.3,6450512
2021-06-21 09:39:55,408.15,6453666
2021-06-21 09:39:55,408.3,6453261
2021-06-21 09:39:56,408.3,6454649
2021-06-21 09:39:57,408.2,6457203
2021-06-21 09:39:58,408.35,6457680
2021-06-21 09:39:59,408.3,6457911
2021-06-21 09:40:00,408.25,6459673
2021-06-21 09:40:01,408.35,6460739
2021-06-21 09:40:02,408.35,6461807
2021-06-21 09:40:03,408.35,6464575
2021-06-21 09:40:04,408.45,6466269
2021-06-21 09:40:05,408.5,6467974
2021-06-21 09:40:06,408.4,6468239
2021-06-21 09:40:07,408.35,6470445
2021-06-21 09:40:08,408.4,6470647
2021-06-21 09:40:09,408.5,6481580
2021-06-21 09:40:10,408.55,6483438
2021-06-21 09:40:11,408.6,6489169
2021-06-21 09:40:12,408.65,6490399
2021-06-21 09:40:13,408.35,6495800
2021-06-21 09:40:14,408.6,6502451
2021-06-21 09:40:15,408.4,6503598
2021-06-21 09:40:16,408.55,6507434
2021-06-21 09:40:17,408.5,6508705
2021-06-21 09:40:19,408.45,6510523
2021-06-21 09:40:20,408.5,6511955
2021-06-21 09:40:21,408.55,6512741
2021-06-21 09:40:22,408.4,6518737
2021-06-21 09:40:24,408.3,6526692
2021-06-21 09:40:25,408.2,6528093
2021-06-21 09:40:26,408.35,6530356
2021-06-21 09:40:27,408.35,6530877
2021-06-21 09:40:28,408.3,6531380
2021-06-21 09:40:29,408.4,6532514
2021-06-21 09:40:30,408.35,6533621
2021-06-21 09:40:31,408.35,6538523
2021-06-21 09:40:32,408.35,6540832
2021-06-21 09:40:33,408.4,6541350
2021-06-21 09:40:34,408.3,6541808
2021-06-21 09:40:35,408.25,6542768
2021-06-21 09:40:37,408.3,6544001
2021-06-21 09:40:38,408.25,6545454
2021-06-21 09:40:38,408.2,6545966
2021-06-21 09:40:39,408.2,6546535
2021-06-21 09:40:40,408.2,6547709
2021-06-21 09:40:41,408.25,6563339
2021-06-21 09:40:42,408.15,6565499
2021-06-21 09:40:43,408.15,6565800
2021-06-21 09:40:44,408.25,6566224
2021-06-21 09:40:45,408.2,6568966
2021-06-21 09:40:46,408.25,6569902
2021-06-21 09:40:47,408.15,6570089
2021-06-21 09:40:48,408.15,6571294
2021-06-21 09:40:49,408.1,6571440
2021-06-21 09:40:50,408.1,6575660
2021-06-21 09:40:52,407.9,6596035
2021-06-21 09:40:53,407.95,6606225
2021-06-21 09:40:54,408.0,6608427
2021-06-21 09:40:56,407.9,6614478
2021-06-21 09:40:56,407.8,6614692
2021-06-21 09:40:57,407.8,6616467
2021-06-21 09:40:58,407.8,6617292
2021-06-21 09:40:59,407.8,6618726
2021-06-21 09:41:00,407.7,6619362
2021-06-21 09:41:01,407.8,6621874
2021-06-21 09:41:02,407.8,6622476
2021-06-21 09:41:03,407.65,6623175
2021-06-21 09:41:04,407.8,6624181
2021-06-21 09:41:05,407.7,6624382
2021-06-21 09:41:06,407.65,6624953
2021-06-21 09:41:07,407.8,6626563
2021-06-21 09:41:08,407.85,6627249
2021-06-21 09:41:09,407.85,6628621
2021-06-21 09:41:10,407.85,6629919
2021-06-21 09:41:12,407.8,6630296
2021-06-21 09:41:13,407.9,6632951
2021-06-21 09:41:14,407.9,6633011
2021-06-21 09:41:15,407.9,6633150
2021-06-21 09:41:16,407.95,6644642
2021-06-21 09:41:17,407.95,6645218
2021-06-21 09:41:18,407.9,6646926
2021-06-21 09:41:19,408.0,6649000
2021-06-21 09:41:20,407.95,6649106
2021-06-21 09:41:21,407.85,6652824
2021-06-21 09:41:22,408.0,6655321
2021-06-21 09:41:23,408.0,6655457
2021-06-21 09:41:23,408.0,6655521
2021-06-21 09:41:24,408.0,6655572
2021-06-21 09:41:25,408.0,6658429
2021-06-21 09:41:26,408.0,6658621
2021-06-21 09:41:27,408.0,6659621
2021-06-21 09:41:28,408.0,6660615
2021-06-21 09:41:31,408.1,6670939
2021-06-21 09:41:32,408.05,6672160
2021-06-21 09:41:33,408.1,6672707
2021-06-21 09:41:34,408.15,6678006
2021-06-21 09:41:35,408.05,6680257
2021-06-21 09:41:35,408.15,6680307
2021-06-21 09:41:36,408.05,6680929
2021-06-21 09:41:37,408.15,6683834
2021-06-21 09:41:38,408.25,6685949
2021-06-21 09:41:40,408.2,6688689
2021-06-21 09:41:42,408.15,6688904
2021-06-21 09:41:43,408.25,6689764
2021-06-21 09:41:44,408.15,6690450
2021-06-21 09:41:45,408.25,6691055
2021-06-21 09:41:46,408.15,6692027
2021-06-21 09:41:46,408.25,6692295
2021-06-21 09:41:47,408.25,6694285
2021-06-21 09:41:48,408.25,6695917
2021-06-21 09:41:50,408.15,6696390
2021-06-21 09:41:51,408.2,6696529
2021-06-21 09:41:52,408.15,6700155
2021-06-21 09:41:52,408.2,6698268
2021-06-21 09:41:53,408.15,6703130
2021-06-21 09:41:54,408.05,6705278
2021-06-21 09:41:55,408.1,6708364
2021-06-21 09:41:56,408.05,6710014
2021-06-21 09:41:57,408.15,6710663
2021-06-21 09:41:58,408.0,6711898
2021-06-21 09:41:59,408.05,6713633
2021-06-21 09:42:00,408.15,6715281
2021-06-21 09:42:01,408.1,6731211
2021-06-21 09:42:04,408.1,6732355
2021-06-21 09:42:04,408.15,6735461
2021-06-21 09:42:06,408.1,6742676
2021-06-21 09:42:07,408.1,6748779
2021-06-21 09:42:08,408.25,6749040
2021-06-21 09:42:09,408.25,6750856
2021-06-21 09:42:09,408.25,6750861
2021-06-21 09:42:10,408.35,6752705
2021-06-21 09:42:11,408.2,6752938
2021-06-21 09:42:12,408.4,6756932
2021-06-21 09:42:13,408.45,6757491
2021-06-21 09:42:15,408.4,6759134
2021-06-21 09:42:17,408.4,6760590
2021-06-21 09:42:18,408.4,6762035
2021-06-21 09:42:19,408.4,6763212
2021-06-21 09:42:20,408.4,6766184
2021-06-21 09:42:21,408.3,6767333
2021-06-21 09:42:21,408.4,6771820
2021-06-21 09:42:22,408.35,6772962
2021-06-21 09:42:23,408.2,6776523
2021-06-21 09:42:24,408.1,6779029
2021-06-21 09:42:25,408.2,6779060
2021-06-21 09:42:26,408.35,6781180
2021-06-21 09:42:28,408.3,6782010
2021-06-21 09:42:29,408.4,6783305
2021-06-21 09:42:30,408.3,6785504
2021-06-21 09:42:32,408.3,6789724
2021-06-21 09:42:33,408.2,6790992
2021-06-21 09:42:35,408.15,6796172
2021-06-21 09:42:36,408.3,6798491
2021-06-21 09:42:37,408.2,6799614
2021-06-21 09:42:39,408.3,6800140
2021-06-21 09:42:40,408.3,6801089
2021-06-21 09:42:41,408.25,6801289
2021-06-21 09:42:41,408.2,6801562
2021-06-21 09:42:43,408.25,6801631
2021-06-21 09:42:44,408.35,6802802
2021-06-21 09:42:44,408.4,6803481
2021-06-21 09:42:45,408.2,6804199
2021-06-21 09:42:47,408.3,6805864
2021-06-21 09:42:48,408.25,6806609
2021-06-21 09:42:48,408.25,6806609
2021-06-21 09:42:49,408.15,6809010
2021-06-21 09:42:50,408.1,6814741
2021-06-21 09:42:51,408.1,6816327
2021-06-21 09:42:52,408.15,6817783
2021-06-21 09:42:53,408.15,6821993
2021-06-21 09:42:54,408.15,6822364
2021-06-21 09:42:56,408.2,6823999
2021-06-21 09:42:57,408.05,6825262
2021-06-21 09:42:58,408.2,6825753
2021-06-21 09:42:58,408.2,6825754
2021-06-21 09:42:59,408.2,6826091
2021-06-21 09:43:00,408.1,6827956
2021-06-21 09:43:01,408.15,6830019
2021-06-21 09:43:03,408.15,6830422
2021-06-21 09:43:04,408.15,6831850
2021-06-21 09:43:06,408.1,6832713
2021-06-21 09:43:06,408.1,6832753
2021-06-21 09:43:08,408.15,6836542
2021-06-21 09:43:09,408.05,6837254
2021-06-21 09:43:10,408.15,6837449
2021-06-21 09:43:12,408.15,6838759
2021-06-21 09:43:13,408.1,6839875
2021-06-21 09:43:14,408.15,6840134
2021-06-21 09:43:15,408.2,6842300
2021-06-21 09:43:16,408.15,6843487
2021-06-21 09:43:17,408.15,6844857
2021-06-21 09:43:18,408.05,6845051
2021-06-21 09:43:19,408.1,6845112
2021-06-21 09:43:19,408.05,6845117
2021-06-21 09:43:20,408.1,6846982
2021-06-21 09:43:22,408.1,6847517
2021-06-21 09:43:23,408.1,6848939
2021-06-21 09:43:24,408.25,6849472
2021-06-21 09:43:25,408.25,6850411
2021-06-21 09:43:26,408.25,6850673
2021-06-21 09:43:27,408.25,6854393
2021-06-21 09:43:29,408.15,6856353
2021-06-21 09:43:30,408.2,6857093
2021-06-21 09:43:31,408.05,6857541
2021-06-21 09:43:32,408.15,6857651
2021-06-21 09:43:33,408.2,6857837
2021-06-21 09:43:34,408.15,6857990
2021-06-21 09:43:35,408.2,6858581
2021-06-21 09:43:36,408.2,6858877
2021-06-21 09:43:37,408.15,6859076
2021-06-21 09:43:39,408.15,6862452
2021-06-21 09:43:41,408.1,6872852
2021-06-21 09:43:42,408.1,6874686
2021-06-21 09:43:43,408.05,6875480
2021-06-21 09:43:44,408.1,6875762
2021-06-21 09:43:45,408.1,6875807
2021-06-21 09:43:46,408.1,6877753
2021-06-21 09:43:48,408.1,6882067
2021-06-21 09:43:49,408.05,6883195
2021-06-21 09:43:49,408.1,6883295
2021-06-21 09:43:50,408.1,6884782
2021-06-21 09:43:51,408.15,6885912
2021-06-21 09:43:53,408.2,6887615
2021-06-21 09:43:54,408.2,6888460
2021-06-21 09:43:55,408.05,6889095
2021-06-21 09:43:56,408.1,6889475
2021-06-21 09:43:57,408.15,6890043
2021-06-21 09:43:58,408.2,6890436
2021-06-21 09:43:59,408.15,6896383
2021-06-21 09:44:00,408.15,6897212
2021-06-21 09:44:01,408.15,6898692
2021-06-21 09:44:02,408.15,6899421
2021-06-21 09:44:03,408.15,6901271
2021-06-21 09:44:04,408.2,6903869
2021-06-21 09:44:04,408.2,6903869
2021-06-21 09:44:05,408.2,6904744
2021-06-21 09:44:06,408.25,6905651
2021-06-21 09:44:09,408.2,6907809
2021-06-21 09:44:10,408.25,6909635
2021-06-21 09:44:11,408.1,6912003
2021-06-21 09:44:12,408.2,6912060
2021-06-21 09:44:13,408.15,6917018
2021-06-21 09:44:14,408.05,6962434
2021-06-21 09:44:14,408.05,6962547
2021-06-21 09:44:15,408.05,6963031
2021-06-21 09:44:16,407.85,6965085
2021-06-21 09:44:17,408.0,6966025
2021-06-21 09:44:19,407.85,6966223
2021-06-21 09:44:20,407.9,6973760
2021-06-21 09:44:21,407.9,6975212
2021-06-21 09:44:22,407.95,6975852
2021-06-21 09:44:23,407.95,6976758
2021-06-21 09:44:24,407.85,6977132
2021-06-21 09:44:25,407.85,6977557
2021-06-21 09:44:25,407.75,6977657
2021-06-21 09:44:26,407.85,6978063
2021-06-21 09:44:28,407.7,6986095
2021-06-21 09:44:29,407.65,6986198
2021-06-21 09:44:30,407.75,6991288
2021-06-21 09:44:31,407.85,6992399
2021-06-21 09:44:32,407.65,6994648
2021-06-21 09:44:33,407.55,6997841
2021-06-21 09:44:34,407.4,7006074
2021-06-21 09:44:34,407.4,7006074
2021-06-21 09:44:35,407.55,7006203
2021-06-21 09:44:36,407.45,7008490
2021-06-21 09:44:38,407.7,7009427
2021-06-21 09:44:39,407.55,7010634
2021-06-21 09:44:40,407.45,7011137
2021-06-21 09:44:41,407.7,7011355
2021-06-21 09:44:42,407.6,7012431
2021-06-21 09:44:43,407.75,7012584
2021-06-21 09:44:44,407.75,7013135
2021-06-21 09:44:45,407.7,7013219
2021-06-21 09:44:45,407.7,7013220
2021-06-21 09:44:46,407.7,7013271
2021-06-21 09:44:47,407.8,7019441
2021-06-21 09:44:49,407.8,7020014
2021-06-21 09:44:50,407.85,7021676
2021-06-21 09:44:51,407.9,7022133
2021-06-21 09:44:52,407.9,7022739
2021-06-21 09:44:53,407.9,7023247
2021-06-21 09:44:54,407.9,7024944
2021-06-21 09:44:55,407.85,7025649
2021-06-21 09:44:56,407.8,7026676
2021-06-21 09:44:57,408.0,7029155
2021-06-21 09:44:58,407.8,7029610
2021-06-21 09:44:59,407.9,7029764
2021-06-21 09:45:00,407.9,7030256
2021-06-21 09:45:01,407.85,7031874
2021-06-21 09:45:02,407.8,7032499
2021-06-21 09:45:02,407.9,7033105
2021-06-21 09:45:03,407.8,7033155
2021-06-21 09:45:04,407.8,7033450
2021-06-21 09:45:06,407.85,7034217
2021-06-21 09:45:07,407.8,7038970
2021-06-21 09:45:08,407.8,7043074
2021-06-21 09:45:08,407.75,7043004
2021-06-21 09:45:09,407.7,7043407
2021-06-21 09:45:12,407.6,7054885
2021-06-21 09:45:13,407.65,7056536
2021-06-21 09:45:14,407.45,7057214
2021-06-21 09:45:15,407.35,7064676
2021-06-21 09:45:16,407.3,7065164
2021-06-21 09:45:17,407.3,7067196
2021-06-21 09:45:18,407.35,7069272
2021-06-21 09:45:19,407.25,7070133
2021-06-21 09:45:20,407.35,7071277
2021-06-21 09:45:26,407.45,7079312
2021-06-21 09:45:27,407.45,7079524
2021-06-21 09:45:28,407.5,7079546
2021-06-21 09:45:28,407.5,7079546
2021-06-21 09:45:29,407.5,7079839
2021-06-21 09:45:30,407.4,7080333
2021-06-21 09:45:31,407.45,7081087
2021-06-21 09:45:32,407.5,7081380
2021-06-21 09:45:34,407.4,7081912
2021-06-21 09:45:35,407.45,7084406
2021-06-21 09:45:36,407.45,7084954
2021-06-21 09:45:37,407.3,7088075
2021-06-21 09:45:38,407.2,7094136
2021-06-21 09:45:39,407.3,7094670
2021-06-21 09:45:40,407.2,7095021
2021-06-21 09:45:41,407.3,7096192
2021-06-21 09:45:42,407.25,7097257
2021-06-21 09:45:42,407.2,7097002
2021-06-21 09:45:43,407.25,7097756
2021-06-21 09:45:45,407.15,7099343
2021-06-21 09:45:46,407.25,7099560
2021-06-21 09:45:47,407.25,7100167
2021-06-21 09:45:48,407.25,7101279
2021-06-21 09:45:49,407.2,7101991
2021-06-21 09:45:52,407.25,7110091
2021-06-21 09:45:54,407.2,7111617
2021-06-21 09:45:57,407.3,7113533
2021-06-21 09:45:57,407.3,7113533
2021-06-21 09:45:58,407.35,7113745
2021-06-21 09:46:00,407.45,7121093
2021-06-21 09:46:01,407.55,7122491
2021-06-21 09:46:02,407.8,7123857
2021-06-21 09:46:03,407.85,7124038
2021-06-21 09:46:04,407.65,7125513
2021-06-21 09:46:05,407.55,7128591
2021-06-21 09:46:06,407.65,7129561
2021-06-21 09:46:07,407.7,7131079
2021-06-21 09:46:08,407.5,7131450
2021-06-21 09:46:08,407.65,7131463
2021-06-21 09:46:10,407.65,7133273
2021-06-21 09:46:11,407.55,7133441
2021-06-21 09:46:11,407.55,7133450
2021-06-21 09:46:12,407.8,7135416
2021-06-21 09:46:14,407.8,7135818
2021-06-21 09:46:15,407.7,7136108
2021-06-21 09:46:16,407.75,7137461
2021-06-21 09:46:17,407.8,7138277
2021-06-21 09:46:18,407.75,7138308
2021-06-21 09:46:19,407.75,7140318
2021-06-21 09:46:20,407.75,7140759
2021-06-21 09:46:22,407.4,7147378
2021-06-21 09:46:22,407.4,7147478
2021-06-21 09:46:24,407.45,7148486
2021-06-21 09:46:26,407.5,7149370
2021-06-21 09:46:27,407.3,7150544
2021-06-21 09:46:27,407.5,7150703
2021-06-21 09:46:29,407.5,7152986
2021-06-21 09:46:30,407.45,7153317
2021-06-21 09:46:31,407.5,7156143
2021-06-21 09:46:32,407.5,7161193
2021-06-21 09:46:33,407.3,7168351
2021-06-21 09:46:34,407.3,7169036
2021-06-21 09:46:35,407.3,7169486
2021-06-21 09:46:36,407.3,7170676
2021-06-21 09:46:37,407.35,7184242
2021-06-21 09:46:38,407.4,7185671
2021-06-21 09:46:39,407.25,7191011
2021-06-21 09:46:40,407.25,7193459
2021-06-21 09:46:41,407.3,7194501
2021-06-21 09:46:42,407.4,7202246
2021-06-21 09:46:43,407.35,7202825
2021-06-21 09:46:44,407.3,7203611
2021-06-21 09:46:45,407.45,7209152
2021-06-21 09:46:46,407.45,7209267
2021-06-21 09:46:47,407.35,7209396
2021-06-21 09:46:48,407.45,7209424
2021-06-21 09:46:49,407.45,7209454
2021-06-21 09:46:50,407.45,7209634
2021-06-21 09:46:50,407.45,7209659
2021-06-21 09:46:51,407.4,7210859
2021-06-21 09:46:53,407.45,7210973
2021-06-21 09:46:55,407.4,7212831
2021-06-21 09:46:56,407.45,7215808
2021-06-21 09:46:57,407.4,7216120
2021-06-21 09:47:01,407.65,7225110
2021-06-21 09:47:01,407.5,7225172
2021-06-21 09:47:02,407.55,7226333
2021-06-21 09:47:03,407.5,7227157
2021-06-21 09:47:04,407.5,7227163
2021-06-21 09:47:06,407.5,7228247
2021-06-21 09:47:07,407.45,7229135
2021-06-21 09:47:08,407.45,7229430
2021-06-21 09:47:09,407.45,7229730
2021-06-21 09:47:10,407.4,7230514
2021-06-21 09:47:11,407.5,7237126
2021-06-21 09:47:14,407.4,7245052
2021-06-21 09:47:15,407.5,7245275
2021-06-21 09:47:16,407.45,7246270
2021-06-21 09:47:17,407.4,7248316
2021-06-21 09:47:17,407.4,7248326
2021-06-21 09:47:18,407.4,7248658
2021-06-21 09:47:20,407.4,7250512
2021-06-21 09:47:21,407.3,7251335
2021-06-21 09:47:22,407.3,7254502
2021-06-21 09:47:23,407.3,7259622
2021-06-21 09:47:24,407.05,7267729
2021-06-21 09:47:24,407.15,7267779
2021-06-21 09:47:26,407.05,7268562
2021-06-21 09:47:26,407.05,7268794
2021-06-21 09:47:28,407.15,7269028
2021-06-21 09:47:29,407.4,7272230
2021-06-21 09:47:30,407.3,7272874
2021-06-21 09:47:31,407.35,7275055
2021-06-21 09:47:32,407.4,7275072
2021-06-21 09:47:33,407.4,7275122
2021-06-21 09:47:34,407.4,7275122
2021-06-21 09:47:35,407.35,7275718
2021-06-21 09:47:36,407.4,7279194
2021-06-21 09:47:37,407.5,7280249
2021-06-21 09:47:38,407.5,7283157
2021-06-21 09:47:39,407.5,7283960
2021-06-21 09:47:40,407.35,7284207
2021-06-21 09:47:41,407.5,7284667
2021-06-21 09:47:42,407.45,7285077
2021-06-21 09:47:43,407.55,7287897
2021-06-21 09:47:44,407.5,7293839
2021-06-21 09:47:45,407.55,7294830
2021-06-21 09:47:46,407.55,7295185
2021-06-21 09:47:47,407.5,7296586
2021-06-21 09:47:49,407.6,7296686
2021-06-21 09:47:48,407.6,7296684
2021-06-21 09:47:50,407.5,7298682
2021-06-21 09:47:51,407.6,7298832
2021-06-21 09:47:52,407.55,7299783
2021-06-21 09:47:53,407.5,7300592
2021-06-21 09:47:54,407.35,7301688
2021-06-21 09:47:55,407.4,7302879
2021-06-21 09:47:56,407.35,7303185
2021-06-21 09:47:57,407.2,7310274
2021-06-21 09:47:58,407.4,7310678
2021-06-21 09:47:59,407.35,7311613
2021-06-21 09:48:00,407.3,7312565
2021-06-21 09:48:01,407.3,7313467
2021-06-21 09:48:02,407.3,7313548
2021-06-21 09:48:03,407.25,7313947
2021-06-21 09:48:04,407.2,7314541
2021-06-21 09:48:05,407.2,7315414
2021-06-21 09:48:06,407.1,7315686
2021-06-21 09:48:07,407.25,7320502
2021-06-21 09:48:08,407.2,7320546
2021-06-21 09:48:09,407.25,7321462
2021-06-21 09:48:10,407.25,7322397
2021-06-21 09:48:11,407.25,7322932
2021-06-21 09:48:12,407.3,7324681
2021-06-21 09:48:13,407.2,7325274
2021-06-21 09:48:14,407.2,7326043
2021-06-21 09:48:16,407.15,7338370
2021-06-21 09:48:17,407.1,7338371
2021-06-21 09:48:18,407.2,7338757
2021-06-21 09:48:20,407.1,7338956
2021-06-21 09:48:21,407.05,7340907
2021-06-21 09:48:22,406.75,7383630
2021-06-21 09:48:23,406.75,7389613
2021-06-21 09:48:24,406.8,7391604
2021-06-21 09:48:25,407.05,7392225
2021-06-21 09:48:26,407.0,7395242
2021-06-21 09:48:27,407.1,7395737
2021-06-21 09:48:28,407.1,7396223
2021-06-21 09:48:29,407.15,7397783
2021-06-21 09:48:30,407.1,7397852
2021-06-21 09:48:31,407.05,7399168
2021-06-21 09:48:32,407.05,7400881
2021-06-21 09:48:33,407.05,7402678
2021-06-21 09:48:34,407.1,7403186
2021-06-21 09:48:35,407.1,7403534
2021-06-21 09:48:36,407.1,7404260
2021-06-21 09:48:37,407.0,7406615
2021-06-21 09:48:38,407.1,7409324
2021-06-21 09:48:39,407.05,7412114
2021-06-21 09:48:40,407.05,7414813
2021-06-21 09:48:41,407.15,7415413
2021-06-21 09:48:42,407.15,7418080
2021-06-21 09:48:43,407.2,7418701
2021-06-21 09:48:44,407.2,7419304
2021-06-21 09:48:45,407.15,7420360
2021-06-21 09:48:46,407.15,7420859
2021-06-21 09:48:47,407.2,7421612
2021-06-21 09:48:48,407.2,7425001
2021-06-21 09:48:49,407.05,7425573
2021-06-21 09:48:50,407.05,7425573
2021-06-21 09:48:51,407.2,7434128
2021-06-21 09:48:52,407.3,7436757
2021-06-21 09:48:53,407.2,7437967
2021-06-21 09:48:54,407.2,7438594
2021-06-21 09:48:55,407.15,7439282
2021-06-21 09:48:56,407.2,7440043
2021-06-21 09:48:57,407.1,7440181
2021-06-21 09:48:58,407.2,7441188
2021-06-21 09:48:59,407.2,7441592
2021-06-21 09:49:00,407.1,7443004
2021-06-21 09:49:01,407.1,7443221
2021-06-21 09:49:02,407.2,7443972
2021-06-21 09:49:03,407.15,7444375
2021-06-21 09:49:04,407.15,7444819
2021-06-21 09:49:05,407.15,7445002
2021-06-21 09:49:06,407.15,7445722
2021-06-21 09:49:07,407.05,7447659
2021-06-21 09:49:09,407.0,7447959
2021-06-21 09:49:10,407.1,7451326
2021-06-21 09:49:11,407.1,7451544
2021-06-21 09:49:12,407.05,7452780
2021-06-21 09:49:13,407.05,7454136
2021-06-21 09:49:14,407.1,7454607
2021-06-21 09:49:15,407.0,7456199
2021-06-21 09:49:16,407.0,7461886
2021-06-21 09:49:17,406.9,7462322
2021-06-21 09:49:18,406.95,7462845
2021-06-21 09:49:19,406.75,7465597
2021-06-21 09:49:20,406.7,7467888
2021-06-21 09:49:21,406.65,7468980
2021-06-21 09:49:22,406.75,7472634
2021-06-21 09:49:23,406.7,7472716
2021-06-21 09:49:24,406.9,7474704
2021-06-21 09:49:25,406.7,7482281
2021-06-21 09:49:26,406.85,7482501
2021-06-21 09:49:27,406.6,7483715
2021-06-21 09:49:28,406.65,7488484
2021-06-21 09:49:29,406.7,7489822
2021-06-21 09:49:30,406.55,7490980
2021-06-21 09:49:31,406.5,7491276
2021-06-21 09:49:32,406.5,7491537
2021-06-21 09:49:33,406.6,7493420
2021-06-21 09:49:34,406.6,7493892
2021-06-21 09:49:35,406.55,7494588
2021-06-21 09:49:36,406.65,7497029
2021-06-21 09:49:37,406.7,7500145
2021-06-21 09:49:38,406.75,7503970
2021-06-21 09:49:39,406.75,7504530
2021-06-21 09:49:43,406.8,7511824
2021-06-21 09:49:44,406.95,7512741
2021-06-21 09:49:45,406.95,7514091
2021-06-21 09:49:46,406.85,7514666
2021-06-21 09:49:48,406.95,7517319
2021-06-21 09:49:48,406.9,7518519
2021-06-21 09:49:49,406.9,7519191
2021-06-21 09:49:50,406.8,7521393
2021-06-21 09:49:51,406.9,7522502
2021-06-21 09:49:53,406.85,7525097
2021-06-21 09:49:55,406.95,7526298
2021-06-21 09:49:55,406.85,7526521
2021-06-21 09:49:56,406.8,7526826
2021-06-21 09:49:57,406.8,7527769
2021-06-21 09:49:58,406.9,7528393
2021-06-21 09:49:59,406.9,7528538
2021-06-21 09:50:00,406.9,7529039
2021-06-21 09:50:01,406.9,7530099
2021-06-21 09:50:02,406.9,7530741
2021-06-21 09:50:04,406.8,7533637
2021-06-21 09:50:05,406.8,7536221
2021-06-21 09:50:05,406.8,7536241
2021-06-21 09:50:07,406.6,7549807
2021-06-21 09:50:08,406.6,7550448
2021-06-21 09:50:09,406.6,7550905
2021-06-21 09:50:10,406.8,7554825
2021-06-21 09:50:11,406.5,7561786
2021-06-21 09:50:13,406.5,7562426
2021-06-21 09:50:13,406.8,7563306
2021-06-21 09:50:15,406.7,7565153
2021-06-21 09:50:15,406.65,7565697
2021-06-21 09:50:16,406.65,7566195
2021-06-21 09:50:17,406.7,7567569
2021-06-21 09:50:18,406.8,7572701
2021-06-21 09:50:20,406.65,7574392
2021-06-21 09:50:21,406.7,7575393
2021-06-21 09:50:23,406.8,7575682
2021-06-21 09:50:24,406.8,7578280
2021-06-21 09:50:24,406.7,7578270
2021-06-21 09:50:25,407.0,7582375
2021-06-21 09:50:26,406.9,7583564
2021-06-21 09:50:27,407.0,7588929
2021-06-21 09:50:28,406.8,7589280
2021-06-21 09:50:29,406.85,7590527
2021-06-21 09:50:31,406.85,7592731
2021-06-21 09:50:31,406.85,7590706
2021-06-21 09:50:32,406.9,7593142
2021-06-21 09:50:33,406.8,7623787
2021-06-21 09:50:34,406.85,7623993
2021-06-21 09:50:35,406.85,7624101
2021-06-21 09:50:37,406.95,7625503
2021-06-21 09:50:37,406.95,7625507
2021-06-21 09:50:38,406.85,7625941
2021-06-21 09:50:39,406.8,7626393
2021-06-21 09:50:40,406.85,7627058
2021-06-21 09:50:41,406.75,7627811
2021-06-21 09:50:42,406.8,7627938
2021-06-21 09:50:44,406.8,7629055
2021-06-21 09:50:44,406.8,7629055
2021-06-21 09:50:45,406.85,7629730
2021-06-21 09:50:46,406.85,7633475
2021-06-21 09:50:48,406.85,7633642
2021-06-21 09:50:48,406.85,7633744
2021-06-21 09:50:50,406.8,7633992
2021-06-21 09:50:50,406.8,7633993
2021-06-21 09:50:52,406.85,7634403
2021-06-21 09:50:52,406.75,7636290
2021-06-21 09:50:53,406.8,7637257
2021-06-21 09:50:54,406.8,7637652
2021-06-21 09:50:56,406.85,7638359
2021-06-21 09:50:58,406.9,7639186
2021-06-21 09:50:58,406.9,7639306
2021-06-21 09:51:00,407.0,7645857
2021-06-21 09:51:00,406.85,7646164
2021-06-21 09:51:01,406.8,7646616
2021-06-21 09:51:02,406.9,7646687
2021-06-21 09:51:03,406.85,7648089
2021-06-21 09:51:04,406.85,7658850
2021-06-21 09:51:06,406.9,7662014
2021-06-21 09:51:06,406.9,7662114
2021-06-21 09:51:07,406.8,7662504
2021-06-21 09:51:08,406.8,7663755
2021-06-21 09:51:09,406.8,7664867
2021-06-21 09:51:10,406.8,7665323
2021-06-21 09:51:11,406.75,7665607
2021-06-21 09:51:12,406.75,7669799
2021-06-21 09:51:14,406.7,7670234
2021-06-21 09:51:15,406.7,7672043
2021-06-21 09:51:15,406.6,7672243
2021-06-21 09:51:16,406.65,7672639
2021-06-21 09:51:17,406.7,7673180
2021-06-21 09:51:18,406.7,7673528
2021-06-21 09:51:19,406.7,7673989
2021-06-21 09:51:20,406.7,7674110
2021-06-21 09:51:21,406.6,7674593
2021-06-21 09:51:22,406.5,7679575
2021-06-21 09:51:24,406.5,7703765
2021-06-21 09:51:24,406.3,7704020
2021-06-21 09:51:25,406.4,7704447
2021-06-21 09:51:26,406.4,7708126
2021-06-21 09:51:27,406.25,7708209
2021-06-21 09:51:29,406.4,7709171
2021-06-21 09:51:31,406.3,7710931
2021-06-21 09:51:31,406.3,7710931
2021-06-21 09:51:32,406.25,7711813
2021-06-21 09:51:33,406.2,7713804
2021-06-21 09:51:34,406.25,7714881
2021-06-21 09:51:35,406.3,7718769
2021-06-21 09:51:36,405.95,7790796
2021-06-21 09:51:37,406.1,7793589
2021-06-21 09:51:38,406.0,7795725
2021-06-21 09:51:39,406.1,7797901
2021-06-21 09:51:40,406.15,7802150
2021-06-21 09:51:41,406.2,7804644
2021-06-21 09:51:43,406.15,7808631
2021-06-21 09:51:43,406.15,7812223
2021-06-21 09:51:44,406.15,7812963
2021-06-21 09:51:46,406.3,7813481
2021-06-21 09:51:47,406.25,7816045
2021-06-21 09:51:47,406.25,7816190
2021-06-21 09:51:48,406.2,7817225
2021-06-21 09:51:49,406.1,7817697
2021-06-21 09:51:50,406.2,7818309
2021-06-21 09:51:52,406.3,7826908
2021-06-21 09:51:53,406.45,7832958
2021-06-21 09:51:54,406.35,7835811
2021-06-21 09:51:56,406.3,7836808
2021-06-21 09:51:57,406.3,7840139
2021-06-21 09:51:58,406.3,7840357
2021-06-21 09:52:01,406.1,7855518
2021-06-21 09:52:02,405.95,7864959
2021-06-21 09:52:02,406.05,7866081
2021-06-21 09:52:03,406.0,7867676
2021-06-21 09:52:04,406.0,7869232
2021-06-21 09:52:05,405.8,7871271
2021-06-21 09:52:06,405.7,7875299
2021-06-21 09:52:07,405.5,7885996
2021-06-21 09:52:09,405.5,7887854
2021-06-21 09:52:10,405.65,7892789
2021-06-21 09:52:10,405.55,7891978
2021-06-21 09:52:11,405.75,7895131
2021-06-21 09:52:12,405.6,7897340
2021-06-21 09:52:13,405.85,7898934
2021-06-21 09:52:15,405.65,7911336
2021-06-21 09:52:16,405.7,7913989
2021-06-21 09:52:16,405.85,7913994
2021-06-21 09:52:17,405.65,7916532
2021-06-21 09:52:18,405.3,7923280
2021-06-21 09:52:19,405.15,7928038
2021-06-21 09:52:21,405.2,7932098
2021-06-21 09:52:22,405.4,7934777
2021-06-21 09:52:22,405.45,7940175
2021-06-21 09:52:23,405.25,7941826
2021-06-21 09:52:24,405.5,7943756
2021-06-21 09:52:25,405.45,7947624
2021-06-21 09:52:29,405.5,7957654
2021-06-21 09:52:30,405.4,7961318
2021-06-21 09:52:31,405.5,7962519
2021-06-21 09:52:33,405.5,7964556
2021-06-21 09:52:34,405.45,7970146
2021-06-21 09:52:35,405.8,7995066
2021-06-21 09:52:36,405.5,7996388
2021-06-21 09:52:38,405.6,7999198
2021-06-21 09:52:39,405.75,7999653
2021-06-21 09:52:40,405.65,8001660
2021-06-21 09:52:40,405.65,8001879
2021-06-21 09:52:41,405.7,8002844
2021-06-21 09:52:42,405.65,8003666
2021-06-21 09:52:44,405.7,8004043
2021-06-21 09:52:45,405.55,8004962
2021-06-21 09:52:45,405.6,8005017
2021-06-21 09:52:46,405.55,8005668
2021-06-21 09:52:47,405.7,8008783
2021-06-21 09:52:49,405.55,8011127
2021-06-21 09:52:50,405.6,8011297
2021-06-21 09:52:50,405.6,8012060
2021-06-21 09:52:51,405.6,8012515
2021-06-21 09:52:52,405.65,8015812
2021-06-21 09:52:54,405.6,8016277
2021-06-21 09:52:56,405.65,8018813
2021-06-21 09:52:56,405.7,8018828
2021-06-21 09:52:58,405.8,8020916
2021-06-21 09:53:00,405.7,8021202
2021-06-21 09:53:01,405.7,8021875
2021-06-21 09:53:02,405.8,8022498
2021-06-21 09:53:03,405.75,8022541
2021-06-21 09:53:04,405.7,8023132
2021-06-21 09:53:06,405.75,8024523
2021-06-21 09:53:07,405.75,8025786
2021-06-21 09:53:08,405.7,8026494
2021-06-21 09:53:08,405.75,8026521
2021-06-21 09:53:09,405.8,8028177
2021-06-21 09:53:10,405.7,8029658
2021-06-21 09:53:12,405.9,8031265
2021-06-21 09:53:13,405.9,8032916
2021-06-21 09:53:14,405.9,8038191
2021-06-21 09:53:15,405.8,8038822
2021-06-21 09:53:16,405.85,8039232
2021-06-21 09:53:18,405.65,8040079
2021-06-21 09:53:19,405.6,8046690
2021-06-21 09:53:20,405.7,8048330
2021-06-21 09:53:21,405.7,8049491
2021-06-21 09:53:22,405.55,8050208
2021-06-21 09:53:22,405.55,8050208
2021-06-21 09:53:23,405.6,8051181
2021-06-21 09:53:24,405.6,8052358
2021-06-21 09:53:26,405.7,8053841
2021-06-21 09:53:27,405.7,8054141
2021-06-21 09:53:27,405.7,8054172
2021-06-21 09:53:28,405.6,8054432
2021-06-21 09:53:29,405.7,8054860
2021-06-21 09:53:30,405.65,8055409
2021-06-21 09:53:31,405.65,8055948
2021-06-21 09:53:33,405.65,8057177
2021-06-21 09:53:34,405.55,8058777
2021-06-21 09:53:35,405.6,8059548
2021-06-21 09:53:36,405.5,8071466
2021-06-21 09:53:37,405.5,8072070
2021-06-21 09:53:38,405.3,8076414
2021-06-21 09:53:39,405.45,8076990
2021-06-21 09:53:40,405.45,8077854
2021-06-21 09:53:40,405.45,8077894
2021-06-21 09:53:41,405.45,8080308
2021-06-21 09:53:42,405.5,8084991
2021-06-21 09:53:44,405.45,8086254
2021-06-21 09:53:45,405.5,8087149
2021-06-21 09:53:45,405.55,8087366
2021-06-21 09:53:46,405.35,8093149
2021-06-21 09:53:47,405.5,8093326
2021-06-21 09:53:49,405.5,8093472
2021-06-21 09:53:50,405.45,8096067
2021-06-21 09:53:51,405.45,8097039
2021-06-21 09:53:51,405.4,8097159
2021-06-21 09:53:52,405.4,8099266
2021-06-21 09:53:54,405.5,8101710
2021-06-21 09:53:55,405.45,8104920
2021-06-21 09:53:56,405.45,8105772
2021-06-21 09:53:57,405.45,8106174
2021-06-21 09:53:57,405.45,8106174
2021-06-21 09:53:58,405.6,8107597
2021-06-21 09:53:59,405.5,8108275
2021-06-21 09:54:01,405.6,8108683
2021-06-21 09:54:03,405.55,8109463
2021-06-21 09:54:03,405.55,8109463
2021-06-21 09:54:04,405.55,8110395
2021-06-21 09:54:06,405.55,8112223
2021-06-21 09:54:07,405.55,8113119
2021-06-21 09:54:08,405.6,8114896
2021-06-21 09:54:09,405.4,8116554
2021-06-21 09:54:10,405.6,8117112
2021-06-21 09:54:11,405.55,8119650
2021-06-21 09:54:12,405.7,8121020
2021-06-21 09:54:13,405.7,8122005
2021-06-21 09:54:14,405.6,8123105
2021-06-21 09:54:14,405.7,8123129
2021-06-21 09:54:15,405.55,8124662
2021-06-21 09:54:17,405.7,8126492
2021-06-21 09:54:18,405.7,8126775
2021-06-21 09:54:19,405.7,8126987
2021-06-21 09:54:20,405.7,8127121
2021-06-21 09:54:21,405.6,8127246
2021-06-21 09:54:22,405.6,8127703
2021-06-21 09:54:22,405.6,8128124
2021-06-21 09:54:23,405.7,8129938
2021-06-21 09:54:25,405.7,8130785
2021-06-21 09:54:26,405.8,8132234
2021-06-21 09:54:27,405.7,8132703
2021-06-21 09:54:28,405.75,8133078
2021-06-21 09:54:28,405.75,8133078
2021-06-21 09:54:29,405.75,8133764
2021-06-21 09:54:31,405.75,8134579
2021-06-21 09:54:32,405.7,8136283
2021-06-21 09:54:33,405.7,8145069
2021-06-21 09:54:34,405.65,8147819
2021-06-21 09:54:34,405.65,8147869
2021-06-21 09:54:35,405.3,8168581
2021-06-21 09:54:37,405.4,8169514
2021-06-21 09:54:38,405.4,8170436
2021-06-21 09:54:39,405.3,8170750
2021-06-21 09:54:39,405.45,8170954
2021-06-21 09:54:40,405.55,8172110
2021-06-21 09:54:41,405.4,8172269
2021-06-21 09:54:43,405.65,8173845
2021-06-21 09:54:44,405.65,8174333
2021-06-21 09:54:45,405.6,8174533
2021-06-21 09:54:45,405.65,8175033
2021-06-21 09:54:46,405.55,8175311
2021-06-21 09:54:48,405.45,8176928
2021-06-21 09:54:49,405.55,8177301
2021-06-21 09:54:50,405.55,8177461
2021-06-21 09:54:51,405.55,8177847
2021-06-21 09:54:52,405.45,8178562
2021-06-21 09:54:54,405.5,8183290
2021-06-21 09:54:56,405.5,8184435
2021-06-21 09:54:57,405.45,8185052
2021-06-21 09:54:58,405.5,8185939
2021-06-21 09:54:59,405.5,8187063
2021-06-21 09:54:59,405.5,8187183
2021-06-21 09:55:00,405.5,8190403
2021-06-21 09:55:01,405.45,8191493
2021-06-21 09:55:03,405.4,8191799
2021-06-21 09:55:04,405.5,8192028
2021-06-21 09:55:05,405.55,8192852
2021-06-21 09:55:06,405.5,8194588
2021-06-21 09:55:07,405.45,8199733
2021-06-21 09:55:07,405.45,8199733
2021-06-21 09:55:08,405.45,8199980
2021-06-21 09:55:10,405.55,8200317
2021-06-21 09:55:11,405.55,8200926
2021-06-21 09:55:12,405.55,8201279
2021-06-21 09:55:12,405.55,8201689
2021-06-21 09:55:13,405.5,8202343
2021-06-21 09:55:15,405.5,8203916
2021-06-21 09:55:16,405.5,8204803
2021-06-21 09:55:17,405.6,8214923
2021-06-21 09:55:17,405.6,8215128
2021-06-21 09:55:19,405.6,8215431
2021-06-21 09:55:21,405.6,8216456
2021-06-21 09:55:22,405.55,8216546
2021-06-21 09:55:23,405.6,8220528
2021-06-21 09:55:24,405.6,8220828
2021-06-21 09:55:24,405.6,8220939
2021-06-21 09:55:25,405.55,8221644
2021-06-21 09:55:27,405.65,8223507
2021-06-21 09:55:28,405.75,8231223
2021-06-21 09:55:29,405.9,8231961
2021-06-21 09:55:30,405.7,8233200
2021-06-21 09:55:31,405.9,8233519
2021-06-21 09:55:32,405.75,8234471
2021-06-21 09:55:33,405.7,8234978
2021-06-21 09:55:33,405.7,8235108
2021-06-21 09:55:34,405.55,8236898
2021-06-21 09:55:35,405.7,8237436
2021-06-21 09:55:38,405.55,8244334
2021-06-21 09:55:39,405.75,8245098
2021-06-21 09:55:40,405.8,8245467
2021-06-21 09:55:40,405.65,8245760
2021-06-21 09:55:41,405.55,8250449
2021-06-21 09:55:43,405.6,8253228
2021-06-21 09:55:44,405.65,8253685
2021-06-21 09:55:45,405.65,8253890
2021-06-21 09:55:45,405.65,8253925
2021-06-21 09:55:46,405.65,8254501
2021-06-21 09:55:48,405.65,8255642
2021-06-21 09:55:49,405.6,8256872
2021-06-21 09:55:50,405.6,8257892
2021-06-21 09:55:51,405.55,8258582
2021-06-21 09:55:51,405.55,8258629
2021-06-21 09:55:52,405.6,8258760
2021-06-21 09:55:53,405.6,8258799
2021-06-21 09:55:55,405.65,8261886
2021-06-21 09:55:56,405.7,8262229
2021-06-21 09:55:57,405.75,8263315
2021-06-21 09:55:57,405.75,8263315
2021-06-21 09:55:58,405.65,8263388
2021-06-21 09:55:59,405.55,8278077
2021-06-21 09:56:01,405.55,8281644
2021-06-21 09:56:02,405.55,8282621
2021-06-21 09:56:03,405.55,8283338
2021-06-21 09:56:03,405.55,8283338
2021-06-21 09:56:05,405.45,8284962
2021-06-21 09:56:06,405.55,8285900
2021-06-21 09:56:07,405.5,8286451
2021-06-21 09:56:08,405.6,8287822
2021-06-21 09:56:09,405.6,8287842
2021-06-21 09:56:10,405.6,8289358
2021-06-21 09:56:10,405.55,8289356
2021-06-21 09:56:11,405.6,8290144
2021-06-21 09:56:13,405.55,8292256
2021-06-21 09:56:14,405.6,8292579
2021-06-21 09:56:15,405.55,8292698
2021-06-21 09:56:16,405.55,8293206
2021-06-21 09:56:16,405.55,8293211
2021-06-21 09:56:17,405.45,8293743
2021-06-21 09:56:19,405.5,8300199
2021-06-21 09:56:21,405.5,8303863
2021-06-21 09:56:22,405.5,8305022
2021-06-21 09:56:22,405.45,8305090
2021-06-21 09:56:24,405.5,8305725
2021-06-21 09:56:26,405.35,8329164
2021-06-21 09:56:27,405.25,8331723
2021-06-21 09:56:28,405.1,8335279
2021-06-21 09:56:29,405.2,8335569
2021-06-21 09:56:30,405.2,8341171
2021-06-21 09:56:30,405.2,8341171
2021-06-21 09:56:32,405.2,8342012
2021-06-21 09:56:33,405.35,8345906
2021-06-21 09:56:34,405.25,8346966
2021-06-21 09:56:35,405.35,8347092
2021-06-21 09:56:37,405.35,8347548
2021-06-21 09:56:38,405.35,8347918
2021-06-21 09:56:39,405.3,8348091
2021-06-21 09:56:40,405.4,8349430
2021-06-21 09:56:41,405.5,8350110
2021-06-21 09:56:41,405.5,8350127
2021-06-21 09:56:42,405.5,8350389
2021-06-21 09:56:44,405.5,8350689
2021-06-21 09:56:45,405.55,8351363
2021-06-21 09:56:46,405.55,8352155
2021-06-21 09:56:47,405.55,8352317
2021-06-21 09:56:48,405.55,8352915
2021-06-21 09:56:49,405.55,8353694
2021-06-21 09:56:49,405.55,8353704
2021-06-21 09:56:53,405.6,8358669
2021-06-21 09:56:54,405.55,8358891
2021-06-21 09:56:56,405.6,8359398
2021-06-21 09:56:57,405.55,8359503
2021-06-21 09:56:58,405.5,8361698
2021-06-21 09:56:59,405.6,8364989
2021-06-21 09:56:59,405.6,8364839
2021-06-21 09:57:01,405.55,8365619
2021-06-21 09:57:02,405.6,8366787
2021-06-21 09:57:03,405.6,8369066
2021-06-21 09:57:04,405.55,8369728
2021-06-21 09:57:05,405.6,8369935
2021-06-21 09:57:05,405.6,8369935
2021-06-21 09:57:07,405.7,8378844
2021-06-21 09:57:08,405.8,8379214
2021-06-21 09:57:09,405.9,8379463
2021-06-21 09:57:10,405.95,8379813
2021-06-21 09:57:11,405.9,8380170
2021-06-21 09:57:12,405.85,8380603
2021-06-21 09:57:13,405.95,8381589
2021-06-21 09:57:14,406.15,8390560
2021-06-21 09:57:14,406.15,8390560
2021-06-21 09:57:16,406.15,8390613
2021-06-21 09:57:17,406.05,8392632
2021-06-21 09:57:18,406.15,8393451
2021-06-21 09:57:19,406.1,8394330
2021-06-21 09:57:20,406.1,8394816
2021-06-21 09:57:22,406.05,8395996
2021-06-21 09:57:23,406.0,8397991
2021-06-21 09:57:24,406.1,8399036
2021-06-21 09:57:25,406.1,8399226
2021-06-21 09:57:26,406.1,8399259
2021-06-21 09:57:28,406.1,8400474
2021-06-21 09:57:29,406.15,8402188
2021-06-21 09:57:30,406.15,8403184
2021-06-21 09:57:32,406.15,8403487
2021-06-21 09:57:33,406.15,8403640
2021-06-21 09:57:34,406.15,8404683
2021-06-21 09:57:35,406.1,8404967
2021-06-21 09:57:36,406.1,8405603
2021-06-21 09:57:36,406.15,8405753
2021-06-21 09:57:38,406.1,8407472
2021-06-21 09:57:39,406.1,8408702
2021-06-21 09:57:40,406.1,8408964
2021-06-21 09:57:41,406.1,8410695
2021-06-21 09:57:42,406.1,8411008
2021-06-21 09:57:43,406.05,8413375
2021-06-21 09:57:44,406.15,8415447
2021-06-21 09:57:45,406.15,8416496
2021-06-21 09:57:47,406.1,8416531
2021-06-21 09:57:48,406.1,8418266
2021-06-21 09:57:49,406.05,8418715
2021-06-21 09:57:50,406.05,8419001
2021-06-21 09:57:51,406.05,8422157
2021-06-21 09:57:52,406.0,8422562
2021-06-21 09:57:52,406.1,8422699
2021-06-21 09:57:54,406.15,8423439
2021-06-21 09:57:55,406.15,8424163
2021-06-21 09:57:56,406.1,8424604
2021-06-21 09:57:57,406.15,8424630
2021-06-21 09:57:58,406.15,8424855
2021-06-21 09:57:59,406.15,8425263
2021-06-21 09:58:01,406.15,8425953
2021-06-21 09:58:02,406.0,8431221
2021-06-21 09:58:03,405.9,8451154
2021-06-21 09:58:04,405.95,8453684
2021-06-21 09:58:05,406.0,8456177
2021-06-21 09:58:06,406.0,8456301
2021-06-21 09:58:07,405.95,8458347
2021-06-21 09:58:08,405.95,8468394
2021-06-21 09:58:10,405.9,8469128
2021-06-21 09:58:09,405.9,8469114
2021-06-21 09:58:11,405.85,8469349
2021-06-21 09:58:12,406.0,8469571
2021-06-21 09:58:13,405.95,8470384
2021-06-21 09:58:14,406.0,8470872
2021-06-21 09:58:15,405.95,8471023
2021-06-21 09:58:16,405.95,8471105
2021-06-21 09:58:17,406.05,8477867
2021-06-21 09:58:18,406.1,8478155
2021-06-21 09:58:19,406.1,8478277
2021-06-21 09:58:20,406.05,8478378
2021-06-21 09:58:23,406.05,8479444
2021-06-21 09:58:22,406.05,8479444
2021-06-21 09:58:24,406.05,8479572
2021-06-21 09:58:25,406.0,8479748
2021-06-21 09:58:26,406.05,8479905
2021-06-21 09:58:27,406.0,8480694
2021-06-21 09:58:28,406.05,8481884
2021-06-21 09:58:29,405.9,8487134
2021-06-21 09:58:30,405.9,8487134
2021-06-21 09:58:31,405.85,8487586
2021-06-21 09:58:33,405.85,8490531
2021-06-21 09:58:34,405.75,8490902
2021-06-21 09:58:35,405.85,8491321
2021-06-21 09:58:36,405.85,8491595
2021-06-21 09:58:37,405.75,8493075
2021-06-21 09:58:38,405.75,8493646
2021-06-21 09:58:39,405.7,8494000
2021-06-21 09:58:40,405.75,8494131
2021-06-21 09:58:41,405.7,8496215
2021-06-21 09:58:42,405.8,8496438
2021-06-21 09:58:43,405.8,8496488
2021-06-21 09:58:44,405.9,8498819
2021-06-21 09:58:46,405.9,8498996
2021-06-21 09:58:47,405.7,8499497
2021-06-21 09:58:48,405.75,8499679
2021-06-21 09:58:49,405.7,8500665
2021-06-21 09:58:50,405.7,8501094
2021-06-21 09:58:51,405.7,8502316
2021-06-21 09:58:52,405.8,8507062
2021-06-21 09:58:53,405.85,8507497
2021-06-21 09:58:54,405.85,8508112
2021-06-21 09:58:55,405.85,8508445
2021-06-21 09:58:56,405.75,8508595
2021-06-21 09:58:58,405.8,8508809
2021-06-21 09:58:57,405.8,8508804
2021-06-21 09:58:59,405.7,8508810
2021-06-21 09:59:00,405.75,8508912
2021-06-21 09:59:01,405.75,8509981
2021-06-21 09:59:02,405.75,8510306
2021-06-21 09:59:03,405.75,8511171
2021-06-21 09:59:04,405.75,8512421
2021-06-21 09:59:05,405.75,8512539
2021-06-21 09:59:06,405.75,8512925
2021-06-21 09:59:07,405.75,8515819
2021-06-21 09:59:08,405.75,8515830
2021-06-21 09:59:09,405.8,8516753
2021-06-21 09:59:10,405.8,8519670
2021-06-21 09:59:11,405.8,8519679
2021-06-21 09:59:12,405.85,8521481
2021-06-21 09:59:13,405.9,8522080
2021-06-21 09:59:14,405.85,8522215
2021-06-21 09:59:16,405.9,8522502
2021-06-21 09:59:17,405.9,8522539
2021-06-21 09:59:19,405.9,8523115
2021-06-21 09:59:20,405.9,8523719
2021-06-21 09:59:21,405.8,8524187
2021-06-21 09:59:22,405.75,8526002
2021-06-21 09:59:23,405.75,8526434
2021-06-21 09:59:24,405.8,8528871
2021-06-21 09:59:25,405.8,8529114
2021-06-21 09:59:26,405.85,8529264
2021-06-21 09:59:27,405.9,8529464
2021-06-21 09:59:28,405.95,8530417
2021-06-21 09:59:29,405.95,8530603
2021-06-21 09:59:30,405.95,8534978
2021-06-21 09:59:31,405.9,8535468
2021-06-21 09:59:32,405.95,8535808
2021-06-21 09:59:33,405.95,8535858
2021-06-21 09:59:34,405.9,8536343
2021-06-21 09:59:36,405.95,8537730
2021-06-21 09:59:38,405.85,8538518
2021-06-21 09:59:40,405.85,8538996
2021-06-21 09:59:39,405.85,8538983
2021-06-21 09:59:42,405.6,8543387
2021-06-21 09:59:43,405.65,8543909
2021-06-21 09:59:44,405.65,8544348
2021-06-21 09:59:45,405.65,8544439
2021-06-21 09:59:48,405.65,8546255
2021-06-21 09:59:49,405.9,8556274
2021-06-21 09:59:50,405.8,8556665
2021-06-21 09:59:51,405.95,8559268
2021-06-21 09:59:52,405.9,8559469
2021-06-21 09:59:53,405.9,8560047
2021-06-21 09:59:54,405.9,8560538
2021-06-21 09:59:55,405.9,8560608
2021-06-21 09:59:56,405.9,8560895
2021-06-21 09:59:57,405.9,8560897
2021-06-21 09:59:58,405.9,8560897
2021-06-21 09:59:59,405.9,8561243
2021-06-21 10:00:00,405.9,8562408
2021-06-21 10:00:01,405.75,8562787
2021-06-21 10:00:02,405.75,8563154
2021-06-21 10:00:03,405.8,8563940
2021-06-21 10:00:05,405.85,8565145
2021-06-21 10:00:06,405.85,8565165
2021-06-21 10:00:08,405.85,8567844
2021-06-21 10:00:09,405.85,8568445
2021-06-21 10:00:10,405.85,8570034
2021-06-21 10:00:11,405.85,8570109
2021-06-21 10:00:12,405.8,8570626
2021-06-21 10:00:13,405.8,8571053
2021-06-21 10:00:14,405.85,8571180
2021-06-21 10:00:16,405.85,8571490
2021-06-21 10:00:16,405.8,8571679
2021-06-21 10:00:17,405.85,8572304
2021-06-21 10:00:18,405.8,8573043
2021-06-21 10:00:19,405.8,8573379
2021-06-21 10:00:20,405.8,8573588
2021-06-21 10:00:21,405.8,8574824
2021-06-21 10:00:24,405.75,8578932
2021-06-21 10:00:24,405.75,8578932
2021-06-21 10:00:25,405.5,8620172
2021-06-21 10:00:26,405.5,8621046
2021-06-21 10:00:27,405.5,8621936
2021-06-21 10:00:28,405.6,8621946
2021-06-21 10:00:29,405.6,8622213
2021-06-21 10:00:30,405.6,8622385
2021-06-21 10:00:32,405.6,8623356
2021-06-21 10:00:32,405.6,8623361
2021-06-21 10:00:33,405.6,8624550
2021-06-21 10:00:34,405.6,8625736
2021-06-21 10:00:37,405.65,8628363
2021-06-21 10:00:38,405.65,8628780
2021-06-21 10:00:39,405.8,8631845
2021-06-21 10:00:40,405.8,8632045
2021-06-21 10:00:41,405.85,8633125
2021-06-21 10:00:43,406.0,8635609
2021-06-21 10:00:43,406.0,8635609
2021-06-21 10:00:44,406.0,8636101
2021-06-21 10:00:45,406.0,8640126
2021-06-21 10:00:46,405.9,8641221
2021-06-21 10:00:47,406.2,8648722
2021-06-21 10:00:48,406.25,8649956
2021-06-21 10:00:49,406.25,8650108
2021-06-21 10:00:50,406.25,8650284
2021-06-21 10:00:51,406.2,8650405
2021-06-21 10:00:52,406.25,8651226
2021-06-21 10:00:53,406.4,8652685
2021-06-21 10:00:54,406.7,8658866
2021-06-21 10:00:55,406.65,8661613
2021-06-21 10:00:56,406.7,8662195
2021-06-21 10:00:57,406.7,8663358
2021-06-21 10:00:58,406.85,8664177
2021-06-21 10:01:00,406.7,8666243
2021-06-21 10:01:00,406.65,8666450
2021-06-21 10:01:01,406.6,8667058
2021-06-21 10:01:02,406.8,8667886
2021-06-21 10:01:03,406.85,8669304
2021-06-21 10:01:04,406.85,8671416
2021-06-21 10:01:05,406.7,8672680
2021-06-21 10:01:06,406.85,8678357
2021-06-21 10:01:07,406.9,8678577
2021-06-21 10:01:08,406.75,8681670
2021-06-21 10:01:09,406.75,8681983
2021-06-21 10:01:10,406.85,8682876
2021-06-21 10:01:11,406.85,8683594
2021-06-21 10:01:13,406.9,8685693
2021-06-21 10:01:14,406.95,8686587
2021-06-21 10:01:14,406.95,8686637
2021-06-21 10:01:15,407.15,8720367
2021-06-21 10:01:16,407.2,8723218
2021-06-21 10:01:17,407.15,8723469
2021-06-21 10:01:18,407.15,8724374
2021-06-21 10:01:19,407.2,8728586
2021-06-21 10:01:20,407.05,8728886
2021-06-21 10:01:21,407.15,8730147
2021-06-21 10:01:23,407.15,8730355
2021-06-21 10:01:23,407.15,8730955
2021-06-21 10:01:24,407.1,8734035
2021-06-21 10:01:25,407.1,8734472
2021-06-21 10:01:26,407.15,8734959
2021-06-21 10:01:27,407.15,8736273
2021-06-21 10:01:28,407.15,8737451
2021-06-21 10:01:29,407.05,8738347
2021-06-21 10:01:30,407.2,8760425
2021-06-21 10:01:32,407.15,8760473
2021-06-21 10:01:32,407.15,8760633
2021-06-21 10:01:33,407.05,8761715
2021-06-21 10:01:34,407.2,8762217
2021-06-21 10:01:35,407.15,8767776
2021-06-21 10:01:36,407.35,8770987
2021-06-21 10:01:37,407.4,8771959
2021-06-21 10:01:38,407.35,8776038
2021-06-21 10:01:40,407.7,8797595
2021-06-21 10:01:40,407.75,8796452
2021-06-21 10:01:42,407.65,8800698
2021-06-21 10:01:44,407.55,8801639
2021-06-21 10:01:45,407.6,8803096
2021-06-21 10:01:46,407.6,8804626
2021-06-21 10:01:47,407.65,8806333
2021-06-21 10:01:48,407.6,8806797
2021-06-21 10:01:49,407.5,8808649
2021-06-21 10:01:50,407.5,8810397
2021-06-21 10:01:52,407.55,8811200
2021-06-21 10:01:52,407.55,8812069
2021-06-21 10:01:53,407.45,8812686
2021-06-21 10:01:54,407.5,8813481
2021-06-21 10:01:55,407.5,8814911
2021-06-21 10:01:56,407.5,8817185
2021-06-21 10:01:58,407.45,8818810
2021-06-21 10:01:58,407.4,8818811
2021-06-21 10:01:59,407.45,8819360
2021-06-21 10:02:01,407.5,8820954
2021-06-21 10:02:02,407.5,8822297
2021-06-21 10:02:04,407.45,8825096
2021-06-21 10:02:04,407.45,8825546
2021-06-21 10:02:08,407.4,8832960
2021-06-21 10:02:10,407.3,8835553
2021-06-21 10:02:11,407.25,8841512
2021-06-21 10:02:13,407.15,8841712
2021-06-21 10:02:13,407.15,8841705
2021-06-21 10:02:14,407.25,8841762
2021-06-21 10:02:17,407.2,8845895
2021-06-21 10:02:19,407.3,8852012
2021-06-21 10:02:19,407.3,8852012
2021-06-21 10:02:20,407.3,8852092
2021-06-21 10:02:21,407.3,8853043
2021-06-21 10:02:22,407.3,8853933
2021-06-21 10:02:23,407.45,8856937
2021-06-21 10:02:24,407.5,8857716
2021-06-21 10:02:26,407.5,8858758
2021-06-21 10:02:27,407.4,8861759
2021-06-21 10:02:28,407.4,8861911
2021-06-21 10:02:28,407.4,8861911
2021-06-21 10:02:29,407.3,8862509
2021-06-21 10:02:30,407.25,8872712
2021-06-21 10:02:31,407.3,8873196
2021-06-21 10:02:32,407.4,8873210
2021-06-21 10:02:34,407.4,8877840
2021-06-21 10:02:35,407.4,8879571
2021-06-21 10:02:36,407.4,8881016
2021-06-21 10:02:36,407.35,8881021
2021-06-21 10:02:37,407.25,8881572
2021-06-21 10:02:38,407.3,8882085
2021-06-21 10:02:39,407.3,8882940
2021-06-21 10:02:40,407.3,8884126
2021-06-21 10:02:43,407.3,8884278
2021-06-21 10:02:44,407.3,8885778
2021-06-21 10:02:45,407.3,8887488
2021-06-21 10:02:45,407.3,8888488
2021-06-21 10:02:46,407.3,8889017
2021-06-21 10:02:47,407.3,8891764
2021-06-21 10:02:48,407.4,8893449
2021-06-21 10:02:49,407.4,8893846
2021-06-21 10:02:51,407.35,8894066
2021-06-21 10:02:52,407.3,8894197
2021-06-21 10:02:52,407.45,8894391
2021-06-21 10:02:53,407.45,8894552
2021-06-21 10:02:54,407.35,8901564
2021-06-21 10:02:55,407.35,8901749
2021-06-21 10:02:56,407.45,8901899
2021-06-21 10:02:58,407.4,8902408
2021-06-21 10:02:59,407.45,8903406
2021-06-21 10:02:59,407.4,8903566
2021-06-21 10:03:00,407.35,8904604
2021-06-21 10:03:01,407.45,8904775
2021-06-21 10:03:02,407.35,8905501
2021-06-21 10:03:03,407.4,8905529
2021-06-21 10:03:05,407.4,8907949
2021-06-21 10:03:06,407.35,8910050
2021-06-21 10:03:07,407.35,8910404
2021-06-21 10:03:08,407.4,8913241
2021-06-21 10:03:09,407.4,8913800
2021-06-21 10:03:11,407.4,8914050
2021-06-21 10:03:12,407.4,8914920
2021-06-21 10:03:12,407.35,8915534
2021-06-21 10:03:14,407.35,8915935
2021-06-21 10:03:15,407.45,8917531
2021-06-21 10:03:15,407.35,8920775
2021-06-21 10:03:16,407.45,8923227
2021-06-21 10:03:18,407.4,8923357
2021-06-21 10:03:19,407.4,8923933
2021-06-21 10:03:19,407.35,8923509
2021-06-21 10:03:20,407.4,8928786
2021-06-21 10:03:21,407.4,8932908
2021-06-21 10:03:22,407.4,8933175
2021-06-21 10:03:23,407.4,8933315
2021-06-21 10:03:25,407.4,8933420
2021-06-21 10:03:26,407.3,8933672
2021-06-21 10:03:26,407.35,8933697
2021-06-21 10:03:27,407.35,8936818
2021-06-21 10:03:28,407.4,8936988
2021-06-21 10:03:29,407.3,8937838
2021-06-21 10:03:30,407.35,8939943
2021-06-21 10:03:31,407.35,8940154
2021-06-21 10:03:32,407.3,8943927
2021-06-21 10:03:34,407.25,8944342
2021-06-21 10:03:35,407.2,8944815
2021-06-21 10:03:35,407.2,8944815
2021-06-21 10:03:36,407.25,8944927
2021-06-21 10:03:37,407.2,8945523
2021-06-21 10:03:38,407.2,8945919
2021-06-21 10:03:40,407.1,8946677
2021-06-21 10:03:41,407.2,8946752
2021-06-21 10:03:43,407.05,8950481
2021-06-21 10:03:43,407.05,8950484
2021-06-21 10:03:44,407.05,8950538
2021-06-21 10:03:45,407.15,8950702
2021-06-21 10:03:46,407.15,8951302
2021-06-21 10:03:47,407.1,8951814
2021-06-21 10:03:48,407.15,8952075
2021-06-21 10:03:50,407.1,8952315
2021-06-21 10:03:51,407.05,8954793
2021-06-21 10:03:52,407.15,8955229
2021-06-21 10:03:52,407.05,8958529
2021-06-21 10:03:53,407.05,8958779
2021-06-21 10:03:54,407.1,8959441
2021-06-21 10:03:55,407.05,8970160
2021-06-21 10:03:56,407.05,8970454
2021-06-21 10:03:57,407.1,8970750
2021-06-21 10:03:59,407.1,8971634
2021-06-21 10:04:00,407.1,8972247
2021-06-21 10:04:01,407.1,8972373
2021-06-21 10:04:03,407.0,8972726
2021-06-21 10:04:04,407.1,8978469
2021-06-21 10:04:05,407.0,8979713
2021-06-21 10:04:06,407.1,8979789
2021-06-21 10:04:06,407.0,8979796
2021-06-21 10:04:07,407.1,8979859
2021-06-21 10:04:08,407.05,8980082
2021-06-21 10:04:09,407.1,8980894
2021-06-21 10:04:12,407.05,8981576
2021-06-21 10:04:13,407.1,8981792
2021-06-21 10:04:13,407.15,8981802
2021-06-21 10:04:14,407.1,8981918
2021-06-21 10:04:15,407.15,8982126
2021-06-21 10:04:16,407.15,8982144
2021-06-21 10:04:17,407.05,8982735
2021-06-21 10:04:18,407.05,8983175
2021-06-21 10:04:20,407.05,8987078
2021-06-21 10:04:21,407.0,8988793
2021-06-21 10:04:22,407.05,8988847
2021-06-21 10:04:23,407.05,8989043
2021-06-21 10:04:24,407.0,8989273
2021-06-21 10:04:25,407.05,8989525
2021-06-21 10:04:26,407.0,8991753
2021-06-21 10:04:28,407.0,8992597
2021-06-21 10:04:29,407.05,8992693
2021-06-21 10:04:30,407.05,8994991
2021-06-21 10:04:30,407.05,8994991
2021-06-21 10:04:31,407.05,8996383
2021-06-21 10:04:32,407.05,8998686
2021-06-21 10:04:34,407.0,8999374
2021-06-21 10:04:35,406.95,9001503
2021-06-21 10:04:36,406.95,9001829
2021-06-21 10:04:37,406.9,9002185
2021-06-21 10:04:38,406.8,9002410
2021-06-21 10:04:38,406.8,9002412
2021-06-21 10:04:39,406.8,9003072
2021-06-21 10:04:40,406.8,9003230
2021-06-21 10:04:42,406.95,9012165
2021-06-21 10:04:43,407.0,9012723
2021-06-21 10:04:44,406.85,9012902
2021-06-21 10:04:45,407.0,9012932
2021-06-21 10:04:46,406.85,9013048
2021-06-21 10:04:47,407.0,9016177
2021-06-21 10:04:48,407.0,9017010
2021-06-21 10:04:49,406.9,9018092
2021-06-21 10:04:49,406.7,9018292
2021-06-21 10:04:50,406.85,9019290
2021-06-21 10:04:52,406.9,9021042
2021-06-21 10:04:51,406.95,9019360
2021-06-21 10:04:53,406.8,9021598
2021-06-21 10:04:54,406.8,9021626
2021-06-21 10:04:56,406.8,9021981
2021-06-21 10:04:57,406.9,9024348
2021-06-21 10:04:58,406.9,9024661
2021-06-21 10:04:59,406.8,9024772
2021-06-21 10:05:00,406.8,9024949
2021-06-21 10:05:01,406.85,9025406
2021-06-21 10:05:01,406.9,9025456
2021-06-21 10:05:02,406.9,9026891
2021-06-21 10:05:03,406.9,9027403
2021-06-21 10:05:04,406.85,9027936
2021-06-21 10:05:05,406.85,9028451
2021-06-21 10:05:07,406.85,9029093
2021-06-21 10:05:08,406.9,9031293
2021-06-21 10:05:09,406.9,9031434
2021-06-21 10:05:09,406.9,9031434
2021-06-21 10:05:12,406.9,9032637
2021-06-21 10:05:13,406.9,9032953
2021-06-21 10:05:14,407.0,9034049
2021-06-21 10:05:15,406.9,9034725
2021-06-21 10:05:16,407.0,9035521
2021-06-21 10:05:16,407.0,9035526
2021-06-21 10:05:17,407.0,9036233
2021-06-21 10:05:18,406.9,9036941
2021-06-21 10:05:19,407.0,9051543
2021-06-21 10:05:20,407.1,9051580
2021-06-21 10:05:21,407.0,9052327
2021-06-21 10:05:23,407.1,9052372
2021-06-21 10:05:24,407.1,9053384
2021-06-21 10:05:25,407.4,9075363
2021-06-21 10:05:26,407.1,9076958
2021-06-21 10:05:26,407.1,9076958
2021-06-21 10:05:27,407.3,9080627
2021-06-21 10:05:28,407.15,9081307
2021-06-21 10:05:29,407.35,9081587
2021-06-21 10:05:30,407.25,9082201
2021-06-21 10:05:32,407.3,9082527
2021-06-21 10:05:33,407.3,9082633
2021-06-21 10:05:34,407.2,9083893
2021-06-21 10:05:35,407.2,9084138
2021-06-21 10:05:35,407.1,9084250
2021-06-21 10:05:36,407.15,9085765
2021-06-21 10:05:37,407.0,9088942
2021-06-21 10:05:38,407.0,9090849
2021-06-21 10:05:40,407.05,9091696
2021-06-21 10:05:41,407.3,9092696
2021-06-21 10:05:41,407.05,9093096
2021-06-21 10:05:43,407.25,9093306
2021-06-21 10:05:44,407.2,9093431
2021-06-21 10:05:45,407.25,9093751
2021-06-21 10:05:46,407.1,9093949
2021-06-21 10:05:47,407.2,9094053
2021-06-21 10:05:48,407.1,9094564
2021-06-21 10:05:49,407.15,9094571
2021-06-21 10:05:50,407.1,9094963
2021-06-21 10:05:51,407.1,9095024
2021-06-21 10:05:51,407.1,9095033
2021-06-21 10:05:52,407.0,9098579
2021-06-21 10:05:53,407.1,9098641
2021-06-21 10:05:55,407.1,9098815
2021-06-21 10:05:56,407.1,9098841
2021-06-21 10:05:58,407.15,9107091
2021-06-21 10:05:58,407.15,9107091
2021-06-21 10:05:59,407.1,9107505
2021-06-21 10:06:01,407.05,9112756
2021-06-21 10:06:02,407.1,9113576
2021-06-21 10:06:04,407.05,9113762
2021-06-21 10:06:05,407.05,9113884
2021-06-21 10:06:06,406.95,9115088
2021-06-21 10:06:07,407.0,9115142
2021-06-21 10:06:08,406.95,9115367
2021-06-21 10:06:09,406.9,9115838
2021-06-21 10:06:10,406.9,9117390
2021-06-21 10:06:10,406.9,9117591
2021-06-21 10:06:11,406.75,9126168
2021-06-21 10:06:13,406.75,9126219
2021-06-21 10:06:14,406.75,9127854
2021-06-21 10:06:15,406.7,9127908
2021-06-21 10:06:16,406.7,9127936
2021-06-21 10:06:16,406.7,9127941
2021-06-21 10:06:17,406.75,9128092
2021-06-21 10:06:18,406.5,9130442
2021-06-21 10:06:20,406.65,9131031
2021-06-21 10:06:22,406.65,9131906
2021-06-21 10:06:23,406.55,9132768
2021-06-21 10:06:24,406.55,9135059
2021-06-21 10:06:25,406.7,9136064
2021-06-21 10:06:26,406.6,9136176
2021-06-21 10:06:26,406.6,9136176
2021-06-21 10:06:27,406.75,9136865
2021-06-21 10:06:28,406.75,9138118
2021-06-21 10:06:29,406.8,9138253
2021-06-21 10:06:30,406.9,9139609
2021-06-21 10:06:32,406.75,9139645
2021-06-21 10:06:33,407.1,9150855
2021-06-21 10:06:34,407.0,9151172
2021-06-21 10:06:34,407.0,9151192
2021-06-21 10:06:35,407.15,9153302
2021-06-21 10:06:37,407.15,9153419
2021-06-21 10:06:38,407.15,9154098
2021-06-21 10:06:40,406.85,9155235
2021-06-21 10:06:41,407.05,9155243
2021-06-21 10:06:41,407.05,9155243
2021-06-21 10:06:42,407.0,9155474
2021-06-21 10:06:44,407.0,9155710
2021-06-21 10:06:45,406.85,9155904
2021-06-21 10:06:47,407.0,9157793
2021-06-21 10:06:48,407.05,9161380
2021-06-21 10:06:48,407.05,9161380
2021-06-21 10:06:50,406.95,9162020
2021-06-21 10:06:51,407.05,9163096
2021-06-21 10:06:52,407.15,9165210
2021-06-21 10:06:53,407.1,9165220
2021-06-21 10:06:54,407.1,9166633
2021-06-21 10:06:55,407.05,9166658
2021-06-21 10:06:56,407.1,9166758
2021-06-21 10:06:56,407.0,9166783
2021-06-21 10:06:58,407.0,9166843
2021-06-21 10:06:59,407.1,9166900
2021-06-21 10:07:00,407.1,9167223
2021-06-21 10:07:01,407.0,9167576
2021-06-21 10:07:01,407.0,9167693
2021-06-21 10:07:03,407.0,9167779
2021-06-21 10:07:04,407.1,9173317
2021-06-21 10:07:05,407.15,9173400
2021-06-21 10:07:06,407.1,9173534
2021-06-21 10:07:07,407.1,9173674
2021-06-21 10:07:07,407.1,9173681
2021-06-21 10:07:09,407.1,9173790
2021-06-21 10:07:10,407.1,9173898
2021-06-21 10:07:11,407.05,9174163
2021-06-21 10:07:12,407.1,9174474
2021-06-21 10:07:13,407.1,9174931
2021-06-21 10:07:13,407.05,9174911
2021-06-21 10:07:14,407.05,9178356
2021-06-21 10:07:16,407.15,9178648
2021-06-21 10:07:17,407.15,9178673
2021-06-21 10:07:18,407.15,9178686
2021-06-21 10:07:19,407.15,9178754
2021-06-21 10:07:20,407.15,9178754
2021-06-21 10:07:21,407.05,9179332
2021-06-21 10:07:22,407.05,9180904
2021-06-21 10:07:23,407.05,9180947
2021-06-21 10:07:24,407.05,9181182
2021-06-21 10:07:25,407.05,9183507
2021-06-21 10:07:25,407.0,9183807
2021-06-21 10:07:26,407.05,9184328
2021-06-21 10:07:27,407.15,9186668
2021-06-21 10:07:28,407.0,9188707
2021-06-21 10:07:29,407.15,9189317
2021-06-21 10:07:31,407.2,9203616
2021-06-21 10:07:32,407.15,9216151
2021-06-21 10:07:33,407.25,9216200
2021-06-21 10:07:34,407.2,9216226
2021-06-21 10:07:35,407.1,9217236
2021-06-21 10:07:36,407.2,9217237
2021-06-21 10:07:36,407.2,9217946
2021-06-21 10:07:37,407.15,9219141
2021-06-21 10:07:39,407.1,9219216
2021-06-21 10:07:40,407.15,9219429
2021-06-21 10:07:41,407.05,9219616
2021-06-21 10:07:42,407.1,9219681
2021-06-21 10:07:43,407.2,9219806
2021-06-21 10:07:44,407.2,9220691
2021-06-21 10:07:44,407.15,9220692
2021-06-21 10:07:45,407.15,9220832
2021-06-21 10:07:47,407.15,9220875
2021-06-21 10:07:48,407.2,9222103
2021-06-21 10:07:49,407.15,9223297
2021-06-21 10:07:50,407.15,9224134
2021-06-21 10:07:51,407.2,9224237
2021-06-21 10:07:52,407.2,9224600
2021-06-21 10:07:53,407.15,9227614
2021-06-21 10:07:53,407.15,9227614
2021-06-21 10:07:54,407.15,9227670
2021-06-21 10:07:56,407.15,9228515
2021-06-21 10:07:57,407.2,9228885
2021-06-21 10:07:58,407.2,9228887
2021-06-21 10:07:59,407.15,9229039
2021-06-21 10:08:00,407.2,9233071
2021-06-21 10:08:00,407.2,9233271
2021-06-21 10:08:01,407.2,9235017
2021-06-21 10:08:03,407.2,9235244
2021-06-21 10:08:04,407.15,9235283
2021-06-21 10:08:05,407.2,9235777
2021-06-21 10:08:06,407.2,9236206
2021-06-21 10:08:07,407.2,9236519
