timestamp,ltp,volume
2021-06-21 09:16:41,27803.9,554
2021-06-21 09:16:41,27803.9,554
2021-06-21 09:16:42,27798.95,556
2021-06-21 09:16:43,27815.25,566
2021-06-21 09:16:44,27815.25,566
2021-06-21 09:16:45,27815.25,566
2021-06-21 09:16:46,27823.15,568
2021-06-21 09:16:48,27823.15,568
2021-06-21 09:16:49,27825.05,573
2021-06-21 09:16:52,27825.05,573
2021-06-21 09:16:53,27825.05,573
2021-06-21 09:16:54,27825.05,573
2021-06-21 09:16:56,27849.85,576
2021-06-21 09:16:57,27849.85,576
2021-06-21 09:16:58,27850.0,577
2021-06-21 09:16:59,27850.0,577
2021-06-21 09:17:00,27862.7,594
2021-06-21 09:17:01,27862.7,594
2021-06-21 09:17:02,27831.0,604
2021-06-21 09:17:03,27831.0,604
2021-06-21 09:17:04,27816.8,608
2021-06-21 09:17:05,27816.8,608
2021-06-21 09:17:06,27816.8,608
2021-06-21 09:17:07,27816.8,612
2021-06-21 09:17:08,27822.55,624
2021-06-21 09:17:09,27822.55,624
2021-06-21 09:17:10,27822.55,624
2021-06-21 09:17:12,27790.55,640
2021-06-21 09:17:13,27759.95,647
2021-06-21 09:17:14,27759.0,652
2021-06-21 09:17:15,27774.5,655
2021-06-21 09:17:16,27774.5,655
2021-06-21 09:17:17,27750.25,661
2021-06-21 09:17:18,27750.25,665
2021-06-21 09:17:19,27750.25,665
2021-06-21 09:17:20,27725.5,705
2021-06-21 09:17:21,27725.5,705
2021-06-21 09:17:22,27736.5,715
2021-06-21 09:17:23,27767.65,723
2021-06-21 09:17:24,27767.65,723
2021-06-21 09:17:25,27767.65,723
2021-06-21 09:17:26,27770.0,726
2021-06-21 09:17:27,27770.0,726
2021-06-21 09:17:28,27770.0,726
2021-06-21 09:17:29,27770.0,726
2021-06-21 09:17:30,27770.0,726
2021-06-21 09:17:31,27765.85,727
2021-06-21 09:17:32,27765.85,727
2021-06-21 09:17:33,27731.25,737
2021-06-21 09:17:34,27764.45,738
2021-06-21 09:17:35,27774.5,788
2021-06-21 09:17:36,27791.25,789
2021-06-21 09:17:37,27791.25,789
2021-06-21 09:17:38,27791.25,789
2021-06-21 09:17:39,27800.0,791
2021-06-21 09:17:40,27800.0,791
2021-06-21 09:17:41,27802.65,796
2021-06-21 09:17:42,27842.45,802
2021-06-21 09:17:43,27842.45,802
2021-06-21 09:17:44,27842.45,802
2021-06-21 09:17:45,27820.35,829
2021-06-21 09:17:46,27817.85,831
2021-06-21 09:17:47,27846.75,832
2021-06-21 09:17:48,27828.75,843
2021-06-21 09:17:49,27828.75,843
2021-06-21 09:17:51,27828.75,843
2021-06-21 09:17:52,27866.7,844
2021-06-21 09:17:52,27866.7,844
2021-06-21 09:17:53,27866.7,844
2021-06-21 09:17:54,27866.7,844
2021-06-21 09:17:55,27866.7,844
2021-06-21 09:17:56,27866.7,844
2021-06-21 09:17:57,27866.7,844
2021-06-21 09:17:58,27866.7,844
2021-06-21 09:17:59,27836.55,845
2021-06-21 09:18:00,27836.55,845
2021-06-21 09:18:03,27836.55,845
2021-06-21 09:18:03,27836.55,845
2021-06-21 09:18:04,27836.55,845
2021-06-21 09:18:06,27856.2,846
2021-06-21 09:18:06,27856.2,846
2021-06-21 09:18:07,27856.2,846
2021-06-21 09:18:09,27856.2,846
2021-06-21 09:18:10,27856.2,846
2021-06-21 09:18:10,27856.2,846
2021-06-21 09:18:11,27856.2,846
2021-06-21 09:18:13,27856.2,846
2021-06-21 09:18:13,27856.2,846
2021-06-21 09:18:14,27856.2,846
2021-06-21 09:18:15,27835.8,873
2021-06-21 09:18:16,27835.8,873
2021-06-21 09:18:17,27835.8,873
2021-06-21 09:18:18,27831.8,874
2021-06-21 09:18:20,27850.55,881
2021-06-21 09:18:21,27850.55,881
2021-06-21 09:18:23,27835.6,883
2021-06-21 09:18:24,27830.0,884
2021-06-21 09:18:24,27830.0,884
2021-06-21 09:18:26,27820.0,887
2021-06-21 09:18:28,27820.0,887
2021-06-21 09:18:28,27820.0,887
2021-06-21 09:18:29,27820.0,887
2021-06-21 09:18:31,27820.0,887
2021-06-21 09:18:31,27820.0,887
2021-06-21 09:18:32,27820.0,887
2021-06-21 09:18:34,27801.0,903
2021-06-21 09:18:34,27764.45,912
2021-06-21 09:18:35,27778.6,913
2021-06-21 09:18:36,27778.6,913
2021-06-21 09:18:37,27770.2,915
2021-06-21 09:18:38,27808.85,937
2021-06-21 09:18:39,27772.3,938
2021-06-21 09:18:40,27791.75,954
2021-06-21 09:18:41,27791.75,954
2021-06-21 09:18:42,27761.75,974
2021-06-21 09:18:43,27761.75,974
2021-06-21 09:18:44,27760.45,978
2021-06-21 09:18:45,27775.8,979
2021-06-21 09:18:46,27775.8,979
2021-06-21 09:18:48,27775.8,981
2021-06-21 09:18:49,27775.8,981
2021-06-21 09:18:50,27775.8,981
2021-06-21 09:18:51,27786.6,1009
2021-06-21 09:18:52,27786.6,1009
2021-06-21 09:18:53,27786.6,1009
2021-06-21 09:18:54,27799.65,1019
2021-06-21 09:18:55,27799.65,1019
2021-06-21 09:18:57,27799.65,1019
2021-06-21 09:18:59,27799.65,1019
2021-06-21 09:18:59,27799.65,1019
2021-06-21 09:19:00,27799.65,1019
2021-06-21 09:19:02,27799.65,1019
2021-06-21 09:19:03,27775.15,1023
2021-06-21 09:19:04,27775.15,1023
2021-06-21 09:19:06,27775.15,1023
2021-06-21 09:19:07,27788.35,1025
2021-06-21 09:19:08,27788.0,1026
2021-06-21 09:19:09,27788.0,1026
2021-06-21 09:19:11,27786.55,1045
2021-06-21 09:19:11,27750.85,1055
2021-06-21 09:19:12,27750.85,1055
2021-06-21 09:19:13,27750.85,1055
2021-06-21 09:19:14,27750.85,1055
2021-06-21 09:19:15,27783.95,1057
2021-06-21 09:19:16,27781.45,1082
2021-06-21 09:19:17,27781.45,1082
2021-06-21 09:19:19,27781.45,1082
2021-06-21 09:19:19,27775.8,1083
2021-06-21 09:19:21,27784.0,1088
2021-06-21 09:19:21,27784.0,1088
2021-06-21 09:19:22,27784.0,1095
2021-06-21 09:19:24,27784.0,1097
2021-06-21 09:19:24,27784.0,1097
2021-06-21 09:19:25,27791.4,1106
2021-06-21 09:19:26,27791.4,1106
2021-06-21 09:19:27,27791.4,1106
2021-06-21 09:19:28,27791.4,1106
2021-06-21 09:19:29,27791.4,1106
2021-06-21 09:19:30,27799.0,1108
2021-06-21 09:19:31,27799.0,1108
2021-06-21 09:19:32,27799.0,1108
2021-06-21 09:19:33,27799.0,1108
2021-06-21 09:19:34,27824.0,1109
2021-06-21 09:19:35,27824.0,1109
2021-06-21 09:19:36,27824.0,1109
2021-06-21 09:19:37,27824.0,1109
2021-06-21 09:19:38,27824.0,1109
2021-06-21 09:19:39,27823.95,1117
2021-06-21 09:19:40,27823.95,1117
2021-06-21 09:19:41,27823.95,1117
2021-06-21 09:19:42,27823.95,1117
2021-06-21 09:19:44,27817.3,1118
2021-06-21 09:19:45,27817.3,1118
2021-06-21 09:19:46,27817.3,1118
2021-06-21 09:19:47,27800.0,1119
2021-06-21 09:19:48,27800.0,1119
2021-06-21 09:19:49,27800.0,1119
2021-06-21 09:19:50,27800.0,1119
2021-06-21 09:19:51,27839.45,1169
2021-06-21 09:19:52,27831.45,1170
2021-06-21 09:19:53,27804.3,1171
2021-06-21 09:19:54,27800.05,1172
2021-06-21 09:19:55,27800.05,1172
2021-06-21 09:19:56,27825.85,1174
2021-06-21 09:19:57,27825.85,1174
2021-06-21 09:19:59,27825.85,1174
2021-06-21 09:20:00,27825.85,1174
2021-06-21 09:20:01,27825.85,1174
2021-06-21 09:20:01,27825.85,1174
2021-06-21 09:20:02,27799.0,1182
2021-06-21 09:20:03,27799.0,1182
2021-06-21 09:20:04,27800.0,1184
2021-06-21 09:20:06,27780.0,1206
2021-06-21 09:20:07,27783.25,1207
2021-06-21 09:20:07,27755.15,1209
2021-06-21 09:20:09,27796.55,1213
2021-06-21 09:20:10,27796.55,1213
2021-06-21 09:20:11,27796.55,1213
2021-06-21 09:20:12,27787.15,1215
2021-06-21 09:20:12,27786.05,1216
2021-06-21 09:20:13,27786.05,1216
2021-06-21 09:20:14,27785.4,1226
2021-06-21 09:20:15,27785.4,1226
2021-06-21 09:20:16,27785.4,1226
2021-06-21 09:20:19,27785.4,1226
2021-06-21 09:20:20,27785.4,1226
2021-06-21 09:20:20,27785.4,1226
2021-06-21 09:20:21,27785.4,1226
2021-06-21 09:20:22,27784.95,1227
2021-06-21 09:20:23,27784.95,1227
2021-06-21 09:20:24,27771.1,1234
2021-06-21 09:20:25,27771.1,1234
2021-06-21 09:20:27,27771.1,1234
2021-06-21 09:20:28,27771.1,1234
2021-06-21 09:20:28,27786.65,1239
2021-06-21 09:20:29,27786.65,1239
2021-06-21 09:20:31,27786.65,1239
2021-06-21 09:20:32,27786.65,1239
2021-06-21 09:20:33,27817.3,1259
2021-06-21 09:20:34,27817.3,1259
2021-06-21 09:20:35,27817.3,1259
2021-06-21 09:20:36,27823.95,1270
2021-06-21 09:20:37,27823.95,1270
2021-06-21 09:20:37,27823.95,1270
2021-06-21 09:20:38,27823.95,1270
2021-06-21 09:20:39,27823.95,1270
2021-06-21 09:20:40,27823.95,1270
2021-06-21 09:20:41,27823.95,1270
2021-06-21 09:20:42,27823.95,1270
2021-06-21 09:20:44,27823.95,1270
2021-06-21 09:20:45,27823.95,1270
2021-06-21 09:20:47,27823.95,1270
2021-06-21 09:20:49,27823.95,1270
2021-06-21 09:20:50,27823.95,1270
2021-06-21 09:20:51,27814.75,1271
2021-06-21 09:20:51,27814.75,1271
2021-06-21 09:20:52,27814.7,1274
2021-06-21 09:20:54,27820.95,1276
2021-06-21 09:20:55,27820.95,1276
2021-06-21 09:20:55,27789.05,1277
2021-06-21 09:20:57,27789.05,1277
2021-06-21 09:20:58,27793.05,1278
2021-06-21 09:20:59,27778.25,1282
2021-06-21 09:21:01,27802.9,1283
2021-06-21 09:21:02,27802.9,1283
2021-06-21 09:21:02,27802.9,1283
2021-06-21 09:21:04,27802.9,1283
2021-06-21 09:21:05,27802.9,1283
2021-06-21 09:21:06,27803.35,1289
2021-06-21 09:21:06,27802.9,1283
2021-06-21 09:21:07,27803.35,1289
2021-06-21 09:21:08,27780.15,1290
2021-06-21 09:21:09,27781.9,1292
2021-06-21 09:21:10,27781.9,1292
2021-06-21 09:21:12,27788.6,1322
2021-06-21 09:21:12,27789.9,1348
2021-06-21 09:21:13,27790.45,1352
2021-06-21 09:21:14,27790.45,1353
2021-06-21 09:21:15,27790.5,1356
2021-06-21 09:21:16,27790.5,1356
2021-06-21 09:21:17,27790.5,1356
2021-06-21 09:21:18,27790.45,1357
2021-06-21 09:21:20,27784.25,1359
2021-06-21 09:21:21,27784.25,1359
2021-06-21 09:21:22,27828.55,1388
2021-06-21 09:21:23,27784.75,1389
2021-06-21 09:21:23,27784.75,1389
2021-06-21 09:21:25,27816.1,1407
2021-06-21 09:21:26,27834.0,1408
2021-06-21 09:21:27,27816.7,1409
2021-06-21 09:21:28,27816.05,1410
2021-06-21 09:21:30,27815.1,1412
2021-06-21 09:21:31,27815.1,1413
2021-06-21 09:21:32,27815.1,1414
2021-06-21 09:21:32,27815.1,1414
2021-06-21 09:21:33,27815.1,1414
2021-06-21 09:21:34,27815.1,1415
2021-06-21 09:21:37,27825.05,1419
2021-06-21 09:21:38,27825.05,1420
2021-06-21 09:21:39,27825.05,1422
2021-06-21 09:21:40,27825.05,1423
2021-06-21 09:21:41,27825.05,1424
2021-06-21 09:21:42,27825.05,1425
2021-06-21 09:21:43,27825.05,1426
2021-06-21 09:21:44,27825.15,1428
2021-06-21 09:21:46,27825.15,1430
2021-06-21 09:21:47,27825.15,1431
2021-06-21 09:21:47,27840.0,1442
2021-06-21 09:21:48,27816.1,1443
2021-06-21 09:21:49,27816.1,1443
2021-06-21 09:21:51,27816.1,1443
2021-06-21 09:21:52,27816.1,1443
2021-06-21 09:21:53,27816.05,1444
2021-06-21 09:21:55,27816.05,1445
2021-06-21 09:21:56,27816.05,1445
2021-06-21 09:21:57,27817.1,1446
2021-06-21 09:21:58,27817.1,1446
2021-06-21 09:21:59,27817.1,1447
2021-06-21 09:22:00,27817.1,1448
2021-06-21 09:22:01,27817.15,1450
2021-06-21 09:22:02,27817.15,1451
2021-06-21 09:22:03,27817.2,1453
2021-06-21 09:22:04,27817.35,1455
2021-06-21 09:22:05,27818.05,1456
2021-06-21 09:22:06,27818.05,1456
2021-06-21 09:22:07,27818.05,1456
2021-06-21 09:22:08,27818.05,1456
2021-06-21 09:22:09,27818.05,1456
2021-06-21 09:22:11,27818.05,1456
2021-06-21 09:22:12,27818.05,1456
2021-06-21 09:22:13,27818.05,1456
2021-06-21 09:22:15,27818.05,1456
2021-06-21 09:22:16,27818.05,1458
2021-06-21 09:22:17,27818.05,1458
2021-06-21 09:22:18,27818.05,1458
2021-06-21 09:22:20,27844.0,1462
2021-06-21 09:22:21,27844.0,1462
2021-06-21 09:22:22,27844.0,1462
2021-06-21 09:22:23,27844.0,1462
2021-06-21 09:22:24,27844.0,1462
2021-06-21 09:22:25,27844.0,1462
2021-06-21 09:22:26,27844.0,1462
2021-06-21 09:22:27,27844.0,1462
2021-06-21 09:22:28,27844.0,1467
2021-06-21 09:22:29,27844.0,1467
2021-06-21 09:22:32,27844.0,1467
2021-06-21 09:22:33,27844.0,1467
2021-06-21 09:22:34,27844.0,1467
2021-06-21 09:22:35,27844.0,1467
2021-06-21 09:22:36,27844.0,1474
2021-06-21 09:22:37,27844.0,1474
2021-06-21 09:22:38,27844.0,1474
2021-06-21 09:22:39,27844.0,1474
2021-06-21 09:22:40,27844.0,1475
2021-06-21 09:22:41,27844.0,1475
2021-06-21 09:22:42,27844.0,1475
2021-06-21 09:22:43,27844.0,1475
2021-06-21 09:22:44,27844.0,1475
2021-06-21 09:22:45,27844.0,1475
2021-06-21 09:22:47,27843.45,1480
2021-06-21 09:22:48,27843.45,1480
2021-06-21 09:22:49,27819.25,1481
2021-06-21 09:22:50,27819.25,1481
2021-06-21 09:22:51,27819.25,1481
2021-06-21 09:22:52,27819.25,1481
2021-06-21 09:22:52,27840.0,1482
2021-06-21 09:22:53,27840.0,1482
2021-06-21 09:22:54,27840.0,1482
2021-06-21 09:23:03,27866.0,1528
2021-06-21 09:23:04,27866.0,1528
2021-06-21 09:23:05,27866.0,1528
2021-06-21 09:23:06,27866.0,1528
2021-06-21 09:23:07,27866.0,1528
2021-06-21 09:23:08,27866.0,1528
2021-06-21 09:23:09,27866.0,1528
2021-06-21 09:23:10,27866.0,1528
2021-06-21 09:23:11,27866.0,1528
2021-06-21 09:23:12,27866.0,1531
2021-06-21 09:23:13,27866.0,1531
2021-06-21 09:23:14,27866.0,1531
2021-06-21 09:23:15,27866.0,1531
2021-06-21 09:23:16,27866.0,1532
2021-06-21 09:23:16,27866.0,1532
2021-06-21 09:23:17,27866.0,1532
2021-06-21 09:23:18,27866.0,1533
2021-06-21 09:23:20,27866.0,1533
2021-06-21 09:23:21,27866.0,1533
2021-06-21 09:23:22,27866.0,1534
2021-06-21 09:23:23,27866.0,1534
2021-06-21 09:23:24,27865.0,1535
2021-06-21 09:23:25,27850.0,1536
2021-06-21 09:23:26,27850.0,1536
2021-06-21 09:23:27,27850.0,1536
2021-06-21 09:23:28,27850.0,1536
2021-06-21 09:23:29,27866.0,1538
2021-06-21 09:23:30,27866.0,1538
2021-06-21 09:23:31,27866.0,1538
2021-06-21 09:23:32,27866.0,1538
2021-06-21 09:23:33,27866.0,1538
2021-06-21 09:23:33,27866.0,1538
2021-06-21 09:23:34,27873.6,1544
2021-06-21 09:23:35,27873.6,1544
2021-06-21 09:23:36,27873.6,1544
2021-06-21 09:23:37,27873.6,1544
2021-06-21 09:23:38,27873.6,1544
2021-06-21 09:23:39,27873.6,1544
2021-06-21 09:23:40,27873.6,1544
2021-06-21 09:23:41,27873.6,1544
2021-06-21 09:23:42,27873.6,1544
2021-06-21 09:23:44,27860.0,1545
2021-06-21 09:23:45,27860.0,1545
2021-06-21 09:23:46,27860.0,1545
2021-06-21 09:23:47,27860.0,1545
2021-06-21 09:23:48,27850.6,1549
2021-06-21 09:23:49,27850.6,1549
2021-06-21 09:23:59,27870.0,1550
2021-06-21 09:23:59,27870.0,1550
2021-06-21 09:24:01,27870.0,1550
2021-06-21 09:24:02,27870.0,1550
2021-06-21 09:24:03,27872.0,1555
2021-06-21 09:24:05,27872.0,1558
2021-06-21 09:24:06,27872.0,1558
2021-06-21 09:24:07,27872.0,1558
2021-06-21 09:24:08,27872.0,1558
2021-06-21 09:24:09,27850.9,1578
2021-06-21 09:24:11,27850.9,1578
2021-06-21 09:24:12,27868.95,1579
2021-06-21 09:24:13,27868.95,1579
2021-06-21 09:24:14,27868.95,1579
2021-06-21 09:24:14,27868.95,1579
2021-06-21 09:24:17,27840.05,1628
2021-06-21 09:24:18,27840.05,1628
2021-06-21 09:24:19,27840.05,1628
2021-06-21 09:24:20,27845.05,1643
2021-06-21 09:24:21,27845.05,1643
2021-06-21 09:24:22,27845.05,1643
2021-06-21 09:24:23,27845.05,1643
2021-06-21 09:24:24,27845.05,1643
2021-06-21 09:24:25,27845.05,1643
2021-06-21 09:24:26,27840.05,1644
2021-06-21 09:24:27,27840.05,1644
2021-06-21 09:24:28,27840.05,1657
2021-06-21 09:24:29,27840.05,1657
2021-06-21 09:24:31,27840.05,1657
2021-06-21 09:24:32,27840.05,1657
2021-06-21 09:24:33,27840.05,1657
2021-06-21 09:24:34,27840.05,1657
2021-06-21 09:24:35,27840.05,1657
2021-06-21 09:24:35,27840.05,1657
2021-06-21 09:24:37,27840.05,1657
2021-06-21 09:24:38,27840.05,1657
2021-06-21 09:24:40,27857.75,1663
2021-06-21 09:24:41,27857.75,1663
2021-06-21 09:24:42,27857.7,1664
2021-06-21 09:24:43,27857.7,1664
2021-06-21 09:24:45,27857.7,1665
2021-06-21 09:24:46,27857.7,1667
2021-06-21 09:24:47,27857.7,1669
2021-06-21 09:24:48,27871.9,1670
2021-06-21 09:24:48,27871.9,1670
2021-06-21 09:24:49,27875.0,1686
2021-06-21 09:24:50,27875.0,1686
2021-06-21 09:24:51,27875.0,1686
2021-06-21 09:24:52,27875.0,1686
2021-06-21 09:24:55,27874.95,1688
2021-06-21 09:24:56,27874.95,1688
2021-06-21 09:24:56,27874.95,1688
2021-06-21 09:24:57,27874.95,1688
2021-06-21 09:24:58,27846.8,1698
2021-06-21 09:24:59,27841.45,1699
2021-06-21 09:25:00,27841.45,1699
2021-06-21 09:25:01,27841.45,1699
2021-06-21 09:25:02,27841.45,1699
2021-06-21 09:25:03,27848.0,1700
2021-06-21 09:25:06,27848.0,1701
2021-06-21 09:25:07,27848.0,1701
2021-06-21 09:25:08,27860.45,1702
2021-06-21 09:25:09,27860.45,1702
2021-06-21 09:25:10,27867.75,1705
2021-06-21 09:25:11,27867.75,1705
2021-06-21 09:25:12,27867.75,1706
2021-06-21 09:25:13,27867.75,1706
2021-06-21 09:25:14,27867.75,1706
2021-06-21 09:25:15,27867.75,1706
2021-06-21 09:25:16,27867.75,1706
2021-06-21 09:25:17,27874.6,1716
2021-06-21 09:25:18,27867.75,1717
2021-06-21 09:25:20,27867.75,1717
2021-06-21 09:25:21,27867.75,1717
2021-06-21 09:25:22,27867.75,1717
2021-06-21 09:25:25,27867.75,1717
2021-06-21 09:25:26,27867.75,1717
2021-06-21 09:25:27,27867.75,1717
2021-06-21 09:25:28,27867.75,1717
2021-06-21 09:25:29,27867.75,1717
2021-06-21 09:25:30,27867.75,1717
2021-06-21 09:25:31,27867.75,1717
2021-06-21 09:25:32,27867.75,1717
2021-06-21 09:25:33,27867.75,1717
2021-06-21 09:25:35,27867.75,1717
2021-06-21 09:25:38,27867.75,1717
2021-06-21 09:25:39,27867.75,1717
2021-06-21 09:25:40,27875.0,1718
2021-06-21 09:25:41,27870.0,1719
2021-06-21 09:25:42,27870.0,1719
2021-06-21 09:25:44,27870.0,1719
2021-06-21 09:25:45,27870.0,1719
2021-06-21 09:25:46,27890.0,1804
2021-06-21 09:25:47,27890.0,1804
2021-06-21 09:25:48,27890.0,1804
2021-06-21 09:25:48,27890.0,1804
2021-06-21 09:25:49,27890.0,1804
2021-06-21 09:25:50,27890.0,1804
2021-06-21 09:25:51,27890.0,1804
2021-06-21 09:25:53,27890.0,1804
2021-06-21 09:25:54,27895.8,1805
2021-06-21 09:25:55,27895.8,1805
2021-06-21 09:25:56,27895.8,1805
2021-06-21 09:25:57,27895.8,1805
2021-06-21 09:25:58,27895.8,1805
2021-06-21 09:25:59,27895.8,1805
2021-06-21 09:26:00,27895.8,1805
2021-06-21 09:26:01,27896.55,1806
2021-06-21 09:26:02,27896.55,1806
2021-06-21 09:26:03,27896.55,1806
2021-06-21 09:26:05,27896.55,1806
2021-06-21 09:26:05,27890.0,1811
2021-06-21 09:26:07,27890.0,1811
2021-06-21 09:26:08,27890.0,1819
2021-06-21 09:26:09,27890.0,1819
2021-06-21 09:26:10,27896.55,1829
2021-06-21 09:26:11,27896.55,1829
2021-06-21 09:26:12,27876.0,1831
2021-06-21 09:26:15,27876.1,1841
2021-06-21 09:26:16,27876.1,1841
2021-06-21 09:26:17,27876.1,1841
2021-06-21 09:26:18,27875.0,1857
2021-06-21 09:26:19,27875.0,1857
2021-06-21 09:26:20,27875.0,1857
2021-06-21 09:26:22,27875.0,1857
2021-06-21 09:26:23,27875.0,1857
2021-06-21 09:26:24,27884.0,1858
2021-06-21 09:26:25,27880.0,1860
2021-06-21 09:26:26,27880.0,1860
2021-06-21 09:26:27,27880.0,1860
2021-06-21 09:26:28,27880.0,1860
2021-06-21 09:26:29,27880.0,1863
2021-06-21 09:26:30,27880.0,1863
2021-06-21 09:26:31,27880.0,1863
2021-06-21 09:26:32,27880.0,1863
2021-06-21 09:26:33,27879.0,1866
2021-06-21 09:26:34,27879.0,1866
2021-06-21 09:26:35,27879.0,1866
2021-06-21 09:26:36,27879.0,1866
2021-06-21 09:26:38,27879.0,1866
2021-06-21 09:26:39,27878.95,1871
2021-06-21 09:26:40,27878.95,1871
2021-06-21 09:26:41,27878.95,1871
2021-06-21 09:26:42,27870.0,1877
2021-06-21 09:26:43,27870.0,1877
2021-06-21 09:26:45,27879.0,1879
2021-06-21 09:26:46,27879.0,1879
2021-06-21 09:26:47,27879.0,1879
2021-06-21 09:26:48,27879.0,1879
2021-06-21 09:26:49,27879.0,1879
2021-06-21 09:26:50,27867.75,1889
2021-06-21 09:26:51,27867.75,1889
2021-06-21 09:26:52,27867.75,1889
2021-06-21 09:26:59,27860.0,1890
2021-06-21 09:27:05,27899.95,1940
2021-06-21 09:27:11,27862.25,1941
2021-06-21 09:27:24,27875.0,1991
2021-06-21 09:27:30,27879.0,1992
2021-06-21 09:27:36,27858.55,1994
2021-06-21 09:27:42,27858.55,1994
2021-06-21 09:27:48,27855.0,2000
2021-06-21 09:27:54,27869.95,2011
2021-06-21 09:28:00,27869.95,2011
2021-06-21 09:28:06,27869.95,2011
2021-06-21 09:28:13,27846.0,2029
2021-06-21 09:28:19,27860.0,2041
2021-06-21 09:28:25,27860.0,2041
2021-06-21 09:28:31,27846.0,2043
2021-06-21 09:28:37,27846.0,2044
2021-06-21 09:28:43,27846.0,2044
2021-06-21 09:28:49,27846.0,2047
2021-06-21 09:28:55,27846.0,2059
2021-06-21 09:29:01,27846.0,2059
2021-06-21 09:29:07,27851.3,2063
2021-06-21 09:29:13,27869.95,2079
2021-06-21 09:29:19,27865.85,2144
2021-06-21 09:29:25,27886.9,2154
2021-06-21 09:29:37,27846.0,2198
2021-06-21 09:29:44,27853.8,2210
2021-06-21 09:29:50,27846.0,2213
2021-06-21 09:29:56,27855.0,2236
2021-06-21 09:30:02,27846.5,2238
2021-06-21 09:30:09,27846.5,2238
2021-06-21 09:30:15,27864.55,2240
2021-06-21 09:30:21,27841.1,2243
2021-06-21 09:30:28,27812.0,2297
2021-06-21 09:30:34,27826.2,2298
2021-06-21 09:30:40,27801.6,2310
2021-06-21 09:30:47,27801.45,2323
2021-06-21 09:30:53,27842.35,2338
2021-06-21 09:30:59,27842.35,2338
2021-06-21 09:31:05,27809.5,2350
2021-06-21 09:31:11,27828.35,2363
2021-06-21 09:31:17,27800.0,2405
2021-06-21 09:31:22,27800.0,2406
2021-06-21 09:31:29,27800.0,2406
2021-06-21 09:31:35,27786.05,2433
2021-06-21 09:31:41,27786.0,2435
2021-06-21 09:31:47,27809.0,2437
2021-06-21 09:31:53,27804.15,2449
2021-06-21 09:31:54,27804.15,2449
2021-06-21 09:31:55,27804.15,2449
2021-06-21 09:31:56,27827.7,2459
2021-06-21 09:31:57,27827.7,2459
2021-06-21 09:31:58,27827.7,2459
2021-06-21 09:31:59,27800.0,2465
2021-06-21 09:32:00,27800.0,2466
2021-06-21 09:32:01,27800.0,2466
2021-06-21 09:32:02,27800.0,2466
2021-06-21 09:32:03,27800.0,2466
2021-06-21 09:32:04,27800.0,2466
2021-06-21 09:32:05,27800.0,2466
2021-06-21 09:32:07,27800.0,2466
2021-06-21 09:32:08,27800.0,2466
2021-06-21 09:32:09,27800.55,2467
2021-06-21 09:32:11,27800.55,2467
2021-06-21 09:32:12,27800.55,2467
2021-06-21 09:32:14,27800.55,2467
2021-06-21 09:32:15,27800.55,2467
2021-06-21 09:32:18,27810.0,2468
2021-06-21 09:32:19,27810.0,2468
2021-06-21 09:32:21,27810.0,2468
2021-06-21 09:32:22,27810.0,2468
2021-06-21 09:32:24,27810.0,2469
2021-06-21 09:32:27,27810.0,2472
2021-06-21 09:32:28,27810.0,2472
2021-06-21 09:32:28,27810.0,2472
2021-06-21 09:32:29,27810.0,2472
2021-06-21 09:32:30,27810.0,2472
2021-06-21 09:32:32,27810.0,2472
2021-06-21 09:32:33,27810.0,2472
2021-06-21 09:32:34,27810.0,2472
2021-06-21 09:32:35,27810.0,2472
2021-06-21 09:32:36,27810.0,2472
2021-06-21 09:32:38,27810.0,2472
2021-06-21 09:32:39,27810.0,2472
2021-06-21 09:32:40,27826.95,2473
2021-06-21 09:32:41,27826.95,2473
2021-06-21 09:32:42,27826.95,2473
2021-06-21 09:32:43,27826.95,2473
2021-06-21 09:32:44,27826.95,2473
2021-06-21 09:32:45,27826.95,2473
2021-06-21 09:32:46,27826.95,2473
2021-06-21 09:32:47,27826.95,2473
2021-06-21 09:32:48,27826.95,2473
2021-06-21 09:32:50,27826.95,2473
2021-06-21 09:32:51,27826.95,2473
2021-06-21 09:32:52,27826.95,2473
2021-06-21 09:32:53,27826.95,2473
2021-06-21 09:32:54,27826.95,2474
2021-06-21 09:32:56,27826.95,2474
2021-06-21 09:32:57,27826.95,2474
2021-06-21 09:32:58,27826.95,2474
2021-06-21 09:32:59,27826.95,2474
2021-06-21 09:33:02,27826.95,2474
2021-06-21 09:33:02,27826.95,2474
2021-06-21 09:33:06,27825.0,2475
2021-06-21 09:33:07,27825.0,2475
2021-06-21 09:33:08,27825.0,2475
2021-06-21 09:33:09,27825.0,2475
2021-06-21 09:33:10,27825.0,2475
2021-06-21 09:33:12,27825.0,2475
2021-06-21 09:33:13,27825.0,2475
2021-06-21 09:33:14,27825.0,2475
2021-06-21 09:33:15,27825.0,2476
2021-06-21 09:33:16,27825.0,2476
2021-06-21 09:33:17,27810.0,2477
2021-06-21 09:33:18,27810.0,2479
2021-06-21 09:33:19,27810.0,2479
2021-06-21 09:33:21,27842.35,2506
2021-06-21 09:33:22,27842.35,2506
2021-06-21 09:33:23,27842.35,2506
2021-06-21 09:33:24,27842.35,2506
2021-06-21 09:33:25,27842.35,2506
2021-06-21 09:33:26,27839.95,2507
2021-06-21 09:33:27,27839.95,2507
2021-06-21 09:33:28,27811.2,2523
2021-06-21 09:33:29,27811.2,2523
2021-06-21 09:33:31,27811.2,2523
2021-06-21 09:33:32,27811.2,2523
2021-06-21 09:33:33,27811.2,2523
2021-06-21 09:33:34,27811.2,2523
2021-06-21 09:33:36,27811.2,2523
2021-06-21 09:33:38,27811.2,2523
2021-06-21 09:33:39,27811.2,2523
2021-06-21 09:33:40,27811.2,2523
2021-06-21 09:33:41,27811.2,2523
2021-06-21 09:33:42,27811.2,2523
2021-06-21 09:33:43,27811.2,2523
2021-06-21 09:33:44,27811.2,2523
2021-06-21 09:33:45,27811.2,2523
2021-06-21 09:33:47,27811.2,2523
2021-06-21 09:33:49,27811.2,2523
2021-06-21 09:33:50,27811.2,2523
2021-06-21 09:33:51,27811.2,2523
2021-06-21 09:33:52,27830.0,2524
2021-06-21 09:33:53,27830.0,2524
2021-06-21 09:33:54,27830.0,2524
2021-06-21 09:33:55,27830.0,2524
2021-06-21 09:33:56,27830.0,2524
2021-06-21 09:33:57,27830.0,2525
2021-06-21 09:33:58,27813.05,2526
2021-06-21 09:33:59,27813.05,2526
2021-06-21 09:34:00,27813.05,2526
2021-06-21 09:34:01,27813.05,2526
2021-06-21 09:34:02,27813.05,2526
2021-06-21 09:34:03,27813.05,2526
2021-06-21 09:34:05,27813.05,2526
2021-06-21 09:34:05,27813.05,2526
2021-06-21 09:34:06,27813.05,2526
2021-06-21 09:34:07,27813.05,2526
2021-06-21 09:34:08,27813.05,2526
2021-06-21 09:34:10,27813.05,2526
2021-06-21 09:34:11,27813.05,2526
2021-06-21 09:34:12,27813.05,2526
2021-06-21 09:34:13,27813.05,2526
2021-06-21 09:34:14,27813.05,2526
2021-06-21 09:34:15,27813.05,2526
2021-06-21 09:34:16,27813.05,2526
2021-06-21 09:34:17,27813.05,2526
2021-06-21 09:34:18,27813.05,2526
2021-06-21 09:34:19,27829.75,2528
2021-06-21 09:34:20,27829.75,2528
2021-06-21 09:34:22,27829.75,2528
2021-06-21 09:34:23,27829.75,2528
2021-06-21 09:34:26,27829.0,2530
2021-06-21 09:34:28,27829.0,2530
2021-06-21 09:34:29,27829.0,2530
2021-06-21 09:34:30,27829.0,2530
2021-06-21 09:34:31,27829.0,2532
2021-06-21 09:34:32,27829.0,2532
2021-06-21 09:34:34,27829.0,2532
2021-06-21 09:34:38,27829.0,2532
2021-06-21 09:34:39,27829.0,2532
2021-06-21 09:34:40,27829.0,2532
2021-06-21 09:34:41,27829.0,2532
2021-06-21 09:34:42,27829.0,2532
2021-06-21 09:34:44,27829.0,2532
2021-06-21 09:34:45,27829.0,2532
2021-06-21 09:34:47,27829.0,2532
2021-06-21 09:34:50,27829.0,2534
2021-06-21 09:34:52,27829.0,2534
2021-06-21 09:34:53,27829.0,2534
2021-06-21 09:34:59,27829.0,2534
2021-06-21 09:35:00,27829.0,2534
2021-06-21 09:35:01,27829.0,2534
2021-06-21 09:35:02,27829.0,2534
2021-06-21 09:35:03,27829.0,2534
2021-06-21 09:35:05,27829.0,2534
2021-06-21 09:35:06,27832.0,2535
2021-06-21 09:35:07,27832.0,2535
2021-06-21 09:35:09,27832.0,2535
2021-06-21 09:35:10,27832.0,2535
2021-06-21 09:35:11,27832.0,2535
2021-06-21 09:35:12,27832.0,2535
2021-06-21 09:35:13,27832.0,2535
2021-06-21 09:35:14,27815.05,2545
2021-06-21 09:35:15,27852.9,2596
2021-06-21 09:35:16,27852.9,2596
2021-06-21 09:35:17,27852.9,2596
2021-06-21 09:35:18,27852.9,2596
2021-06-21 09:35:19,27852.9,2596
2021-06-21 09:35:20,27852.9,2596
2021-06-21 09:35:21,27852.9,2596
2021-06-21 09:35:22,27852.9,2596
2021-06-21 09:35:23,27852.9,2596
2021-06-21 09:35:25,27852.9,2596
2021-06-21 09:35:26,27852.9,2596
2021-06-21 09:35:27,27852.9,2596
2021-06-21 09:35:28,27852.9,2596
2021-06-21 09:35:29,27852.9,2596
2021-06-21 09:35:30,27852.9,2596
2021-06-21 09:35:32,27852.9,2596
2021-06-21 09:35:34,27852.9,2596
2021-06-21 09:35:35,27852.9,2596
2021-06-21 09:35:36,27852.9,2596
2021-06-21 09:35:37,27852.9,2596
2021-06-21 09:35:39,27852.9,2596
2021-06-21 09:35:40,27852.9,2596
2021-06-21 09:35:42,27852.9,2596
2021-06-21 09:35:43,27852.9,2596
2021-06-21 09:35:44,27886.95,2606
2021-06-21 09:35:45,27887.3,2607
2021-06-21 09:35:46,27887.3,2607
2021-06-21 09:35:47,27887.3,2607
2021-06-21 09:35:48,27887.3,2607
2021-06-21 09:35:49,27887.3,2607
2021-06-21 09:35:51,27884.95,2612
2021-06-21 09:35:52,27854.25,2620
2021-06-21 09:35:53,27854.25,2620
2021-06-21 09:35:54,27852.0,2627
2021-06-21 09:35:55,27852.0,2627
2021-06-21 09:35:56,27852.0,2627
2021-06-21 09:35:57,27852.0,2637
2021-06-21 09:35:59,27852.0,2637
2021-06-21 09:36:00,27852.0,2637
2021-06-21 09:36:02,27852.0,2637
2021-06-21 09:36:03,27852.0,2637
2021-06-21 09:36:04,27852.0,2637
2021-06-21 09:36:05,27852.0,2637
2021-06-21 09:36:06,27852.0,2637
2021-06-21 09:36:07,27852.0,2637
2021-06-21 09:36:08,27852.0,2637
2021-06-21 09:36:09,27852.0,2637
2021-06-21 09:36:10,27852.0,2637
2021-06-21 09:36:11,27852.0,2637
2021-06-21 09:36:12,27852.0,2637
2021-06-21 09:36:13,27852.0,2637
2021-06-21 09:36:15,27860.25,2639
2021-06-21 09:36:16,27860.25,2639
2021-06-21 09:36:17,27860.25,2639
2021-06-21 09:36:18,27860.25,2639
2021-06-21 09:36:19,27860.25,2639
2021-06-21 09:36:20,27860.25,2639
2021-06-21 09:36:21,27860.25,2639
2021-06-21 09:36:22,27860.25,2639
2021-06-21 09:36:23,27860.25,2639
2021-06-21 09:36:24,27860.25,2639
2021-06-21 09:36:25,27860.25,2639
2021-06-21 09:36:26,27860.25,2639
2021-06-21 09:36:27,27860.25,2639
2021-06-21 09:36:28,27860.25,2639
2021-06-21 09:36:29,27860.25,2639
2021-06-21 09:36:30,27860.25,2639
2021-06-21 09:36:31,27860.25,2639
2021-06-21 09:36:32,27860.25,2639
2021-06-21 09:36:33,27860.25,2639
2021-06-21 09:36:34,27860.25,2639
2021-06-21 09:36:35,27843.0,2651
2021-06-21 09:36:36,27843.0,2651
2021-06-21 09:36:40,27843.0,2651
2021-06-21 09:36:42,27819.9,2658
2021-06-21 09:36:43,27819.9,2658
2021-06-21 09:36:44,27819.9,2658
2021-06-21 09:36:45,27819.9,2658
2021-06-21 09:36:46,27833.55,2666
2021-06-21 09:36:47,27833.55,2666
2021-06-21 09:36:48,27815.1,2667
2021-06-21 09:36:49,27815.1,2668
2021-06-21 09:36:50,27815.1,2668
2021-06-21 09:36:51,27815.1,2668
2021-06-21 09:36:53,27815.1,2668
2021-06-21 09:36:55,27815.1,2668
2021-06-21 09:37:01,27815.0,2669
2021-06-21 09:37:07,27813.0,2676
2021-06-21 09:37:13,27813.0,2676
2021-06-21 09:37:19,27813.0,2676
2021-06-21 09:37:25,27834.75,2680
2021-06-21 09:37:30,27834.75,2680
2021-06-21 09:37:36,27834.75,2680
2021-06-21 09:37:41,27834.75,2680
2021-06-21 09:37:47,27834.75,2690
2021-06-21 09:37:53,27815.1,2693
2021-06-21 09:37:59,27815.1,2693
2021-06-21 09:38:04,27815.1,2693
2021-06-21 09:38:10,27815.1,2693
2021-06-21 09:38:21,27815.1,2693
2021-06-21 09:38:27,27820.0,2718
2021-06-21 09:38:33,27845.15,2723
2021-06-21 09:38:39,27845.0,2728
2021-06-21 09:38:44,27839.25,2729
2021-06-21 09:38:49,27860.0,2732
2021-06-21 09:38:54,27860.0,2732
2021-06-21 09:39:00,27860.0,2732
2021-06-21 09:39:06,27860.0,2732
2021-06-21 09:39:11,27860.0,2732
2021-06-21 09:39:17,27887.0,2733
2021-06-21 09:39:22,27887.0,2733
2021-06-21 09:39:28,27887.0,2733
2021-06-21 09:39:34,27890.2,2739
2021-06-21 09:39:40,27897.0,2746
2021-06-21 09:39:45,27897.0,2747
2021-06-21 09:39:51,27897.0,2747
2021-06-21 09:39:56,27876.1,2748
2021-06-21 09:40:02,27876.1,2748
2021-06-21 09:40:07,27876.1,2748
2021-06-21 09:40:13,27876.1,2748
2021-06-21 09:40:24,27876.1,2748
2021-06-21 09:40:30,27876.1,2748
2021-06-21 09:40:35,27876.1,2748
2021-06-21 09:40:40,27876.1,2748
2021-06-21 09:40:46,27876.1,2748
2021-06-21 09:40:51,27876.1,2748
2021-06-21 09:40:56,27876.1,2748
2021-06-21 09:41:02,27876.1,2748
2021-06-21 09:41:07,27876.1,2748
2021-06-21 09:41:13,27876.1,2748
2021-06-21 09:41:19,27876.1,2748
2021-06-21 09:41:24,27876.1,2748
2021-06-21 09:41:41,27876.1,2748
2021-06-21 09:41:47,27929.5,2811
2021-06-21 09:41:52,27945.0,2812
2021-06-21 09:42:04,27944.8,2837
2021-06-21 09:42:10,27944.8,2838
2021-06-21 09:42:15,27944.8,2838
2021-06-21 09:42:21,27930.35,2842
2021-06-21 09:42:26,27910.0,2882
2021-06-21 09:42:31,27907.75,2889
2021-06-21 09:42:37,27907.75,2889
2021-06-21 09:42:43,27909.0,2890
2021-06-21 09:42:48,27909.0,2890
2021-06-21 09:42:53,27904.75,2892
2021-06-21 09:42:58,27883.6,2901
2021-06-21 09:43:04,27883.6,2902
2021-06-21 09:43:09,27887.0,2909
2021-06-21 09:43:14,27907.8,2910
2021-06-21 09:43:19,27886.95,2911
2021-06-21 09:43:24,27902.65,2912
2021-06-21 09:43:30,27902.65,2912
2021-06-21 09:43:35,27907.8,2922
2021-06-21 09:43:41,27907.8,2922
2021-06-21 09:43:46,27907.8,2922
2021-06-21 09:43:51,27924.55,2931
2021-06-21 09:43:55,27924.55,2931
2021-06-21 09:44:00,27924.55,2931
2021-06-21 09:44:06,27924.35,2937
2021-06-21 09:44:11,27924.35,2937
2021-06-21 09:44:16,27922.9,2952
2021-06-21 09:44:22,27913.2,2965
2021-06-21 09:44:27,27913.2,2965
2021-06-21 09:44:33,27930.0,2966
2021-06-21 09:44:39,27908.45,2976
2021-06-21 09:44:44,27908.7,2978
2021-06-21 09:44:49,27906.35,2981
2021-06-21 09:44:55,27906.35,2981
2021-06-21 09:45:00,27906.35,2981
2021-06-21 09:45:05,27900.45,2984
2021-06-21 09:45:10,27900.0,2987
2021-06-21 09:45:16,27900.0,2987
2021-06-21 09:45:22,27897.05,2990
2021-06-21 09:45:28,27897.05,2991
2021-06-21 09:45:33,27897.05,2992
2021-06-21 09:45:39,27888.05,2995
2021-06-21 09:45:44,27888.05,2995
2021-06-21 09:45:48,27888.05,2995
2021-06-21 09:45:54,27910.75,2996
2021-06-21 09:45:59,27910.75,2996
2021-06-21 09:46:04,27910.75,2996
2021-06-21 09:46:10,27910.75,2996
2021-06-21 09:46:15,27910.75,2996
2021-06-21 09:46:20,27906.35,2999
2021-06-21 09:46:25,27910.4,3000
2021-06-21 09:46:30,27910.4,3000
2021-06-21 09:46:36,27888.6,3001
2021-06-21 09:46:41,27888.6,3001
2021-06-21 09:46:47,27888.6,3001
2021-06-21 09:46:52,27888.6,3001
2021-06-21 09:46:54,27888.6,3001
2021-06-21 09:46:55,27888.6,3001
2021-06-21 09:46:55,27888.6,3001
2021-06-21 09:46:57,27888.6,3001
2021-06-21 09:46:58,27888.6,3001
2021-06-21 09:47:00,27888.6,3001
2021-06-21 09:47:00,27888.6,3001
2021-06-21 09:47:01,27888.6,3001
2021-06-21 09:47:02,27888.6,3001
2021-06-21 09:47:04,27888.6,3001
2021-06-21 09:47:07,27888.6,3001
2021-06-21 09:47:09,27888.6,3001
2021-06-21 09:47:11,27896.65,3003
2021-06-21 09:47:14,27896.65,3003
2021-06-21 09:47:15,27896.65,3013
2021-06-21 09:47:16,27910.75,3014
2021-06-21 09:47:17,27910.75,3014
2021-06-21 09:47:18,27910.75,3014
2021-06-21 09:47:19,27900.0,3015
2021-06-21 09:47:20,27900.0,3015
2021-06-21 09:47:20,27900.0,3015
2021-06-21 09:47:21,27900.0,3015
2021-06-21 09:47:24,27900.0,3017
2021-06-21 09:47:25,27900.0,3017
2021-06-21 09:47:26,27900.0,3017
2021-06-21 09:47:27,27900.0,3017
2021-06-21 09:47:28,27900.0,3017
2021-06-21 09:47:29,27900.0,3017
2021-06-21 09:47:30,27900.0,3017
2021-06-21 09:47:31,27900.0,3017
2021-06-21 09:47:33,27895.7,3027
2021-06-21 09:47:34,27895.7,3027
2021-06-21 09:47:35,27895.7,3027
2021-06-21 09:47:36,27895.7,3027
2021-06-21 09:47:37,27895.7,3027
2021-06-21 09:47:38,27895.7,3027
2021-06-21 09:47:39,27895.7,3027
2021-06-21 09:47:40,27895.7,3027
2021-06-21 09:47:41,27895.7,3027
2021-06-21 09:47:42,27895.7,3027
2021-06-21 09:47:43,27895.7,3027
2021-06-21 09:47:44,27895.7,3027
2021-06-21 09:47:45,27895.7,3027
2021-06-21 09:47:46,27895.7,3027
2021-06-21 09:47:47,27895.7,3027
2021-06-21 09:47:48,27895.7,3027
2021-06-21 09:47:49,27895.7,3027
2021-06-21 09:47:50,27895.7,3027
2021-06-21 09:47:51,27895.7,3027
2021-06-21 09:47:53,27895.7,3027
2021-06-21 09:47:54,27895.7,3027
2021-06-21 09:47:55,27895.7,3027
2021-06-21 09:47:56,27895.7,3027
2021-06-21 09:47:57,27895.7,3027
2021-06-21 09:48:01,27895.7,3027
2021-06-21 09:48:02,27895.7,3027
2021-06-21 09:48:04,27895.7,3027
2021-06-21 09:48:05,27895.7,3027
2021-06-21 09:48:06,27895.7,3027
2021-06-21 09:48:07,27895.7,3027
2021-06-21 09:48:09,27895.0,3028
2021-06-21 09:48:10,27895.0,3028
2021-06-21 09:48:11,27888.95,3029
2021-06-21 09:48:12,27888.95,3029
2021-06-21 09:48:14,27888.95,3029
2021-06-21 09:48:15,27888.95,3029
2021-06-21 09:48:16,27888.95,3029
2021-06-21 09:48:17,27888.6,3030
2021-06-21 09:48:18,27880.0,3063
2021-06-21 09:48:19,27880.0,3063
2021-06-21 09:48:20,27893.75,3071
2021-06-21 09:48:21,27893.75,3071
2021-06-21 09:48:22,27893.75,3071
2021-06-21 09:48:24,27895.0,3072
2021-06-21 09:48:25,27895.0,3072
2021-06-21 09:48:26,27895.0,3072
2021-06-21 09:48:27,27895.0,3072
2021-06-21 09:48:28,27895.0,3072
2021-06-21 09:48:29,27895.0,3072
2021-06-21 09:48:30,27895.0,3072
2021-06-21 09:48:31,27895.0,3072
2021-06-21 09:48:32,27895.0,3072
2021-06-21 09:48:33,27895.0,3072
2021-06-21 09:48:34,27895.0,3072
2021-06-21 09:48:35,27895.0,3072
2021-06-21 09:48:36,27895.0,3072
2021-06-21 09:48:37,27895.0,3072
2021-06-21 09:48:38,27895.0,3072
2021-06-21 09:48:39,27895.0,3072
2021-06-21 09:48:40,27895.0,3072
2021-06-21 09:48:41,27895.0,3072
2021-06-21 09:48:42,27895.0,3072
2021-06-21 09:48:43,27895.0,3072
2021-06-21 09:48:44,27895.0,3072
2021-06-21 09:48:45,27895.0,3072
2021-06-21 09:48:46,27895.0,3072
2021-06-21 09:48:47,27895.0,3072
2021-06-21 09:48:48,27895.0,3072
2021-06-21 09:48:49,27895.0,3072
2021-06-21 09:48:50,27895.0,3072
2021-06-21 09:48:52,27895.0,3072
2021-06-21 09:48:53,27895.0,3072
2021-06-21 09:48:54,27895.0,3072
2021-06-21 09:48:55,27895.0,3072
2021-06-21 09:48:56,27895.0,3072
2021-06-21 09:48:57,27895.0,3072
2021-06-21 09:48:59,27895.0,3072
2021-06-21 09:49:00,27895.0,3072
2021-06-21 09:49:01,27895.0,3072
2021-06-21 09:49:02,27895.0,3072
2021-06-21 09:49:03,27895.0,3072
2021-06-21 09:49:04,27895.0,3072
2021-06-21 09:49:05,27895.0,3072
2021-06-21 09:49:07,27897.6,3075
2021-06-21 09:49:08,27897.6,3075
2021-06-21 09:49:09,27897.6,3075
2021-06-21 09:49:10,27897.6,3075
2021-06-21 09:49:11,27897.6,3075
2021-06-21 09:49:12,27897.6,3075
2021-06-21 09:49:13,27897.6,3075
2021-06-21 09:49:14,27897.6,3075
2021-06-21 09:49:15,27897.6,3075
2021-06-21 09:49:16,27897.6,3075
2021-06-21 09:49:17,27897.6,3075
2021-06-21 09:49:18,27897.6,3075
2021-06-21 09:49:19,27897.6,3075
2021-06-21 09:49:20,27897.6,3075
2021-06-21 09:49:21,27901.7,3086
2021-06-21 09:49:22,27901.7,3086
2021-06-21 09:49:23,27901.7,3086
2021-06-21 09:49:24,27901.7,3086
2021-06-21 09:49:25,27901.7,3086
2021-06-21 09:49:27,27901.7,3086
2021-06-21 09:49:28,27901.7,3086
2021-06-21 09:49:29,27901.7,3086
2021-06-21 09:49:30,27901.7,3086
2021-06-21 09:49:31,27920.0,3087
2021-06-21 09:49:32,27920.0,3087
2021-06-21 09:49:33,27920.0,3087
2021-06-21 09:49:34,27920.0,3087
2021-06-21 09:49:35,27920.0,3087
2021-06-21 09:49:36,27920.0,3087
2021-06-21 09:49:37,27920.0,3087
2021-06-21 09:49:38,27912.35,3089
2021-06-21 09:49:39,27912.35,3089
2021-06-21 09:49:40,27912.35,3089
2021-06-21 09:49:41,27912.35,3089
2021-06-21 09:49:42,27923.75,3090
2021-06-21 09:49:43,27918.3,3092
2021-06-21 09:49:45,27918.3,3092
2021-06-21 09:49:46,27918.3,3092
2021-06-21 09:49:47,27918.3,3092
2021-06-21 09:49:48,27918.3,3092
2021-06-21 09:49:49,27918.3,3092
2021-06-21 09:49:49,27918.3,3092
2021-06-21 09:49:50,27912.2,3094
2021-06-21 09:49:52,27912.2,3094
2021-06-21 09:49:53,27912.2,3094
2021-06-21 09:49:54,27912.2,3094
2021-06-21 09:49:55,27912.2,3094
2021-06-21 09:49:56,27912.2,3094
2021-06-21 09:49:58,27912.2,3094
2021-06-21 09:49:58,27912.2,3094
2021-06-21 09:49:59,27912.2,3094
2021-06-21 09:50:00,27912.2,3094
2021-06-21 09:50:01,27912.2,3094
2021-06-21 09:50:02,27912.2,3094
2021-06-21 09:50:03,27912.2,3094
2021-06-21 09:50:04,27912.2,3094
2021-06-21 09:50:05,27912.2,3094
2021-06-21 09:50:06,27912.2,3094
2021-06-21 09:50:07,27912.2,3094
2021-06-21 09:50:08,27930.0,3095
2021-06-21 09:50:09,27930.0,3095
2021-06-21 09:50:11,27930.0,3095
2021-06-21 09:50:12,27940.0,3096
2021-06-21 09:50:13,27940.0,3096
2021-06-21 09:50:14,27940.0,3096
2021-06-21 09:50:15,27940.0,3096
2021-06-21 09:50:16,27950.0,3116
2021-06-21 09:50:17,27950.0,3116
2021-06-21 09:50:18,27950.0,3116
2021-06-21 09:50:19,27940.0,3117
2021-06-21 09:50:20,27940.0,3117
2021-06-21 09:50:21,27940.0,3117
2021-06-21 09:50:23,27950.0,3119
2021-06-21 09:50:25,27932.45,3144
2021-06-21 09:50:26,27932.45,3144
2021-06-21 09:50:28,27932.45,3144
2021-06-21 09:50:29,27950.0,3195
2021-06-21 09:50:29,27950.0,3195
2021-06-21 09:50:30,27950.0,3195
2021-06-21 09:50:31,27931.8,3197
2021-06-21 09:50:32,27931.8,3200
2021-06-21 09:50:33,27928.45,3201
2021-06-21 09:50:34,27950.0,3202
2021-06-21 09:50:35,27950.0,3202
2021-06-21 09:50:36,27950.0,3202
2021-06-21 09:50:37,27929.2,3203
2021-06-21 09:50:38,27929.2,3203
2021-06-21 09:50:40,27929.2,3203
2021-06-21 09:50:40,27929.2,3203
2021-06-21 09:50:41,27929.2,3203
2021-06-21 09:50:42,27929.2,3203
2021-06-21 09:50:43,27929.2,3203
2021-06-21 09:50:45,27929.2,3203
2021-06-21 09:50:47,27929.2,3203
2021-06-21 09:50:47,27929.2,3203
2021-06-21 09:50:49,27931.75,3206
2021-06-21 09:50:50,27931.75,3206
2021-06-21 09:50:50,27931.75,3206
2021-06-21 09:50:53,27931.75,3206
2021-06-21 09:50:55,27931.75,3206
2021-06-21 09:50:57,27931.4,3207
2021-06-21 09:50:57,27931.4,3207
2021-06-21 09:50:58,27931.4,3207
2021-06-21 09:50:59,27931.4,3207
2021-06-21 09:51:01,27931.4,3207
2021-06-21 09:51:02,27931.4,3217
2021-06-21 09:51:02,27931.4,3217
2021-06-21 09:51:05,27931.4,3217
2021-06-21 09:51:06,27949.85,3219
2021-06-21 09:51:08,27949.85,3219
2021-06-21 09:51:09,27925.95,3230
2021-06-21 09:51:10,27925.95,3230
2021-06-21 09:51:12,27920.4,3240
2021-06-21 09:51:12,27920.85,3241
2021-06-21 09:51:13,27920.85,3241
2021-06-21 09:51:15,27920.85,3241
2021-06-21 09:51:16,27920.85,3241
2021-06-21 09:51:17,27920.85,3241
2021-06-21 09:51:18,27920.85,3241
2021-06-21 09:51:20,27920.85,3241
2021-06-21 09:51:22,27920.85,3241
2021-06-21 09:51:23,27920.85,3241
2021-06-21 09:51:24,27922.7,3242
2021-06-21 09:51:24,27922.7,3242
2021-06-21 09:51:25,27922.7,3242
2021-06-21 09:51:26,27922.65,3243
2021-06-21 09:51:28,27922.65,3243
2021-06-21 09:51:28,27922.65,3243
2021-06-21 09:51:29,27922.65,3243
2021-06-21 09:51:32,27922.65,3243
2021-06-21 09:51:32,27922.65,3243
2021-06-21 09:51:33,27922.65,3243
2021-06-21 09:51:35,27922.65,3243
2021-06-21 09:51:36,27922.65,3243
2021-06-21 09:51:36,27922.65,3243
2021-06-21 09:51:38,27922.65,3243
2021-06-21 09:51:39,27922.65,3243
2021-06-21 09:51:41,27922.65,3243
2021-06-21 09:51:42,27922.65,3243
2021-06-21 09:51:42,27922.65,3243
2021-06-21 09:51:43,27942.15,3245
2021-06-21 09:51:44,27942.15,3245
2021-06-21 09:51:45,27942.15,3245
2021-06-21 09:51:47,27942.15,3245
2021-06-21 09:51:48,27942.15,3245
2021-06-21 09:51:49,27942.15,3245
2021-06-21 09:51:50,27942.15,3245
2021-06-21 09:51:52,27942.15,3245
2021-06-21 09:51:52,27942.15,3245
2021-06-21 09:51:53,27942.15,3245
2021-06-21 09:51:54,27942.15,3245
2021-06-21 09:51:58,27942.15,3245
2021-06-21 09:51:59,27942.15,3245
2021-06-21 09:52:02,27942.15,3245
2021-06-21 09:52:02,27942.15,3245
2021-06-21 09:52:03,27942.15,3245
2021-06-21 09:52:04,27942.15,3245
2021-06-21 09:52:05,27942.15,3245
2021-06-21 09:52:07,27942.15,3245
2021-06-21 09:52:09,27942.15,3245
2021-06-21 09:52:10,27942.15,3245
2021-06-21 09:52:11,27939.4,3246
2021-06-21 09:52:13,27939.4,3246
2021-06-21 09:52:14,27939.4,3246
2021-06-21 09:52:15,27939.4,3246
2021-06-21 09:52:16,27939.4,3246
2021-06-21 09:52:17,27940.0,3247
2021-06-21 09:52:19,27940.0,3247
2021-06-21 09:52:19,27940.0,3247
2021-06-21 09:52:21,27940.0,3247
2021-06-21 09:52:21,27940.0,3247
2021-06-21 09:52:23,27940.0,3247
2021-06-21 09:52:24,27940.0,3247
2021-06-21 09:52:26,27940.0,3247
2021-06-21 09:52:27,27940.0,3247
2021-06-21 09:52:28,27940.0,3247
2021-06-21 09:52:29,27940.0,3247
2021-06-21 09:52:30,27940.0,3247
2021-06-21 09:52:33,27940.0,3249
2021-06-21 09:52:34,27940.0,3249
2021-06-21 09:52:36,27940.0,3249
2021-06-21 09:52:37,27940.0,3249
2021-06-21 09:52:38,27940.0,3249
2021-06-21 09:52:40,27940.0,3249
2021-06-21 09:52:41,27922.75,3250
2021-06-21 09:52:42,27922.75,3250
2021-06-21 09:52:43,27922.75,3250
2021-06-21 09:52:44,27922.75,3250
2021-06-21 09:52:44,27922.75,3250
2021-06-21 09:52:45,27922.75,3250
2021-06-21 09:52:46,27922.75,3250
2021-06-21 09:52:47,27922.75,3250
2021-06-21 09:52:48,27922.75,3250
2021-06-21 09:52:49,27922.75,3250
2021-06-21 09:52:50,27922.75,3250
2021-06-21 09:52:52,27922.75,3250
2021-06-21 09:52:53,27922.75,3250
2021-06-21 09:52:54,27922.75,3250
2021-06-21 09:52:54,27922.75,3250
2021-06-21 09:52:55,27922.75,3250
2021-06-21 09:52:56,27922.75,3250
2021-06-21 09:52:57,27922.75,3250
2021-06-21 09:52:58,27922.75,3250
2021-06-21 09:53:00,27922.75,3250
2021-06-21 09:53:01,27922.75,3250
2021-06-21 09:53:02,27922.75,3250
2021-06-21 09:53:03,27922.75,3250
2021-06-21 09:53:03,27922.75,3250
2021-06-21 09:53:04,27922.75,3250
2021-06-21 09:53:05,27922.75,3250
2021-06-21 09:53:06,27922.75,3250
2021-06-21 09:53:07,27922.75,3250
2021-06-21 09:53:08,27922.75,3250
2021-06-21 09:53:09,27923.0,3251
2021-06-21 09:53:10,27923.0,3251
2021-06-21 09:53:12,27923.0,3251
2021-06-21 09:53:13,27923.0,3251
2021-06-21 09:53:14,27923.0,3251
2021-06-21 09:53:15,27922.3,3253
2021-06-21 09:53:19,27922.0,3257
2021-06-21 09:53:20,27922.0,3257
2021-06-21 09:53:20,27922.0,3257
2021-06-21 09:53:21,27922.0,3257
2021-06-21 09:53:22,27922.0,3257
2021-06-21 09:53:24,27922.0,3257
2021-06-21 09:53:25,27922.0,3257
2021-06-21 09:53:29,27930.0,3262
2021-06-21 09:53:30,27930.0,3262
2021-06-21 09:53:31,27930.0,3262
2021-06-21 09:53:32,27930.0,3262
2021-06-21 09:53:33,27930.0,3264
2021-06-21 09:53:34,27930.0,3264
2021-06-21 09:53:35,27930.0,3264
2021-06-21 09:53:36,27930.0,3264
2021-06-21 09:53:37,27930.0,3267
2021-06-21 09:53:38,27930.0,3267
2021-06-21 09:53:38,27930.0,3267
2021-06-21 09:53:39,27930.0,3267
2021-06-21 09:53:40,27930.0,3267
2021-06-21 09:53:41,27930.0,3267
2021-06-21 09:53:43,27930.0,3267
2021-06-21 09:53:44,27930.0,3267
2021-06-21 09:53:45,27930.0,3267
2021-06-21 09:53:47,27930.0,3267
2021-06-21 09:53:48,27930.0,3267
2021-06-21 09:53:49,27930.0,3267
2021-06-21 09:53:49,27930.0,3267
2021-06-21 09:53:51,27930.0,3268
2021-06-21 09:53:52,27930.0,3268
2021-06-21 09:53:53,27930.0,3268
2021-06-21 09:53:54,27930.0,3268
2021-06-21 09:53:56,27930.0,3268
2021-06-21 09:53:57,27922.0,3278
2021-06-21 09:53:58,27922.0,3278
2021-06-21 09:53:59,27922.0,3278
2021-06-21 09:54:00,27922.0,3278
2021-06-21 09:54:01,27922.0,3278
2021-06-21 09:54:02,27922.0,3278
2021-06-21 09:54:03,27932.25,3280
2021-06-21 09:54:05,27932.25,3280
2021-06-21 09:54:06,27932.25,3280
2021-06-21 09:54:07,27932.25,3280
2021-06-21 09:54:09,27932.25,3280
2021-06-21 09:54:10,27932.25,3280
2021-06-21 09:54:11,27932.25,3280
2021-06-21 09:54:12,27932.25,3280
2021-06-21 09:54:13,27932.25,3280
2021-06-21 09:54:14,27932.25,3280
2021-06-21 09:54:15,27932.25,3280
2021-06-21 09:54:16,27932.25,3280
2021-06-21 09:54:17,27932.25,3280
2021-06-21 09:54:18,27932.25,3280
2021-06-21 09:54:19,27932.25,3280
2021-06-21 09:54:19,27932.25,3280
2021-06-21 09:54:20,27932.25,3280
2021-06-21 09:54:21,27932.25,3280
2021-06-21 09:54:24,27932.25,3280
2021-06-21 09:54:25,27932.25,3280
2021-06-21 09:54:26,27932.25,3280
2021-06-21 09:54:27,27932.25,3280
2021-06-21 09:54:30,27932.25,3280
2021-06-21 09:54:32,27932.25,3283
2021-06-21 09:54:33,27932.25,3283
2021-06-21 09:54:34,27932.25,3285
2021-06-21 09:54:35,27932.25,3285
2021-06-21 09:54:36,27932.25,3285
2021-06-21 09:54:39,27932.25,3285
2021-06-21 09:54:41,27932.25,3285
2021-06-21 09:54:44,27932.25,3285
2021-06-21 09:54:46,27932.25,3285
2021-06-21 09:54:47,27932.25,3285
2021-06-21 09:54:48,27932.25,3285
2021-06-21 09:54:54,27932.25,3285
2021-06-21 09:54:55,27932.25,3285
2021-06-21 09:54:56,27932.25,3285
2021-06-21 09:54:57,27932.25,3285
2021-06-21 09:54:58,27932.25,3285
2021-06-21 09:54:59,27932.25,3285
2021-06-21 09:54:59,27932.25,3285
2021-06-21 09:55:00,27932.25,3285
2021-06-21 09:55:01,27932.25,3285
2021-06-21 09:55:02,27932.25,3285
2021-06-21 09:55:03,27932.25,3285
2021-06-21 09:55:05,27932.25,3285
2021-06-21 09:55:06,27932.25,3285
2021-06-21 09:55:07,27922.0,3286
2021-06-21 09:55:08,27922.0,3286
2021-06-21 09:55:10,27922.0,3286
2021-06-21 09:55:11,27922.0,3286
2021-06-21 09:55:12,27922.0,3286
2021-06-21 09:55:13,27922.0,3286
2021-06-21 09:55:14,27922.0,3286
2021-06-21 09:55:14,27922.0,3286
2021-06-21 09:55:15,27922.0,3286
2021-06-21 09:55:16,27922.0,3286
2021-06-21 09:55:18,27922.0,3286
2021-06-21 09:55:19,27922.0,3286
2021-06-21 09:55:20,27922.0,3286
2021-06-21 09:55:21,27922.0,3286
2021-06-21 09:55:23,27922.0,3286
2021-06-21 09:55:24,27922.0,3286
2021-06-21 09:55:25,27922.0,3286
2021-06-21 09:55:26,27922.0,3286
2021-06-21 09:55:26,27922.0,3286
2021-06-21 09:55:28,27922.0,3291
2021-06-21 09:55:28,27943.1,3306
2021-06-21 09:55:29,27943.1,3306
2021-06-21 09:55:30,27943.1,3306
2021-06-21 09:55:31,27943.1,3306
2021-06-21 09:55:32,27943.1,3306
2021-06-21 09:55:33,27943.1,3306
2021-06-21 09:55:34,27943.1,3306
2021-06-21 09:55:35,27943.1,3306
2021-06-21 09:55:37,27949.0,3310
2021-06-21 09:55:38,27949.0,3310
2021-06-21 09:55:39,27949.0,3310
2021-06-21 09:55:41,27944.05,3326
2021-06-21 09:55:42,27942.8,3327
2021-06-21 09:55:43,27942.8,3327
2021-06-21 09:55:44,27942.8,3327
2021-06-21 09:55:45,27949.0,3328
2021-06-21 09:55:46,27970.0,3349
2021-06-21 09:55:47,27970.0,3349
2021-06-21 09:55:48,27970.0,3349
2021-06-21 09:55:49,27970.0,3349
2021-06-21 09:55:50,27970.0,3349
2021-06-21 09:55:51,27970.0,3349
2021-06-21 09:55:52,27970.0,3349
2021-06-21 09:55:54,27970.0,3349
2021-06-21 09:55:54,27970.0,3349
2021-06-21 09:55:55,27970.0,3352
2021-06-21 09:55:57,27970.0,3353
2021-06-21 09:55:58,27970.0,3353
2021-06-21 09:55:59,27975.0,3355
2021-06-21 09:56:00,27975.0,3355
2021-06-21 09:56:01,27975.0,3355
2021-06-21 09:56:02,27975.0,3355
2021-06-21 09:56:03,27975.0,3355
2021-06-21 09:56:03,27975.0,3355
2021-06-21 09:56:04,27975.0,3355
2021-06-21 09:56:05,27990.0,3357
2021-06-21 09:56:06,27990.0,3357
2021-06-21 09:56:07,27990.0,3357
2021-06-21 09:56:08,27990.0,3357
2021-06-21 09:56:10,27990.0,3357
2021-06-21 09:56:11,27990.0,3357
2021-06-21 09:56:11,27990.0,3362
2021-06-21 09:56:13,27990.0,3362
2021-06-21 09:56:14,27990.0,3362
2021-06-21 09:56:15,27990.0,3362
2021-06-21 09:56:16,27990.0,3372
2021-06-21 09:56:17,27976.0,3374
2021-06-21 09:56:18,27990.1,3379
2021-06-21 09:56:19,27990.1,3379
2021-06-21 09:56:20,27990.1,3379
2021-06-21 09:56:22,27990.1,3379
2021-06-21 09:56:24,27990.1,3379
2021-06-21 09:56:25,27990.1,3379
2021-06-21 09:56:26,27990.1,3379
2021-06-21 09:56:27,27990.1,3379
2021-06-21 09:56:28,27990.1,3379
2021-06-21 09:56:29,27990.1,3379
2021-06-21 09:56:30,27990.1,3379
2021-06-21 09:56:31,27990.1,3379
2021-06-21 09:56:32,27990.1,3379
2021-06-21 09:56:33,27990.1,3379
2021-06-21 09:56:34,27990.1,3379
2021-06-21 09:56:35,27990.1,3379
2021-06-21 09:56:36,27990.1,3379
2021-06-21 09:56:36,27990.1,3379
2021-06-21 09:56:37,27990.1,3379
2021-06-21 09:56:38,27990.0,3385
2021-06-21 09:56:39,27973.9,3387
2021-06-21 09:56:40,27973.9,3387
2021-06-21 09:56:41,27973.9,3387
2021-06-21 09:56:42,27973.9,3387
2021-06-21 09:56:44,27990.1,3408
2021-06-21 09:56:45,27990.1,3408
2021-06-21 09:56:46,27990.1,3408
2021-06-21 09:56:47,27990.1,3408
2021-06-21 09:56:48,28008.7,3462
2021-06-21 09:56:48,28008.7,3462
2021-06-21 09:56:49,28008.7,3462
2021-06-21 09:56:51,28008.7,3462
2021-06-21 09:56:52,28008.7,3462
2021-06-21 09:56:53,28008.7,3462
2021-06-21 09:56:58,28008.7,3462
2021-06-21 09:57:02,28005.55,3474
2021-06-21 09:57:07,28005.55,3474
2021-06-21 09:57:12,28005.55,3474
2021-06-21 09:57:21,28002.6,3478
2021-06-21 09:57:26,28020.0,3479
2021-06-21 09:57:31,27996.65,3530
2021-06-21 09:57:36,27996.65,3531
2021-06-21 09:57:41,27996.65,3531
2021-06-21 09:57:46,27974.95,3536
2021-06-21 09:57:51,27996.8,3546
2021-06-21 09:57:56,27996.8,3546
2021-06-21 09:58:00,27990.65,3549
2021-06-21 09:58:05,27990.65,3549
2021-06-21 09:58:11,27980.8,3557
2021-06-21 09:58:16,27950.05,3617
2021-06-21 09:58:22,27991.05,3622
2021-06-21 09:58:27,27985.0,3625
2021-06-21 09:58:37,27985.0,3625
2021-06-21 09:58:42,27956.8,3635
2021-06-21 09:58:47,27955.2,3639
2021-06-21 09:58:52,27955.2,3639
2021-06-21 09:58:56,27955.2,3639
2021-06-21 09:59:01,27950.4,3644
2021-06-21 09:59:06,27952.2,3647
2021-06-21 09:59:11,27952.2,3647
2021-06-21 09:59:16,27973.0,3651
2021-06-21 09:59:20,27973.0,3651
2021-06-21 09:59:25,27973.0,3651
2021-06-21 09:59:30,27973.0,3651
2021-06-21 09:59:34,27973.0,3651
2021-06-21 09:59:39,27973.0,3651
2021-06-21 09:59:43,27973.0,3651
2021-06-21 09:59:48,27973.0,3651
2021-06-21 09:59:53,27973.0,3651
2021-06-21 09:59:57,27955.0,3653
2021-06-21 10:00:02,27955.0,3653
2021-06-21 10:00:07,27955.0,3653
2021-06-21 10:00:11,27955.0,3655
2021-06-21 10:00:16,27955.1,3657
2021-06-21 10:00:21,27970.0,3658
2021-06-21 10:00:25,27975.15,3659
2021-06-21 10:00:30,27975.15,3659
2021-06-21 10:00:40,27977.2,3669
2021-06-21 10:00:45,27961.0,3670
2021-06-21 10:00:50,27961.0,3671
2021-06-21 10:00:55,27961.0,3671
2021-06-21 10:01:00,27961.0,3671
2021-06-21 10:01:06,27995.0,3696
2021-06-21 10:01:11,27995.0,3696
2021-06-21 10:01:16,27995.0,3696
2021-06-21 10:01:21,27995.0,3696
2021-06-21 10:01:31,27980.0,3697
2021-06-21 10:01:36,27975.0,3698
2021-06-21 10:01:40,27975.0,3698
2021-06-21 10:01:45,27975.0,3698
2021-06-21 10:01:50,27975.0,3698
2021-06-21 10:01:54,27975.0,3698
2021-06-21 10:01:55,27975.0,3698
2021-06-21 10:01:55,27975.05,3703
2021-06-21 10:01:56,27975.05,3703
2021-06-21 10:01:57,27975.05,3703
2021-06-21 10:01:59,27975.05,3703
2021-06-21 10:02:00,27975.05,3703
2021-06-21 10:02:01,27975.05,3703
2021-06-21 10:02:02,27975.05,3703
2021-06-21 10:02:03,27975.05,3703
2021-06-21 10:02:03,27975.05,3703
2021-06-21 10:02:04,27975.05,3703
2021-06-21 10:02:06,27989.7,3730
2021-06-21 10:02:08,27975.0,3733
2021-06-21 10:02:09,27975.0,3733
2021-06-21 10:02:10,27975.05,3758
2021-06-21 10:02:11,27975.05,3758
2021-06-21 10:02:11,27975.05,3758
2021-06-21 10:02:12,27975.05,3758
2021-06-21 10:02:13,27975.0,3759
2021-06-21 10:02:14,27975.0,3759
2021-06-21 10:02:16,27975.0,3759
2021-06-21 10:02:17,27987.05,3760
2021-06-21 10:02:18,27987.05,3760
2021-06-21 10:02:20,27987.05,3760
2021-06-21 10:02:21,27987.05,3760
2021-06-21 10:02:22,27987.05,3760
2021-06-21 10:02:23,27987.05,3760
2021-06-21 10:02:25,27987.05,3760
2021-06-21 10:02:25,27987.05,3760
2021-06-21 10:02:26,27987.05,3760
2021-06-21 10:02:27,27987.05,3760
2021-06-21 10:02:28,27987.05,3760
2021-06-21 10:02:29,27987.05,3760
2021-06-21 10:02:30,27987.05,3760
2021-06-21 10:02:31,27987.05,3760
2021-06-21 10:02:32,27989.0,3762
2021-06-21 10:02:33,27989.0,3762
2021-06-21 10:02:34,27989.0,3762
2021-06-21 10:02:35,27989.0,3762
2021-06-21 10:02:36,27989.0,3762
2021-06-21 10:02:37,27989.0,3762
2021-06-21 10:02:38,27989.0,3762
2021-06-21 10:02:43,27968.1,3764
2021-06-21 10:02:44,27968.1,3764
2021-06-21 10:02:45,27968.1,3764
2021-06-21 10:02:47,27968.1,3764
2021-06-21 10:02:47,27968.1,3764
2021-06-21 10:02:48,27968.1,3764
2021-06-21 10:02:49,27968.1,3764
2021-06-21 10:02:50,27968.1,3764
2021-06-21 10:02:53,27968.1,3764
2021-06-21 10:02:54,27968.1,3764
2021-06-21 10:02:55,27968.1,3764
2021-06-21 10:02:56,27968.1,3764
2021-06-21 10:02:57,27968.1,3764
2021-06-21 10:02:58,27968.1,3764
2021-06-21 10:02:59,27968.1,3764
2021-06-21 10:02:59,27968.1,3764
2021-06-21 10:03:01,27968.1,3764
2021-06-21 10:03:02,27968.1,3764
2021-06-21 10:03:02,27968.1,3764
2021-06-21 10:03:04,27968.1,3764
2021-06-21 10:03:04,27968.1,3764
2021-06-21 10:03:05,27968.1,3764
2021-06-21 10:03:06,27968.1,3764
2021-06-21 10:03:07,27968.1,3764
2021-06-21 10:03:08,27968.1,3764
2021-06-21 10:03:09,27968.1,3764
2021-06-21 10:03:10,27968.1,3764
2021-06-21 10:03:11,27968.1,3764
2021-06-21 10:03:13,27968.1,3764
2021-06-21 10:03:15,27968.1,3764
2021-06-21 10:03:15,27968.1,3764
2021-06-21 10:03:16,27968.1,3764
2021-06-21 10:03:17,27968.1,3764
2021-06-21 10:03:18,27968.1,3764
2021-06-21 10:03:19,27968.1,3764
2021-06-21 10:03:20,27968.1,3764
2021-06-21 10:03:21,27969.0,3766
2021-06-21 10:03:22,27968.1,3771
2021-06-21 10:03:23,27968.1,3771
2021-06-21 10:03:25,27968.1,3771
2021-06-21 10:03:26,27968.1,3771
2021-06-21 10:03:27,27968.1,3771
2021-06-21 10:03:27,27968.1,3771
2021-06-21 10:03:28,27968.1,3771
2021-06-21 10:03:29,27968.1,3771
2021-06-21 10:03:30,27968.1,3771
2021-06-21 10:03:32,27968.1,3771
2021-06-21 10:03:33,27968.1,3771
2021-06-21 10:03:34,27968.1,3771
2021-06-21 10:03:35,27968.1,3771
2021-06-21 10:03:36,27968.1,3771
2021-06-21 10:03:37,27968.1,3771
2021-06-21 10:03:38,27968.1,3771
2021-06-21 10:03:38,27968.1,3771
2021-06-21 10:03:39,27968.1,3771
2021-06-21 10:03:41,27960.0,3772
2021-06-21 10:03:44,27960.0,3772
2021-06-21 10:03:46,27960.0,3772
2021-06-21 10:03:48,27960.0,3772
2021-06-21 10:03:49,27960.0,3772
2021-06-21 10:03:50,27960.0,3772
2021-06-21 10:03:51,27960.0,3772
2021-06-21 10:03:52,27968.1,3777
2021-06-21 10:03:53,27968.1,3777
2021-06-21 10:03:54,27968.1,3777
2021-06-21 10:03:55,27968.1,3777
2021-06-21 10:03:56,27968.1,3777
2021-06-21 10:03:57,27968.1,3777
2021-06-21 10:03:59,27968.1,3777
2021-06-21 10:04:01,27968.1,3777
2021-06-21 10:04:02,27968.1,3777
2021-06-21 10:04:03,27968.1,3777
2021-06-21 10:04:04,27968.1,3777
2021-06-21 10:04:05,27968.1,3777
2021-06-21 10:04:06,27954.15,3779
2021-06-21 10:04:07,27954.15,3779
2021-06-21 10:04:08,27954.15,3779
2021-06-21 10:04:09,27954.15,3779
2021-06-21 10:04:10,27954.15,3779
2021-06-21 10:04:11,27954.15,3779
2021-06-21 10:04:11,27954.15,3779
2021-06-21 10:04:12,27954.15,3779
2021-06-21 10:04:13,27954.15,3779
2021-06-21 10:04:15,27955.0,3780
2021-06-21 10:04:16,27955.0,3780
2021-06-21 10:04:17,27955.0,3780
2021-06-21 10:04:18,27955.0,3780
2021-06-21 10:04:18,27955.0,3780
2021-06-21 10:04:19,27955.0,3780
2021-06-21 10:04:21,27950.1,3781
2021-06-21 10:04:22,27950.1,3781
2021-06-21 10:04:24,27950.1,3781
2021-06-21 10:04:25,27950.1,3781
2021-06-21 10:04:26,27950.1,3781
2021-06-21 10:04:29,27950.1,3781
2021-06-21 10:04:29,27950.1,3781
2021-06-21 10:04:31,27950.1,3781
2021-06-21 10:04:32,27950.1,3781
2021-06-21 10:04:33,27950.1,3781
2021-06-21 10:04:34,27950.1,3781
2021-06-21 10:04:35,27950.1,3781
2021-06-21 10:04:36,27950.1,3781
2021-06-21 10:04:37,27950.1,3781
2021-06-21 10:04:37,27950.1,3781
2021-06-21 10:04:38,27950.1,3781
2021-06-21 10:04:40,27950.1,3781
2021-06-21 10:04:42,27950.1,3781
2021-06-21 10:04:42,27950.1,3781
2021-06-21 10:04:45,27950.1,3781
2021-06-21 10:04:46,27950.1,3781
2021-06-21 10:04:47,27950.1,3781
2021-06-21 10:04:49,27950.1,3781
2021-06-21 10:04:49,27950.1,3781
2021-06-21 10:04:51,27950.1,3781
2021-06-21 10:04:55,27950.1,3781
2021-06-21 10:04:56,27950.1,3781
2021-06-21 10:04:59,27950.1,3781
2021-06-21 10:05:00,27950.1,3781
2021-06-21 10:05:02,27950.1,3781
2021-06-21 10:05:05,27950.1,3781
2021-06-21 10:05:06,27950.1,3781
2021-06-21 10:05:09,27950.1,3781
2021-06-21 10:05:10,27950.1,3781
2021-06-21 10:05:11,27950.1,3781
2021-06-21 10:05:12,27950.1,3781
2021-06-21 10:05:14,27950.1,3781
2021-06-21 10:05:15,27950.1,3781
2021-06-21 10:05:16,27950.1,3781
2021-06-21 10:05:17,27950.1,3781
2021-06-21 10:05:18,27950.1,3781
2021-06-21 10:05:20,27950.1,3781
2021-06-21 10:05:21,27950.1,3781
2021-06-21 10:05:22,27950.1,3781
2021-06-21 10:05:23,27950.1,3781
2021-06-21 10:05:24,27950.1,3781
2021-06-21 10:05:26,27950.1,3781
2021-06-21 10:05:27,27950.1,3781
2021-06-21 10:05:27,27950.1,3781
2021-06-21 10:05:28,27950.1,3781
2021-06-21 10:05:32,27950.1,3781
2021-06-21 10:05:33,27950.1,3781
2021-06-21 10:05:34,27950.1,3781
2021-06-21 10:05:34,27950.1,3781
2021-06-21 10:05:37,27950.1,3781
2021-06-21 10:05:38,27950.1,3781
2021-06-21 10:05:39,27950.1,3781
2021-06-21 10:05:40,27950.1,3781
2021-06-21 10:05:43,27950.1,3781
2021-06-21 10:05:44,27950.1,3781
2021-06-21 10:05:45,27950.1,3781
2021-06-21 10:05:46,27950.1,3781
2021-06-21 10:05:47,27950.1,3781
2021-06-21 10:05:50,27950.1,3781
2021-06-21 10:05:51,27950.1,3781
2021-06-21 10:05:51,27950.1,3781
2021-06-21 10:05:52,27950.1,3781
2021-06-21 10:05:53,27950.1,3781
2021-06-21 10:05:55,27950.1,3781
2021-06-21 10:05:56,27950.1,3781
2021-06-21 10:05:58,27968.0,3783
2021-06-21 10:05:58,27968.0,3783
2021-06-21 10:05:59,27968.0,3783
2021-06-21 10:06:01,27968.0,3783
2021-06-21 10:06:02,27968.0,3783
2021-06-21 10:06:04,27968.0,3783
2021-06-21 10:06:08,27968.0,3783
2021-06-21 10:06:14,27968.0,3785
2021-06-21 10:06:14,27968.0,3785
2021-06-21 10:06:17,27968.0,3785
2021-06-21 10:06:18,27968.0,3785
2021-06-21 10:06:21,27968.0,3785
2021-06-21 10:06:21,27968.0,3785
2021-06-21 10:06:22,27968.0,3785
2021-06-21 10:06:23,27968.0,3785
2021-06-21 10:06:25,27968.0,3785
2021-06-21 10:06:26,27968.0,3785
2021-06-21 10:06:27,27968.0,3785
2021-06-21 10:06:28,27968.0,3785
2021-06-21 10:06:29,27968.0,3785
2021-06-21 10:06:30,27968.0,3785
2021-06-21 10:06:31,27968.0,3785
2021-06-21 10:06:32,27968.0,3785
2021-06-21 10:06:33,27968.0,3785
2021-06-21 10:06:35,27968.0,3785
2021-06-21 10:06:36,27968.0,3815
2021-06-21 10:06:37,27968.0,3815
2021-06-21 10:06:38,27968.0,3815
2021-06-21 10:06:41,27968.0,3820
2021-06-21 10:06:42,27968.0,3820
2021-06-21 10:06:44,27968.0,3820
2021-06-21 10:06:47,27956.05,3822
2021-06-21 10:06:48,27956.05,3822
2021-06-21 10:06:49,27956.05,3822
2021-06-21 10:06:49,27956.05,3822
2021-06-21 10:06:53,27968.1,3823
2021-06-21 10:06:58,27968.1,3823
2021-06-21 10:07:02,27968.1,3826
2021-06-21 10:07:06,27968.1,3826
2021-06-21 10:07:10,27968.1,3826
2021-06-21 10:07:15,27968.1,3826
2021-06-21 10:07:18,27970.0,3827
2021-06-21 10:07:23,27970.0,3827
2021-06-21 10:07:26,27970.0,3827
2021-06-21 10:07:31,27970.0,3827
2021-06-21 10:07:36,27970.0,3827
2021-06-21 10:07:40,27970.0,3827
2021-06-21 10:07:45,27970.0,3827
2021-06-21 10:07:50,27970.0,3827
2021-06-21 10:07:54,27968.1,3886
2021-06-21 10:07:58,27968.1,3886
2021-06-21 10:08:03,27968.1,3886
2021-06-21 10:08:07,27968.1,3886
2021-06-21 10:08:12,27968.1,3886
2021-06-21 10:08:17,27968.1,3886
2021-06-21 10:08:22,27968.1,3886
2021-06-21 10:08:26,27968.1,3886
2021-06-21 10:08:30,27980.0,3890
2021-06-21 10:08:35,27980.0,3890
2021-06-21 10:08:39,27970.0,3900
2021-06-21 10:08:43,27980.0,3902
2021-06-21 10:08:48,27980.0,3904
2021-06-21 10:08:53,27989.0,3905
2021-06-21 10:08:57,27989.0,3905
2021-06-21 10:09:05,27989.0,3910
2021-06-21 10:09:09,27989.0,3910
2021-06-21 10:09:13,27989.0,3910
2021-06-21 10:09:18,27989.0,3910
2021-06-21 10:09:22,27993.6,3915
2021-06-21 10:09:27,27993.6,3915
2021-06-21 10:09:31,27993.6,3915
2021-06-21 10:09:35,27993.6,3915
2021-06-21 10:09:40,27971.0,3916
2021-06-21 10:09:44,27971.0,3916
2021-06-21 10:09:48,27971.0,3916
2021-06-21 10:09:53,27971.0,3916
2021-06-21 10:09:57,27971.0,3916
2021-06-21 10:10:01,27971.0,3916
2021-06-21 10:10:05,27990.6,3920
2021-06-21 10:10:09,27995.0,3935
2021-06-21 10:10:13,27995.0,3935
2021-06-21 10:10:18,27995.0,3935
2021-06-21 10:10:27,27975.95,3936
2021-06-21 10:10:35,27975.95,3936
2021-06-21 10:10:43,27975.95,3936
2021-06-21 10:10:47,27999.8,3944
2021-06-21 10:10:51,27999.8,3944
2021-06-21 10:10:59,27995.0,3945
2021-06-21 10:11:04,27995.0,3945
2021-06-21 10:11:08,27995.0,3945
2021-06-21 10:11:15,27995.0,3945
2021-06-21 10:11:19,27995.0,3945
2021-06-21 10:11:23,28000.0,3965
2021-06-21 10:11:28,28000.0,3965
2021-06-21 10:11:32,28000.0,3965
2021-06-21 10:11:40,27995.0,3966
2021-06-21 10:11:44,27995.0,3967
2021-06-21 10:11:48,28020.0,3983
2021-06-21 10:11:52,28020.0,3984
2021-06-21 10:11:56,28020.0,3984
2021-06-21 10:12:00,28020.0,3984
2021-06-21 10:12:04,28020.0,3984
2021-06-21 10:12:09,28020.0,3985
2021-06-21 10:12:13,28020.0,3986
2021-06-21 10:12:18,28020.0,3997
2021-06-21 10:12:23,28020.0,3997
2021-06-21 10:12:27,28020.0,3997
2021-06-21 10:12:31,28005.05,3998
2021-06-21 10:12:36,28005.05,3998
2021-06-21 10:12:40,28033.95,4036
2021-06-21 10:12:44,28012.7,4038
2021-06-21 10:12:47,28012.7,4038
2021-06-21 10:12:51,28012.7,4038
2021-06-21 10:12:55,28012.7,4038
2021-06-21 10:12:59,28036.25,4040
2021-06-21 10:13:03,28036.25,4040
2021-06-21 10:13:07,28036.25,4040
2021-06-21 10:13:15,28039.85,4041
2021-06-21 10:13:19,28018.35,4042
2021-06-21 10:13:24,28018.5,4043
2021-06-21 10:13:28,28038.0,4044
2021-06-21 10:13:32,28038.0,4044
2021-06-21 10:13:36,28038.0,4046
2021-06-21 10:13:40,28038.0,4046
2021-06-21 10:13:44,28038.0,4046
2021-06-21 10:13:48,28038.0,4046
2021-06-21 10:13:52,28038.0,4046
2021-06-21 10:13:56,28038.0,4046
2021-06-21 10:14:00,28038.0,4046
2021-06-21 10:14:04,28038.0,4049
2021-06-21 10:14:09,28039.0,4054
2021-06-21 10:14:14,28039.0,4054
2021-06-21 10:14:18,28040.0,4064
2021-06-21 10:14:26,28040.0,4064
2021-06-21 10:14:30,28015.05,4119
2021-06-21 10:14:35,28015.05,4119
2021-06-21 10:14:39,28039.8,4125
2021-06-21 10:14:43,28039.8,4125
2021-06-21 10:14:47,28019.0,4126
2021-06-21 10:14:52,28039.7,4132
2021-06-21 10:14:56,28039.7,4132
2021-06-21 10:15:00,28039.7,4132
2021-06-21 10:15:05,28039.7,4132
2021-06-21 10:15:09,28039.7,4132
2021-06-21 10:15:14,28039.7,4132
2021-06-21 10:15:18,28039.0,4140
2021-06-21 10:15:22,28039.0,4140
2021-06-21 10:15:26,28039.0,4140
2021-06-21 10:15:30,28039.0,4140
2021-06-21 10:15:34,28039.0,4140
2021-06-21 10:15:38,28039.0,4141
2021-06-21 10:15:42,28039.0,4141
2021-06-21 10:15:46,28039.0,4171
2021-06-21 10:15:50,28039.0,4171
2021-06-21 10:15:54,28039.0,4171
2021-06-21 10:15:57,28039.0,4171
2021-06-21 10:16:02,28039.0,4171
2021-06-21 10:16:06,28039.0,4171
2021-06-21 10:16:09,28039.0,4180
2021-06-21 10:16:13,28039.0,4180
2021-06-21 10:16:21,28039.0,4180
2021-06-21 10:16:25,28024.2,4181
2021-06-21 10:16:29,28024.2,4181
2021-06-21 10:16:33,28024.2,4181
2021-06-21 10:16:37,28024.2,4181
2021-06-21 10:16:41,28026.0,4187
2021-06-21 10:16:45,28026.0,4189
2021-06-21 10:16:49,28026.0,4189
2021-06-21 10:16:53,28040.0,4203
2021-06-21 10:16:57,28040.0,4203
2021-06-21 10:17:01,28040.0,4203
2021-06-21 10:17:04,28040.0,4203
2021-06-21 10:17:09,28052.1,4296
2021-06-21 10:17:13,28052.1,4296
2021-06-21 10:17:18,28052.1,4296
2021-06-21 10:17:23,28052.1,4296
2021-06-21 10:17:31,28052.1,4296
2021-06-21 10:17:36,28052.1,4296
2021-06-21 10:17:41,28069.0,4297
2021-06-21 10:17:45,28069.0,4302
2021-06-21 10:17:49,28069.0,4302
2021-06-21 10:17:54,28072.0,4303
2021-06-21 10:17:58,28089.3,4307
2021-06-21 10:18:03,28088.8,4315
2021-06-21 10:18:07,28088.8,4315
2021-06-21 10:18:10,28088.75,4317
2021-06-21 10:18:15,28088.75,4317
2021-06-21 10:18:19,28075.0,4327
2021-06-21 10:18:23,28075.0,4330
2021-06-21 10:18:27,28075.0,4330
2021-06-21 10:18:31,28075.0,4331
2021-06-21 10:18:35,28070.05,4334
2021-06-21 10:18:39,28070.05,4334
2021-06-21 10:18:43,28070.05,4334
2021-06-21 10:18:47,28070.05,4334
2021-06-21 10:18:51,28070.05,4334
2021-06-21 10:18:55,28070.05,4334
2021-06-21 10:18:59,28070.05,4334
2021-06-21 10:19:03,28070.0,4335
2021-06-21 10:19:06,28070.0,4335
2021-06-21 10:19:10,28070.0,4335
2021-06-21 10:19:14,28075.0,4336
2021-06-21 10:19:18,28075.0,4346
2021-06-21 10:19:22,28075.0,4350
2021-06-21 10:19:27,28087.15,4354
2021-06-21 10:19:31,28087.15,4354
2021-06-21 10:19:36,28087.15,4355
2021-06-21 10:19:41,28087.15,4355
2021-06-21 10:19:46,28087.15,4355
2021-06-21 10:19:50,28075.4,4357
2021-06-21 10:19:54,28075.4,4357
2021-06-21 10:19:58,28085.0,4358
2021-06-21 10:20:02,28091.2,4419
2021-06-21 10:20:06,28091.2,4419
2021-06-21 10:20:09,28087.0,4421
2021-06-21 10:20:13,28087.0,4421
2021-06-21 10:20:18,28087.0,4421
2021-06-21 10:20:25,28087.0,4422
2021-06-21 10:20:33,28080.6,4425
2021-06-21 10:20:38,28080.6,4425
2021-06-21 10:20:42,28076.85,4430
2021-06-21 10:20:46,28076.85,4430
2021-06-21 10:20:51,28076.85,4430
2021-06-21 10:20:55,28076.85,4430
2021-06-21 10:20:58,28076.85,4430
2021-06-21 10:21:02,28076.85,4430
2021-06-21 10:21:06,28076.85,4430
2021-06-21 10:21:11,28077.35,4448
2021-06-21 10:21:15,28077.35,4448
2021-06-21 10:21:19,28077.35,4448
2021-06-21 10:21:23,28077.35,4448
2021-06-21 10:21:27,28077.35,4449
2021-06-21 10:21:31,28077.35,4449
2021-06-21 10:21:35,28077.35,4449
2021-06-21 10:21:39,28077.35,4449
2021-06-21 10:21:43,28078.0,4452
2021-06-21 10:21:47,28078.0,4452
2021-06-21 10:21:51,28077.0,4470
2021-06-21 10:21:54,28077.0,4470
2021-06-21 10:21:55,28077.0,4470
2021-06-21 10:21:56,28077.0,4470
2021-06-21 10:21:58,28076.0,4481
2021-06-21 10:21:59,28076.0,4481
2021-06-21 10:21:59,28076.0,4481
2021-06-21 10:22:00,28076.0,4481
2021-06-21 10:22:01,28076.0,4481
2021-06-21 10:22:02,28076.0,4481
2021-06-21 10:22:03,28076.0,4481
2021-06-21 10:22:04,28076.0,4481
2021-06-21 10:22:05,28076.0,4481
2021-06-21 10:22:07,28076.0,4481
2021-06-21 10:22:09,28076.0,4481
2021-06-21 10:22:11,28076.0,4481
2021-06-21 10:22:12,28076.0,4481
2021-06-21 10:22:13,28076.0,4481
2021-06-21 10:22:15,28076.0,4481
2021-06-21 10:22:16,28076.0,4481
2021-06-21 10:22:17,28076.0,4481
2021-06-21 10:22:17,28070.0,4482
2021-06-21 10:22:19,28070.0,4482
2021-06-21 10:22:22,28070.0,4482
2021-06-21 10:22:24,28070.0,4482
2021-06-21 10:22:24,28070.0,4482
2021-06-21 10:22:28,28070.0,4482
2021-06-21 10:22:30,28070.0,4482
2021-06-21 10:22:30,28070.0,4482
2021-06-21 10:22:31,28070.0,4482
2021-06-21 10:22:32,28070.0,4482
2021-06-21 10:22:33,28070.0,4487
2021-06-21 10:22:34,28070.0,4487
2021-06-21 10:22:35,28063.4,4538
2021-06-21 10:22:36,28063.4,4538
2021-06-21 10:22:37,28063.4,4538
2021-06-21 10:22:38,28063.4,4540
2021-06-21 10:22:39,28063.4,4540
2021-06-21 10:22:40,28067.55,4542
2021-06-21 10:22:41,28067.55,4542
2021-06-21 10:22:42,28067.55,4542
2021-06-21 10:22:43,28067.55,4542
2021-06-21 10:22:44,28067.55,4542
2021-06-21 10:22:45,28067.55,4542
2021-06-21 10:22:46,28067.55,4542
2021-06-21 10:22:47,28067.55,4542
2021-06-21 10:22:48,28067.55,4542
2021-06-21 10:22:49,28067.55,4542
2021-06-21 10:22:50,28067.55,4542
2021-06-21 10:22:51,28067.55,4542
2021-06-21 10:22:52,28067.55,4542
2021-06-21 10:22:53,28067.55,4542
2021-06-21 10:22:54,28043.75,4552
2021-06-21 10:22:55,28043.75,4552
2021-06-21 10:22:56,28043.75,4552
2021-06-21 10:22:57,28043.75,4552
2021-06-21 10:22:58,28043.75,4552
2021-06-21 10:22:59,28057.3,4559
2021-06-21 10:23:00,28057.3,4559
2021-06-21 10:23:01,28044.05,4568
2021-06-21 10:23:02,28044.05,4568
2021-06-21 10:23:03,28044.05,4568
2021-06-21 10:23:05,28037.15,4588
2021-06-21 10:23:06,28037.15,4588
2021-06-21 10:23:07,28037.15,4588
2021-06-21 10:23:08,28037.15,4588
2021-06-21 10:23:09,28061.8,4589
2021-06-21 10:23:10,28060.15,4590
2021-06-21 10:23:11,28060.15,4590
2021-06-21 10:23:13,28060.15,4590
2021-06-21 10:23:14,28060.15,4590
2021-06-21 10:23:15,28060.15,4590
2021-06-21 10:23:18,28060.0,4592
2021-06-21 10:23:18,28060.0,4592
2021-06-21 10:23:19,28060.0,4592
2021-06-21 10:23:20,28060.0,4592
2021-06-21 10:23:21,28060.0,4592
2021-06-21 10:23:22,28060.0,4595
2021-06-21 10:23:23,28060.0,4595
2021-06-21 10:23:24,28060.0,4595
2021-06-21 10:23:25,28060.0,4595
2021-06-21 10:23:27,28060.0,4595
2021-06-21 10:23:28,28060.0,4595
2021-06-21 10:23:28,28060.0,4595
2021-06-21 10:23:29,28060.0,4595
2021-06-21 10:23:30,28060.0,4595
2021-06-21 10:23:31,28060.0,4595
2021-06-21 10:23:32,28060.0,4595
2021-06-21 10:23:33,28060.0,4595
2021-06-21 10:23:34,28060.0,4595
2021-06-21 10:23:35,28060.0,4595
2021-06-21 10:23:36,28060.0,4595
2021-06-21 10:23:37,28060.0,4595
2021-06-21 10:23:38,28060.0,4595
2021-06-21 10:23:39,28060.0,4595
2021-06-21 10:23:40,28060.0,4595
2021-06-21 10:23:41,28060.0,4595
2021-06-21 10:23:42,28066.0,4600
2021-06-21 10:23:43,28066.0,4600
2021-06-21 10:23:44,28066.0,4600
2021-06-21 10:23:46,28066.0,4600
2021-06-21 10:23:47,28066.0,4600
2021-06-21 10:23:51,28066.0,4600
2021-06-21 10:23:52,28066.0,4600
2021-06-21 10:23:54,28066.0,4600
2021-06-21 10:23:55,28066.0,4600
2021-06-21 10:23:56,28066.0,4600
2021-06-21 10:23:57,28066.0,4600
2021-06-21 10:23:58,28066.0,4600
2021-06-21 10:23:59,28066.0,4601
2021-06-21 10:24:01,28066.0,4601
2021-06-21 10:24:02,28066.0,4601
2021-06-21 10:24:03,28066.0,4601
2021-06-21 10:24:04,28066.0,4601
2021-06-21 10:24:04,28066.0,4601
2021-06-21 10:24:05,28066.0,4601
2021-06-21 10:24:06,28066.0,4601
2021-06-21 10:24:10,28066.0,4601
2021-06-21 10:24:10,28066.0,4601
2021-06-21 10:24:11,28066.0,4601
2021-06-21 10:24:13,28066.0,4601
2021-06-21 10:24:14,28066.0,4601
2021-06-21 10:24:15,28066.0,4601
2021-06-21 10:24:16,28080.15,4606
2021-06-21 10:24:16,28080.15,4606
2021-06-21 10:24:17,28080.15,4606
2021-06-21 10:24:19,28080.15,4606
2021-06-21 10:24:20,28080.15,4606
2021-06-21 10:24:21,28080.15,4606
2021-06-21 10:24:23,28080.15,4606
2021-06-21 10:24:23,28080.15,4606
2021-06-21 10:24:24,28080.15,4606
2021-06-21 10:24:25,28080.15,4606
2021-06-21 10:24:26,28080.15,4606
2021-06-21 10:24:27,28080.15,4606
2021-06-21 10:24:29,28080.15,4606
2021-06-21 10:24:31,28080.25,4607
2021-06-21 10:24:31,28080.25,4607
2021-06-21 10:24:34,28080.25,4607
2021-06-21 10:24:35,28080.25,4607
2021-06-21 10:24:36,28080.25,4607
2021-06-21 10:24:38,28064.35,4712
2021-06-21 10:24:38,28064.35,4712
2021-06-21 10:24:39,28064.35,4712
2021-06-21 10:24:40,28064.35,4712
2021-06-21 10:24:41,28064.35,4712
2021-06-21 10:24:42,28064.35,4712
2021-06-21 10:24:43,28064.35,4712
2021-06-21 10:24:44,28064.35,4712
2021-06-21 10:24:45,28064.35,4712
2021-06-21 10:24:46,28064.35,4712
2021-06-21 10:24:47,28064.35,4712
2021-06-21 10:24:48,28064.35,4712
2021-06-21 10:24:49,28064.35,4712
2021-06-21 10:24:50,28064.35,4712
2021-06-21 10:24:51,28073.5,4719
2021-06-21 10:24:52,28073.5,4719
2021-06-21 10:24:53,28073.5,4719
2021-06-21 10:24:54,28073.5,4719
2021-06-21 10:24:56,28073.5,4719
2021-06-21 10:24:57,28073.5,4719
2021-06-21 10:24:58,28073.5,4719
2021-06-21 10:25:01,28073.5,4719
2021-06-21 10:25:01,28073.5,4719
2021-06-21 10:25:02,28073.5,4719
2021-06-21 10:25:04,28073.5,4719
2021-06-21 10:25:05,28073.5,4719
2021-06-21 10:25:06,28073.5,4719
2021-06-21 10:25:06,28073.5,4719
2021-06-21 10:25:07,28073.5,4719
2021-06-21 10:25:08,28069.8,4720
2021-06-21 10:25:09,28069.8,4720
2021-06-21 10:25:11,28069.8,4720
2021-06-21 10:25:12,28069.8,4720
2021-06-21 10:25:13,28073.0,4747
2021-06-21 10:25:13,28073.0,4747
2021-06-21 10:25:14,28069.8,4748
2021-06-21 10:25:15,28069.8,4748
2021-06-21 10:25:16,28069.8,4748
2021-06-21 10:25:17,28069.8,4748
2021-06-21 10:25:18,28071.35,4758
2021-06-21 10:25:19,28071.35,4758
2021-06-21 10:25:20,28071.35,4758
2021-06-21 10:25:21,28071.35,4758
2021-06-21 10:25:22,28071.35,4758
2021-06-21 10:25:24,28071.35,4758
2021-06-21 10:25:25,28071.35,4758
2021-06-21 10:25:26,28071.35,4758
2021-06-21 10:25:27,28071.35,4758
2021-06-21 10:25:28,28071.35,4758
2021-06-21 10:25:29,28071.35,4758
2021-06-21 10:25:31,28071.35,4758
2021-06-21 10:25:32,28071.35,4758
2021-06-21 10:25:33,28071.35,4758
2021-06-21 10:25:35,28071.35,4758
2021-06-21 10:25:36,28071.35,4758
2021-06-21 10:25:36,28071.35,4758
2021-06-21 10:25:37,28071.35,4758
2021-06-21 10:25:38,28071.35,4758
2021-06-21 10:25:39,28071.35,4758
2021-06-21 10:25:40,28071.35,4758
2021-06-21 10:25:41,28071.35,4758
2021-06-21 10:25:43,28071.35,4758
2021-06-21 10:25:44,28071.35,4758
2021-06-21 10:25:45,28071.35,4758
2021-06-21 10:25:46,28071.35,4758
2021-06-21 10:25:46,28071.35,4758
2021-06-21 10:25:47,28071.0,4759
2021-06-21 10:25:50,28060.0,4760
2021-06-21 10:25:50,28060.0,4760
2021-06-21 10:25:51,28060.0,4760
2021-06-21 10:25:52,28060.0,4760
2021-06-21 10:25:53,28060.0,4760
2021-06-21 10:25:55,28060.0,4760
2021-06-21 10:25:56,28060.0,4760
2021-06-21 10:25:57,28060.0,4760
2021-06-21 10:25:58,28060.0,4760
2021-06-21 10:25:58,28060.0,4760
2021-06-21 10:25:59,28060.0,4760
2021-06-21 10:26:00,28060.0,4760
2021-06-21 10:26:01,28060.0,4760
2021-06-21 10:26:02,28060.0,4760
2021-06-21 10:26:05,28060.0,4760
2021-06-21 10:26:06,28060.0,4760
2021-06-21 10:26:07,28060.0,4760
2021-06-21 10:26:08,28060.0,4760
2021-06-21 10:26:10,28060.0,4760
2021-06-21 10:26:12,28060.0,4760
2021-06-21 10:26:13,28060.0,4760
2021-06-21 10:26:16,28060.0,4760
2021-06-21 10:26:17,28060.0,4760
2021-06-21 10:26:19,28060.0,4760
2021-06-21 10:26:21,28060.0,4760
2021-06-21 10:26:22,28060.0,4760
2021-06-21 10:26:23,28060.0,4760
2021-06-21 10:26:25,28070.95,4765
2021-06-21 10:26:26,28070.95,4765
2021-06-21 10:26:27,28070.95,4765
2021-06-21 10:26:28,28070.95,4765
2021-06-21 10:26:29,28070.95,4765
2021-06-21 10:26:30,28070.95,4765
2021-06-21 10:26:31,28070.95,4765
2021-06-21 10:26:32,28070.95,4765
2021-06-21 10:26:33,28070.95,4765
2021-06-21 10:26:34,28070.95,4765
2021-06-21 10:26:35,28070.95,4768
2021-06-21 10:26:36,28070.95,4768
2021-06-21 10:26:37,28070.95,4768
2021-06-21 10:26:38,28070.95,4768
2021-06-21 10:26:39,28070.95,4768
2021-06-21 10:26:40,28070.95,4768
2021-06-21 10:26:40,28070.95,4768
2021-06-21 10:26:41,28070.95,4768
2021-06-21 10:26:42,28070.95,4768
2021-06-21 10:26:43,28070.95,4768
2021-06-21 10:26:44,28070.95,4768
2021-06-21 10:26:45,28070.95,4768
2021-06-21 10:26:46,28070.95,4768
2021-06-21 10:26:47,28070.95,4768
2021-06-21 10:26:49,28070.95,4768
2021-06-21 10:26:50,28070.95,4768
2021-06-21 10:26:51,28045.5,4777
2021-06-21 10:26:53,28045.5,4777
2021-06-21 10:26:53,28066.0,4779
2021-06-21 10:26:54,28066.85,4780
2021-06-21 10:26:55,28066.85,4780
2021-06-21 10:26:56,28066.85,4780
2021-06-21 10:26:57,28066.85,4780
2021-06-21 10:26:59,28044.35,4785
2021-06-21 10:27:00,28044.35,4785
2021-06-21 10:27:01,28044.35,4785
2021-06-21 10:27:03,28044.35,4785
2021-06-21 10:27:04,28044.35,4785
2021-06-21 10:27:05,28060.0,4791
2021-06-21 10:27:06,28060.0,4791
2021-06-21 10:27:07,28060.0,4791
2021-06-21 10:27:08,28060.0,4791
2021-06-21 10:27:08,28060.0,4791
2021-06-21 10:27:09,28060.0,4791
2021-06-21 10:27:12,28069.95,4792
2021-06-21 10:27:13,28069.95,4792
2021-06-21 10:27:14,28069.95,4792
2021-06-21 10:27:15,28069.95,4792
2021-06-21 10:27:16,28069.95,4792
2021-06-21 10:27:16,28069.95,4792
2021-06-21 10:27:18,28069.95,4792
2021-06-21 10:27:19,28069.95,4792
2021-06-21 10:27:21,28069.95,4792
2021-06-21 10:27:22,28069.95,4792
2021-06-21 10:27:23,28069.95,4792
2021-06-21 10:27:25,28045.25,4793
2021-06-21 10:27:26,28045.25,4793
2021-06-21 10:27:28,28045.25,4793
2021-06-21 10:27:29,28045.25,4793
2021-06-21 10:27:30,28060.0,4794
2021-06-21 10:27:31,28059.15,4796
2021-06-21 10:27:32,28094.7,4941
2021-06-21 10:27:33,28094.7,4941
2021-06-21 10:27:34,28078.8,4954
2021-06-21 10:27:35,28078.8,4954
2021-06-21 10:27:36,28078.8,4954
2021-06-21 10:27:37,28078.8,4954
2021-06-21 10:27:38,28078.8,4954
2021-06-21 10:27:39,28078.8,4954
2021-06-21 10:27:40,28078.8,4954
2021-06-21 10:27:41,28078.8,4954
2021-06-21 10:27:42,28078.8,4954
2021-06-21 10:27:43,28078.8,4954
2021-06-21 10:27:44,28078.8,4954
2021-06-21 10:27:45,28078.8,4954
2021-06-21 10:27:46,28078.8,4954
2021-06-21 10:27:47,28094.7,4956
2021-06-21 10:27:48,28094.7,4956
2021-06-21 10:27:49,28094.7,4956
2021-06-21 10:27:50,28094.7,4956
2021-06-21 10:27:51,28094.7,4956
2021-06-21 10:27:52,28094.7,4956
2021-06-21 10:27:53,28094.7,4956
2021-06-21 10:27:54,28094.7,4956
2021-06-21 10:27:57,28094.7,4956
2021-06-21 10:27:58,28094.7,4956
2021-06-21 10:27:59,28094.7,4956
2021-06-21 10:28:01,28094.7,4956
2021-06-21 10:28:02,28100.0,5006
2021-06-21 10:28:03,28100.0,5006
2021-06-21 10:28:05,28100.0,5006
2021-06-21 10:28:06,28094.1,5010
2021-06-21 10:28:07,28094.1,5010
2021-06-21 10:28:08,28094.1,5010
2021-06-21 10:28:09,28094.1,5010
2021-06-21 10:28:11,28094.1,5010
2021-06-21 10:28:12,28094.1,5011
2021-06-21 10:28:13,28094.1,5011
2021-06-21 10:28:17,28094.1,5011
2021-06-21 10:28:18,28094.1,5011
2021-06-21 10:28:19,28094.1,5011
2021-06-21 10:28:20,28094.1,5012
2021-06-21 10:28:21,28094.1,5012
2021-06-21 10:28:22,28094.1,5012
2021-06-21 10:28:23,28094.1,5012
2021-06-21 10:28:24,28094.1,5012
2021-06-21 10:28:25,28094.1,5012
2021-06-21 10:28:26,28094.1,5012
2021-06-21 10:28:27,28094.1,5012
2021-06-21 10:28:28,28094.1,5012
2021-06-21 10:28:29,28094.1,5012
2021-06-21 10:28:30,28094.1,5012
2021-06-21 10:28:32,28094.1,5012
2021-06-21 10:28:33,28094.1,5012
2021-06-21 10:28:35,28094.05,5017
2021-06-21 10:28:36,28094.05,5017
2021-06-21 10:28:38,28094.05,5017
2021-06-21 10:28:40,28094.05,5017
2021-06-21 10:28:41,28094.05,5017
2021-06-21 10:28:42,28094.05,5017
2021-06-21 10:28:43,28094.05,5017
2021-06-21 10:28:44,28094.05,5017
2021-06-21 10:28:45,28094.05,5017
2021-06-21 10:28:46,28090.0,5019
2021-06-21 10:28:48,28090.0,5019
2021-06-21 10:28:49,28090.0,5019
2021-06-21 10:28:50,28090.0,5021
2021-06-21 10:28:51,28090.0,5021
2021-06-21 10:28:52,28090.0,5021
2021-06-21 10:28:53,28090.0,5021
2021-06-21 10:28:54,28090.0,5021
2021-06-21 10:28:56,28090.0,5022
2021-06-21 10:28:57,28078.8,5023
2021-06-21 10:28:58,28078.8,5023
2021-06-21 10:28:59,28078.8,5023
2021-06-21 10:29:01,28078.8,5023
2021-06-21 10:29:03,28078.8,5023
2021-06-21 10:29:04,28078.8,5023
2021-06-21 10:29:05,28078.8,5023
2021-06-21 10:29:06,28080.0,5024
2021-06-21 10:29:08,28080.0,5024
2021-06-21 10:29:09,28080.0,5024
2021-06-21 10:29:10,28080.0,5024
2021-06-21 10:29:11,28080.0,5024
2021-06-21 10:29:12,28080.0,5024
2021-06-21 10:29:13,28080.0,5024
2021-06-21 10:29:15,28080.0,5024
2021-06-21 10:29:16,28080.0,5024
2021-06-21 10:29:18,28080.0,5024
2021-06-21 10:29:18,28080.0,5024
2021-06-21 10:29:19,28080.0,5024
2021-06-21 10:29:20,28080.0,5024
2021-06-21 10:29:21,28080.0,5024
2021-06-21 10:29:23,28080.0,5024
2021-06-21 10:29:24,28090.0,5029
2021-06-21 10:29:25,28090.0,5029
2021-06-21 10:29:26,28090.0,5032
2021-06-21 10:29:27,28090.0,5032
2021-06-21 10:29:28,28090.0,5032
2021-06-21 10:29:29,28094.1,5033
2021-06-21 10:29:30,28094.1,5033
2021-06-21 10:29:31,28094.1,5033
2021-06-21 10:29:32,28094.1,5033
2021-06-21 10:29:33,28094.1,5033
2021-06-21 10:29:34,28094.1,5033
2021-06-21 10:29:35,28094.1,5033
2021-06-21 10:29:36,28094.1,5033
2021-06-21 10:29:37,28100.0,5034
2021-06-21 10:29:38,28092.0,5046
2021-06-21 10:29:39,28092.0,5046
2021-06-21 10:29:40,28092.0,5046
2021-06-21 10:29:41,28092.0,5046
2021-06-21 10:29:42,28092.0,5046
2021-06-21 10:29:42,28092.0,5046
2021-06-21 10:29:43,28092.0,5046
2021-06-21 10:29:44,28092.0,5046
2021-06-21 10:29:45,28092.0,5046
2021-06-21 10:29:46,28092.0,5046
2021-06-21 10:29:47,28092.0,5046
2021-06-21 10:29:48,28094.0,5047
2021-06-21 10:29:50,28094.0,5047
2021-06-21 10:29:51,28094.0,5047
2021-06-21 10:29:52,28094.0,5047
2021-06-21 10:29:54,28094.0,5047
2021-06-21 10:29:54,28094.0,5047
2021-06-21 10:29:55,28094.0,5047
2021-06-21 10:29:58,28080.05,5051
2021-06-21 10:29:57,28080.05,5051
2021-06-21 10:29:59,28080.05,5051
2021-06-21 10:30:01,28080.05,5051
2021-06-21 10:30:04,28080.05,5051
2021-06-21 10:30:05,28080.05,5051
2021-06-21 10:30:06,28094.0,5052
2021-06-21 10:30:07,28094.0,5052
2021-06-21 10:30:08,28094.0,5052
2021-06-21 10:30:09,28094.0,5052
2021-06-21 10:30:10,28094.0,5052
2021-06-21 10:30:12,28094.0,5052
2021-06-21 10:30:15,28094.0,5052
2021-06-21 10:30:16,28094.0,5052
2021-06-21 10:30:17,28094.0,5052
2021-06-21 10:30:18,28094.0,5052
2021-06-21 10:30:19,28094.0,5052
2021-06-21 10:30:20,28094.0,5052
2021-06-21 10:30:21,28094.0,5052
2021-06-21 10:30:23,28094.0,5052
2021-06-21 10:30:24,28094.0,5052
2021-06-21 10:30:25,28094.0,5052
2021-06-21 10:30:26,28094.0,5052
2021-06-21 10:30:27,28093.95,5053
2021-06-21 10:30:28,28094.0,5064
2021-06-21 10:30:29,28094.0,5064
2021-06-21 10:30:30,28094.0,5064
2021-06-21 10:30:31,28094.0,5064
2021-06-21 10:30:32,28094.0,5064
2021-06-21 10:30:33,28094.0,5064
2021-06-21 10:30:34,28094.0,5064
2021-06-21 10:30:35,28094.0,5064
2021-06-21 10:30:36,28094.0,5064
2021-06-21 10:30:37,28094.0,5064
2021-06-21 10:30:38,28094.0,5064
2021-06-21 10:30:39,28094.0,5064
2021-06-21 10:30:40,28094.0,5064
2021-06-21 10:30:41,28094.0,5064
2021-06-21 10:30:42,28094.0,5064
2021-06-21 10:30:44,28094.0,5064
2021-06-21 10:30:46,28094.0,5064
2021-06-21 10:30:47,28094.0,5065
2021-06-21 10:30:48,28094.0,5065
2021-06-21 10:30:49,28094.0,5065
2021-06-21 10:30:50,28094.0,5065
2021-06-21 10:30:51,28094.0,5065
2021-06-21 10:30:52,28094.0,5065
2021-06-21 10:30:53,28094.0,5065
2021-06-21 10:30:54,28094.0,5065
2021-06-21 10:30:55,28094.0,5065
2021-06-21 10:30:56,28094.0,5065
2021-06-21 10:30:57,28094.0,5065
2021-06-21 10:30:58,28094.0,5065
2021-06-21 10:30:59,28094.0,5065
2021-06-21 10:31:00,28094.0,5065
2021-06-21 10:31:01,28094.0,5065
2021-06-21 10:31:02,28078.8,5079
2021-06-21 10:31:03,28070.0,5080
2021-06-21 10:31:04,28070.0,5080
2021-06-21 10:31:05,28070.0,5080
2021-06-21 10:31:06,28070.0,5080
2021-06-21 10:31:07,28070.0,5080
2021-06-21 10:31:09,28070.0,5080
2021-06-21 10:31:11,28087.95,5081
2021-06-21 10:31:12,28087.95,5081
2021-06-21 10:31:14,28087.95,5081
2021-06-21 10:31:15,28087.95,5081
2021-06-21 10:31:16,28087.95,5081
2021-06-21 10:31:17,28087.95,5081
2021-06-21 10:31:18,28087.95,5081
2021-06-21 10:31:19,28087.95,5081
2021-06-21 10:31:20,28087.95,5081
2021-06-21 10:31:21,28087.95,5081
2021-06-21 10:31:22,28087.95,5081
2021-06-21 10:31:23,28087.95,5081
2021-06-21 10:31:24,28087.95,5081
2021-06-21 10:31:25,28087.95,5081
2021-06-21 10:31:26,28087.95,5081
2021-06-21 10:31:28,28087.95,5081
2021-06-21 10:31:29,28087.95,5081
2021-06-21 10:31:30,28087.95,5081
2021-06-21 10:31:31,28087.95,5081
2021-06-21 10:31:32,28087.95,5081
2021-06-21 10:31:33,28087.95,5081
2021-06-21 10:31:34,28087.95,5081
2021-06-21 10:31:35,28087.95,5081
2021-06-21 10:31:36,28087.95,5081
2021-06-21 10:31:37,28087.95,5081
2021-06-21 10:31:38,28087.95,5081
2021-06-21 10:31:39,28087.95,5081
2021-06-21 10:31:40,28087.95,5081
2021-06-21 10:31:41,28087.95,5081
2021-06-21 10:31:42,28087.95,5081
2021-06-21 10:31:43,28087.95,5081
2021-06-21 10:31:44,28087.95,5081
2021-06-21 10:31:45,28087.95,5081
2021-06-21 10:31:46,28087.95,5081
2021-06-21 10:31:48,28087.95,5081
2021-06-21 10:31:49,28087.95,5081
2021-06-21 10:31:50,28087.95,5081
2021-06-21 10:31:51,28087.95,5081
2021-06-21 10:31:52,28087.95,5081
2021-06-21 10:31:56,28070.0,5087
2021-06-21 10:31:59,28070.0,5087
2021-06-21 10:32:03,28070.0,5087
2021-06-21 10:32:06,28070.0,5087
2021-06-21 10:32:09,28070.0,5087
2021-06-21 10:32:13,28070.0,5087
2021-06-21 10:32:16,28070.0,5087
2021-06-21 10:32:20,28070.0,5087
2021-06-21 10:32:24,28080.0,5095
2021-06-21 10:32:28,28080.0,5095
2021-06-21 10:32:31,28080.0,5095
2021-06-21 10:32:35,28084.6,5099
2021-06-21 10:32:39,28089.5,5116
2021-06-21 10:32:42,28089.5,5116
2021-06-21 10:32:45,28089.5,5116
2021-06-21 10:32:49,28089.5,5116
2021-06-21 10:32:52,28089.5,5116
2021-06-21 10:32:55,28089.5,5116
2021-06-21 10:32:59,28094.0,5208
2021-06-21 10:33:02,28094.0,5208
2021-06-21 10:33:05,28094.0,5208
2021-06-21 10:33:09,28098.0,5209
2021-06-21 10:33:12,28098.0,5209
2021-06-21 10:33:16,28098.0,5209
2021-06-21 10:33:19,28098.0,5209
2021-06-21 10:33:23,28098.0,5209
2021-06-21 10:33:26,28098.0,5209
2021-06-21 10:33:32,28098.0,5209
2021-06-21 10:33:35,28098.0,5209
2021-06-21 10:33:39,28098.0,5210
2021-06-21 10:33:43,28098.0,5217
2021-06-21 10:33:47,28098.0,5218
2021-06-21 10:33:50,28098.0,5218
2021-06-21 10:33:54,28098.0,5218
2021-06-21 10:33:57,28098.0,5218
2021-06-21 10:34:04,28098.0,5218
2021-06-21 10:34:07,28098.0,5218
2021-06-21 10:34:11,28098.0,5218
2021-06-21 10:34:14,28098.0,5218
2021-06-21 10:34:17,28098.0,5218
2021-06-21 10:34:20,28098.0,5219
2021-06-21 10:34:23,28098.0,5234
2021-06-21 10:34:26,28098.0,5234
2021-06-21 10:34:29,28098.0,5234
2021-06-21 10:34:32,28098.0,5234
2021-06-21 10:34:36,28100.0,5235
2021-06-21 10:34:39,28100.0,5235
2021-06-21 10:34:42,28100.0,5235
2021-06-21 10:34:45,28100.0,5237
2021-06-21 10:34:48,28100.0,5237
2021-06-21 10:34:55,28100.0,5237
2021-06-21 10:34:59,28100.0,5237
2021-06-21 10:35:02,28100.0,5237
2021-06-21 10:35:06,28100.0,5237
2021-06-21 10:35:10,28100.0,5239
2021-06-21 10:35:14,28121.1,5365
2021-06-21 10:35:19,28121.1,5365
2021-06-21 10:35:23,28125.0,5366
2021-06-21 10:35:28,28127.3,5376
2021-06-21 10:35:31,28128.6,5381
2021-06-21 10:35:39,28106.35,5387
2021-06-21 10:35:43,28106.35,5387
2021-06-21 10:35:46,28106.35,5387
2021-06-21 10:35:50,28106.1,5394
2021-06-21 10:35:54,28127.5,5395
2021-06-21 10:35:57,28127.5,5395
2021-06-21 10:36:01,28127.5,5395
2021-06-21 10:36:04,28127.5,5395
2021-06-21 10:36:07,28127.5,5395
2021-06-21 10:36:11,28127.5,5395
2021-06-21 10:36:15,28127.5,5395
2021-06-21 10:36:19,28128.0,5405
2021-06-21 10:36:26,28128.0,5405
2021-06-21 10:36:29,28128.0,5405
2021-06-21 10:36:33,28128.0,5405
2021-06-21 10:36:38,28128.0,5405
2021-06-21 10:36:42,28128.0,5405
2021-06-21 10:36:50,28127.5,5409
2021-06-21 10:36:54,28127.5,5409
2021-06-21 10:36:55,28110.0,5411
2021-06-21 10:36:56,28110.0,5411
2021-06-21 10:36:57,28110.0,5411
2021-06-21 10:36:58,28110.0,5411
2021-06-21 10:36:59,28110.0,5411
2021-06-21 10:37:00,28110.0,5411
2021-06-21 10:37:01,28110.0,5411
2021-06-21 10:37:02,28110.0,5411
2021-06-21 10:37:03,28126.95,5413
2021-06-21 10:37:04,28126.95,5413
2021-06-21 10:37:06,28126.95,5413
2021-06-21 10:37:07,28126.95,5413
2021-06-21 10:37:08,28126.95,5413
2021-06-21 10:37:10,28126.95,5413
2021-06-21 10:37:11,28103.3,5440
2021-06-21 10:37:11,28103.3,5440
2021-06-21 10:37:12,28103.3,5440
2021-06-21 10:37:13,28103.3,5440
2021-06-21 10:37:16,28103.3,5440
2021-06-21 10:37:19,28103.3,5440
2021-06-21 10:37:22,28103.3,5440
2021-06-21 10:37:23,28103.3,5440
2021-06-21 10:37:25,28103.3,5440
2021-06-21 10:37:26,28103.3,5454
2021-06-21 10:37:26,28103.3,5454
2021-06-21 10:37:27,28103.3,5454
2021-06-21 10:37:28,28083.1,5455
2021-06-21 10:37:29,28083.1,5455
2021-06-21 10:37:31,28113.35,5470
2021-06-21 10:37:32,28113.35,5470
2021-06-21 10:37:33,28113.35,5470
2021-06-21 10:37:34,28113.35,5470
2021-06-21 10:37:35,28113.35,5470
2021-06-21 10:37:36,28113.35,5470
2021-06-21 10:37:37,28113.35,5470
2021-06-21 10:37:38,28113.35,5470
2021-06-21 10:37:39,28113.3,5472
2021-06-21 10:37:39,28113.3,5472
2021-06-21 10:37:40,28113.3,5472
2021-06-21 10:37:41,28113.3,5472
2021-06-21 10:37:42,28113.3,5472
2021-06-21 10:37:44,28113.3,5472
2021-06-21 10:37:45,28113.3,5472
2021-06-21 10:37:46,28113.3,5472
2021-06-21 10:37:47,28113.3,5473
2021-06-21 10:37:48,28113.3,5473
2021-06-21 10:37:49,28113.3,5473
2021-06-21 10:37:52,28113.3,5473
2021-06-21 10:37:52,28113.3,5473
2021-06-21 10:37:54,28113.3,5473
2021-06-21 10:37:54,28113.3,5473
2021-06-21 10:37:55,28113.3,5473
2021-06-21 10:37:56,28113.3,5473
2021-06-21 10:37:57,28113.3,5473
2021-06-21 10:37:58,28113.0,5476
2021-06-21 10:38:00,28095.8,5477
2021-06-21 10:38:01,28110.0,5487
2021-06-21 10:38:02,28110.0,5487
2021-06-21 10:38:02,28110.0,5487
2021-06-21 10:38:03,28110.0,5487
2021-06-21 10:38:06,28110.0,5487
2021-06-21 10:38:07,28110.0,5487
2021-06-21 10:38:08,28110.0,5487
2021-06-21 10:38:09,28110.0,5487
2021-06-21 10:38:10,28126.95,5488
2021-06-21 10:38:11,28126.95,5488
2021-06-21 10:38:12,28126.95,5488
2021-06-21 10:38:13,28126.95,5488
2021-06-21 10:38:13,28126.95,5488
2021-06-21 10:38:14,28126.95,5488
2021-06-21 10:38:15,28126.95,5488
2021-06-21 10:38:16,28126.95,5488
2021-06-21 10:38:17,28126.95,5488
2021-06-21 10:38:18,28126.95,5488
2021-06-21 10:38:20,28126.95,5488
2021-06-21 10:38:20,28127.0,5489
2021-06-21 10:38:21,28127.0,5489
2021-06-21 10:38:22,28127.0,5489
2021-06-21 10:38:23,28127.0,5489
2021-06-21 10:38:24,28127.0,5489
2021-06-21 10:38:25,28127.0,5489
2021-06-21 10:38:26,28127.0,5489
2021-06-21 10:38:27,28127.0,5490
2021-06-21 10:38:29,28127.0,5490
2021-06-21 10:38:32,28127.0,5490
2021-06-21 10:38:33,28127.0,5490
2021-06-21 10:38:34,28127.0,5490
2021-06-21 10:38:35,28127.0,5490
2021-06-21 10:38:36,28127.0,5490
2021-06-21 10:38:38,28127.0,5490
2021-06-21 10:38:39,28127.0,5490
2021-06-21 10:38:40,28127.0,5490
2021-06-21 10:38:45,28127.0,5490
2021-06-21 10:38:46,28127.0,5490
2021-06-21 10:38:51,28127.0,5490
2021-06-21 10:38:57,28127.0,5490
2021-06-21 10:38:58,28127.0,5490
2021-06-21 10:38:59,28126.95,5493
2021-06-21 10:39:00,28126.95,5493
2021-06-21 10:39:03,28126.95,5493
2021-06-21 10:39:04,28126.95,5493
2021-06-21 10:39:05,28126.95,5493
2021-06-21 10:39:06,28126.95,5493
2021-06-21 10:39:07,28126.95,5493
2021-06-21 10:39:09,28127.0,5494
2021-06-21 10:39:10,28127.0,5494
2021-06-21 10:39:11,28127.0,5494
2021-06-21 10:39:13,28127.0,5526
2021-06-21 10:39:14,28127.0,5526
2021-06-21 10:39:15,28130.0,5810
2021-06-21 10:39:15,28130.0,5810
2021-06-21 10:39:16,28130.0,5810
2021-06-21 10:39:17,28130.0,5810
2021-06-21 10:39:19,28130.0,5810
2021-06-21 10:39:20,28130.0,5810
2021-06-21 10:39:22,28117.6,5811
2021-06-21 10:39:23,28117.6,5811
2021-06-21 10:39:24,28117.6,5811
2021-06-21 10:39:29,28117.6,5811
2021-06-21 10:39:30,28117.6,5811
2021-06-21 10:39:32,28117.6,5811
2021-06-21 10:39:33,28117.6,5811
2021-06-21 10:39:34,28137.65,5815
2021-06-21 10:39:35,28137.65,5815
2021-06-21 10:39:36,28120.0,5816
2021-06-21 10:39:37,28118.95,5828
2021-06-21 10:39:38,28118.95,5828
2021-06-21 10:39:43,28118.95,5828
2021-06-21 10:39:44,28118.95,5828
2021-06-21 10:39:45,28118.95,5828
2021-06-21 10:39:47,28118.95,5828
2021-06-21 10:39:48,28118.95,5828
2021-06-21 10:39:49,28118.95,5828
2021-06-21 10:39:50,28118.95,5828
2021-06-21 10:39:51,28118.95,5828
2021-06-21 10:39:53,28138.35,5836
2021-06-21 10:39:54,28138.35,5836
2021-06-21 10:39:55,28138.35,5836
2021-06-21 10:39:56,28138.35,5836
2021-06-21 10:40:01,28138.35,5836
2021-06-21 10:40:02,28138.35,5836
2021-06-21 10:40:04,28138.35,5836
2021-06-21 10:40:05,28138.35,5836
2021-06-21 10:40:07,28120.45,5837
2021-06-21 10:40:08,28120.45,5837
2021-06-21 10:40:09,28120.45,5837
2021-06-21 10:40:10,28120.45,5837
2021-06-21 10:40:11,28138.35,5838
2021-06-21 10:40:12,28138.35,5838
2021-06-21 10:40:13,28138.35,5838
2021-06-21 10:40:14,28138.35,5838
2021-06-21 10:40:15,28138.35,5838
2021-06-21 10:40:16,28138.35,5838
2021-06-21 10:40:17,28138.35,5838
2021-06-21 10:40:18,28138.35,5838
2021-06-21 10:40:21,28138.35,5838
2021-06-21 10:40:22,28138.35,5838
2021-06-21 10:40:23,28138.35,5838
2021-06-21 10:40:24,28138.35,5838
2021-06-21 10:40:24,28138.35,5838
2021-06-21 10:40:27,28138.35,5838
2021-06-21 10:40:29,28138.35,5838
2021-06-21 10:40:30,28138.35,5838
2021-06-21 10:40:31,28138.35,5838
2021-06-21 10:40:32,28138.35,5838
2021-06-21 10:40:33,28138.35,5838
2021-06-21 10:40:34,28138.35,5838
2021-06-21 10:40:35,28139.9,5841
2021-06-21 10:40:37,28139.9,5841
2021-06-21 10:40:39,28141.75,5843
2021-06-21 10:40:40,28141.75,5843
2021-06-21 10:40:41,28141.75,5843
2021-06-21 10:40:42,28141.75,5843
2021-06-21 10:40:44,28141.75,5843
2021-06-21 10:40:46,28141.75,5843
2021-06-21 10:40:47,28141.75,5843
2021-06-21 10:40:48,28141.75,5843
2021-06-21 10:40:50,28141.75,5843
2021-06-21 10:40:52,28141.75,5843
2021-06-21 10:40:53,28141.75,5843
2021-06-21 10:40:54,28141.75,5843
2021-06-21 10:40:55,28141.75,5843
2021-06-21 10:40:56,28141.75,5843
2021-06-21 10:40:57,28141.75,5843
2021-06-21 10:40:58,28141.75,5843
2021-06-21 10:40:59,28141.75,5843
2021-06-21 10:41:00,28141.75,5843
2021-06-21 10:41:01,28138.35,5845
2021-06-21 10:41:02,28138.35,5845
2021-06-21 10:41:03,28138.35,5845
2021-06-21 10:41:05,28138.35,5845
2021-06-21 10:41:06,28138.35,5845
2021-06-21 10:41:08,28138.35,5845
2021-06-21 10:41:09,28138.35,5845
2021-06-21 10:41:11,28138.35,5845
2021-06-21 10:41:12,28138.35,5845
2021-06-21 10:41:13,28138.0,5848
2021-06-21 10:41:14,28138.0,5848
2021-06-21 10:41:15,28138.35,5856
2021-06-21 10:41:16,28138.35,5856
2021-06-21 10:41:17,28138.35,5856
2021-06-21 10:41:18,28138.35,5856
2021-06-21 10:41:19,28138.35,5856
2021-06-21 10:41:20,28138.35,5856
2021-06-21 10:41:21,28138.35,5856
2021-06-21 10:41:22,28138.35,5856
2021-06-21 10:41:23,28138.35,5856
2021-06-21 10:41:24,28138.35,5856
2021-06-21 10:41:25,28138.35,5856
2021-06-21 10:41:26,28138.35,5856
2021-06-21 10:41:27,28138.35,5856
2021-06-21 10:41:28,28141.75,5859
2021-06-21 10:41:29,28145.25,5860
2021-06-21 10:41:30,28145.25,5860
2021-06-21 10:41:31,28145.25,5860
2021-06-21 10:41:33,28145.25,5860
2021-06-21 10:41:34,28150.0,5881
2021-06-21 10:41:35,28150.0,5881
2021-06-21 10:41:36,28150.0,5881
2021-06-21 10:41:37,28150.0,5881
2021-06-21 10:41:38,28150.0,5881
2021-06-21 10:41:39,28166.75,5901
2021-06-21 10:41:40,28145.35,5902
2021-06-21 10:41:41,28145.35,5902
2021-06-21 10:41:42,28145.35,5902
2021-06-21 10:41:43,28145.35,5902
2021-06-21 10:41:44,28145.35,5902
2021-06-21 10:41:45,28145.35,5902
2021-06-21 10:41:46,28166.65,5903
2021-06-21 10:41:47,28166.65,5903
2021-06-21 10:41:48,28166.65,5903
2021-06-21 10:41:49,28166.65,5903
2021-06-21 10:41:50,28166.65,5903
2021-06-21 10:41:51,28166.65,5903
2021-06-21 10:41:52,28166.65,5903
2021-06-21 10:41:53,28166.65,5903
2021-06-21 10:41:55,28166.65,5903
2021-06-21 10:41:56,28166.65,5903
2021-06-21 10:41:57,28166.65,5903
2021-06-21 10:41:58,28141.35,5913
2021-06-21 10:41:59,28141.35,5913
2021-06-21 10:42:00,28166.6,5930
2021-06-21 10:42:01,28166.6,5930
2021-06-21 10:42:02,28166.6,5930
2021-06-21 10:42:03,28166.6,5930
2021-06-21 10:42:04,28166.6,5930
2021-06-21 10:42:05,28166.6,5930
2021-06-21 10:42:06,28166.6,5930
2021-06-21 10:42:07,28180.0,5940
2021-06-21 10:42:08,28180.0,5940
2021-06-21 10:42:09,28180.0,5940
2021-06-21 10:42:10,28180.0,5940
2021-06-21 10:42:11,28180.0,5940
2021-06-21 10:42:13,28180.0,5940
2021-06-21 10:42:14,28180.0,5940
2021-06-21 10:42:15,28180.0,5940
2021-06-21 10:42:16,28175.0,5980
2021-06-21 10:42:17,28175.0,5980
2021-06-21 10:42:18,28175.0,5980
2021-06-21 10:42:20,28175.0,5980
2021-06-21 10:42:21,28175.0,5980
2021-06-21 10:42:22,28175.0,5980
2021-06-21 10:42:23,28175.0,5980
2021-06-21 10:42:24,28175.0,5980
2021-06-21 10:42:25,28175.0,5990
2021-06-21 10:42:26,28175.0,5990
2021-06-21 10:42:27,28175.0,5990
2021-06-21 10:42:29,28175.0,5990
2021-06-21 10:42:30,28175.0,5990
2021-06-21 10:42:31,28175.0,5990
2021-06-21 10:42:32,28175.0,5990
2021-06-21 10:42:33,28175.0,5990
2021-06-21 10:42:34,28175.0,5990
2021-06-21 10:42:35,28175.0,6010
2021-06-21 10:42:36,28179.7,6011
2021-06-21 10:42:37,28179.7,6011
2021-06-21 10:42:38,28180.0,6013
2021-06-21 10:42:39,28180.0,6013
2021-06-21 10:42:40,28180.0,6013
2021-06-21 10:42:41,28180.0,6013
2021-06-21 10:42:42,28180.0,6013
2021-06-21 10:42:43,28180.0,6013
2021-06-21 10:42:44,28180.0,6013
2021-06-21 10:42:45,28151.9,6014
2021-06-21 10:42:46,28151.9,6014
2021-06-21 10:42:47,28151.9,6014
2021-06-21 10:42:48,28151.9,6014
2021-06-21 10:42:49,28151.9,6014
2021-06-21 10:42:50,28151.9,6014
2021-06-21 10:42:51,28151.9,6014
2021-06-21 10:42:53,28174.3,6015
2021-06-21 10:42:54,28174.3,6015
2021-06-21 10:42:55,28174.3,6015
2021-06-21 10:42:58,28174.3,6015
2021-06-21 10:42:59,28174.3,6015
2021-06-21 10:43:01,28174.3,6015
2021-06-21 10:43:04,28161.0,6027
2021-06-21 10:43:05,28161.0,6027
2021-06-21 10:43:05,28161.0,6027
2021-06-21 10:43:06,28161.0,6027
2021-06-21 10:43:07,28161.0,6027
2021-06-21 10:43:09,28174.9,6028
2021-06-21 10:43:10,28174.9,6028
2021-06-21 10:43:11,28174.9,6028
2021-06-21 10:43:12,28174.9,6028
2021-06-21 10:43:13,28174.9,6028
2021-06-21 10:43:14,28174.9,6028
2021-06-21 10:43:15,28174.9,6028
2021-06-21 10:43:16,28174.9,6028
2021-06-21 10:43:17,28174.3,6029
2021-06-21 10:43:18,28174.3,6029
2021-06-21 10:43:19,28174.3,6029
2021-06-21 10:43:20,28174.3,6029
2021-06-21 10:43:21,28174.3,6029
2021-06-21 10:43:25,28174.3,6029
2021-06-21 10:43:25,28174.3,6029
2021-06-21 10:43:26,28174.3,6029
2021-06-21 10:43:27,28174.3,6029
2021-06-21 10:43:28,28174.3,6029
2021-06-21 10:43:29,28174.3,6029
2021-06-21 10:43:30,28174.3,6029
2021-06-21 10:43:32,28174.3,6029
2021-06-21 10:43:34,28174.3,6029
2021-06-21 10:43:38,28174.3,6029
2021-06-21 10:43:38,28174.3,6029
2021-06-21 10:43:39,28179.8,6034
2021-06-21 10:43:40,28179.8,6034
2021-06-21 10:43:41,28179.8,6034
2021-06-21 10:43:42,28179.8,6034
2021-06-21 10:43:44,28179.8,6034
2021-06-21 10:43:45,28179.8,6036
2021-06-21 10:43:45,28179.8,6036
2021-06-21 10:43:46,28179.8,6036
2021-06-21 10:43:47,28179.8,6036
2021-06-21 10:43:48,28179.8,6036
2021-06-21 10:43:49,28179.8,6036
2021-06-21 10:43:50,28179.8,6036
2021-06-21 10:43:51,28179.8,6036
2021-06-21 10:43:52,28179.8,6036
2021-06-21 10:43:53,28179.8,6036
2021-06-21 10:43:54,28179.8,6036
2021-06-21 10:43:55,28179.8,6036
2021-06-21 10:43:59,28180.0,6038
2021-06-21 10:43:59,28180.0,6038
2021-06-21 10:44:02,28180.0,6038
2021-06-21 10:44:03,28180.0,6038
2021-06-21 10:44:03,28180.0,6038
2021-06-21 10:44:04,28180.0,6038
2021-06-21 10:44:05,28180.0,6038
2021-06-21 10:44:06,28180.0,6038
2021-06-21 10:44:08,28180.0,6038
2021-06-21 10:44:09,28180.0,6038
2021-06-21 10:44:10,28179.8,6043
2021-06-21 10:44:11,28179.8,6043
2021-06-21 10:44:12,28179.8,6043
2021-06-21 10:44:13,28179.8,6043
2021-06-21 10:44:14,28179.8,6043
2021-06-21 10:44:15,28179.8,6043
2021-06-21 10:44:16,28179.8,6043
2021-06-21 10:44:17,28179.8,6043
2021-06-21 10:44:19,28179.8,6043
2021-06-21 10:44:20,28179.8,6043
2021-06-21 10:44:23,28179.8,6043
2021-06-21 10:44:24,28179.8,6043
2021-06-21 10:44:28,28179.8,6043
2021-06-21 10:44:28,28179.8,6043
2021-06-21 10:44:29,28179.8,6043
2021-06-21 10:44:30,28179.8,6043
2021-06-21 10:44:32,28160.05,6049
2021-06-21 10:44:33,28160.05,6049
2021-06-21 10:44:33,28160.05,6049
2021-06-21 10:44:35,28160.05,6049
2021-06-21 10:44:35,28160.05,6049
2021-06-21 10:44:36,28160.05,6049
2021-06-21 10:44:38,28160.15,6050
2021-06-21 10:44:39,28160.15,6050
2021-06-21 10:44:40,28160.15,6050
2021-06-21 10:44:41,28160.15,6050
2021-06-21 10:44:42,28160.15,6050
2021-06-21 10:44:43,28160.15,6050
2021-06-21 10:44:44,28160.15,6050
2021-06-21 10:44:45,28160.15,6050
2021-06-21 10:44:49,28160.15,6050
2021-06-21 10:44:50,28160.15,6050
2021-06-21 10:44:51,28160.15,6050
2021-06-21 10:44:53,28160.15,6050
2021-06-21 10:44:53,28160.15,6050
2021-06-21 10:44:54,28160.15,6050
2021-06-21 10:44:55,28160.15,6050
2021-06-21 10:44:56,28160.15,6050
2021-06-21 10:44:57,28160.15,6050
2021-06-21 10:44:58,28160.15,6050
2021-06-21 10:44:59,28160.15,6050
2021-06-21 10:45:00,28160.15,6050
2021-06-21 10:45:03,28160.15,6050
2021-06-21 10:45:04,28160.15,6050
2021-06-21 10:45:05,28160.15,6050
2021-06-21 10:45:07,28160.15,6050
2021-06-21 10:45:09,28160.15,6050
2021-06-21 10:45:11,28160.15,6050
2021-06-21 10:45:13,28160.15,6050
2021-06-21 10:45:14,28160.15,6050
2021-06-21 10:45:15,28160.15,6050
2021-06-21 10:45:16,28160.15,6050
2021-06-21 10:45:17,28160.15,6050
2021-06-21 10:45:22,28160.15,6050
2021-06-21 10:45:22,28160.15,6050
2021-06-21 10:45:23,28160.15,6050
2021-06-21 10:45:27,28160.15,6050
2021-06-21 10:45:28,28160.15,6050
2021-06-21 10:45:29,28160.15,6050
2021-06-21 10:45:32,28160.15,6050
2021-06-21 10:45:33,28160.2,6054
2021-06-21 10:45:34,28160.2,6054
2021-06-21 10:45:35,28160.2,6054
2021-06-21 10:45:36,28160.2,6054
2021-06-21 10:45:36,28160.2,6054
2021-06-21 10:45:37,28160.2,6054
2021-06-21 10:45:38,28160.2,6054
2021-06-21 10:45:40,28160.2,6054
2021-06-21 10:45:40,28160.2,6054
2021-06-21 10:45:41,28160.2,6054
2021-06-21 10:45:42,28160.2,6054
2021-06-21 10:45:43,28160.2,6054
2021-06-21 10:45:45,28160.2,6054
2021-06-21 10:45:46,28160.2,6054
2021-06-21 10:45:46,28160.2,6054
2021-06-21 10:45:47,28160.2,6054
2021-06-21 10:45:49,28178.95,6058
2021-06-21 10:45:50,28178.95,6058
2021-06-21 10:45:52,28179.8,6063
2021-06-21 10:45:53,28179.8,6063
2021-06-21 10:45:54,28179.8,6063
2021-06-21 10:45:57,28179.8,6063
2021-06-21 10:45:58,28180.0,6122
2021-06-21 10:45:59,28180.0,6122
2021-06-21 10:46:00,28180.0,6122
2021-06-21 10:46:01,28180.0,6122
2021-06-21 10:46:04,28180.0,6124
2021-06-21 10:46:06,28180.0,6127
2021-06-21 10:46:07,28180.0,6127
2021-06-21 10:46:07,28180.0,6127
2021-06-21 10:46:09,28180.0,6127
