timestamp,ltp,volume
2021-06-21 09:16:29,1063.2,20059
2021-06-21 09:16:30,1063.25,20109
2021-06-21 09:16:31,1063.25,20109
2021-06-21 09:16:32,1063.7,20113
2021-06-21 09:16:33,1063.9,20119
2021-06-21 09:16:34,1063.9,20119
2021-06-21 09:16:35,1063.9,20119
2021-06-21 09:16:36,1063.35,20129
2021-06-21 09:16:37,1063.35,20129
2021-06-21 09:16:39,1063.35,20348
2021-06-21 09:16:40,1063.0,20828
2021-06-21 09:16:41,1063.0,20828
2021-06-21 09:16:42,1063.0,20828
2021-06-21 09:16:43,1063.0,20828
2021-06-21 09:16:44,1063.0,20828
2021-06-21 09:16:45,1063.0,20828
2021-06-21 09:16:46,1063.0,20828
2021-06-21 09:16:47,1063.3,20983
2021-06-21 09:16:48,1063.3,20983
2021-06-21 09:16:49,1063.25,20994
2021-06-21 09:16:50,1063.1,21009
2021-06-21 09:16:51,1062.35,21197
2021-06-21 09:16:53,1062.4,21417
2021-06-21 09:16:54,1062.4,21417
2021-06-21 09:16:55,1062.4,21417
2021-06-21 09:16:56,1061.65,21442
2021-06-21 09:16:58,1061.5,22249
2021-06-21 09:16:59,1061.5,22249
2021-06-21 09:17:00,1061.55,22252
2021-06-21 09:17:01,1061.9,25216
2021-06-21 09:17:03,1060.4,25684
2021-06-21 09:17:04,1060.4,25684
2021-06-21 09:17:05,1060.4,25684
2021-06-21 09:17:06,1060.05,25724
2021-06-21 09:17:07,1060.0,26338
2021-06-21 09:17:08,1060.0,26338
2021-06-21 09:17:09,1060.0,28867
2021-06-21 09:17:10,1060.0,28867
2021-06-21 09:17:11,1059.05,29076
2021-06-21 09:17:13,1059.5,29101
2021-06-21 09:17:15,1059.45,29103
2021-06-21 09:17:16,1059.45,29103
2021-06-21 09:17:17,1059.3,29113
2021-06-21 09:17:18,1059.3,29163
2021-06-21 09:17:19,1059.3,29251
2021-06-21 09:17:20,1059.3,29471
2021-06-21 09:17:21,1059.0,30257
2021-06-21 09:17:22,1059.65,30267
2021-06-21 09:17:23,1059.5,30277
2021-06-21 09:17:24,1059.0,30317
2021-06-21 09:17:25,1059.0,30317
2021-06-21 09:17:26,1059.0,30317
2021-06-21 09:17:27,1059.0,30931
2021-06-21 09:17:29,1058.85,31749
2021-06-21 09:17:30,1059.0,31769
2021-06-21 09:17:31,1058.75,31949
2021-06-21 09:17:32,1058.75,31949
2021-06-21 09:17:33,1058.25,32261
2021-06-21 09:17:34,1058.25,32261
2021-06-21 09:17:35,1058.25,32261
2021-06-21 09:17:36,1058.25,32261
2021-06-21 09:17:37,1058.25,32343
2021-06-21 09:17:38,1058.25,32343
2021-06-21 09:17:39,1058.25,32441
2021-06-21 09:17:40,1058.5,32442
2021-06-21 09:17:41,1058.0,32806
2021-06-21 09:17:43,1058.0,32806
2021-06-21 09:17:43,1058.0,32806
2021-06-21 09:17:44,1058.75,32884
2021-06-21 09:17:45,1058.25,32911
2021-06-21 09:17:46,1058.25,33061
2021-06-21 09:17:47,1058.2,33071
2021-06-21 09:17:49,1058.2,33071
2021-06-21 09:17:50,1058.2,33071
2021-06-21 09:17:50,1058.05,33583
2021-06-21 09:17:51,1058.05,33583
2021-06-21 09:17:52,1058.0,33688
2021-06-21 09:17:53,1058.6,34049
2021-06-21 09:17:54,1058.95,34054
2021-06-21 09:17:55,1058.95,34054
2021-06-21 09:17:56,1058.95,34054
2021-06-21 09:17:57,1058.95,34054
2021-06-21 09:17:58,1058.95,34054
2021-06-21 09:17:59,1058.05,34204
2021-06-21 09:18:00,1058.05,34204
2021-06-21 09:18:01,1058.4,34277
2021-06-21 09:18:03,1058.75,34304
2021-06-21 09:18:04,1058.75,34304
2021-06-21 09:18:07,1058.75,34304
2021-06-21 09:18:07,1058.6,34308
2021-06-21 09:18:08,1057.95,34570
2021-06-21 09:18:09,1058.55,34590
2021-06-21 09:18:10,1058.75,34890
2021-06-21 09:18:11,1058.15,34960
2021-06-21 09:18:12,1058.0,35085
2021-06-21 09:18:14,1058.0,35085
2021-06-21 09:18:15,1058.0,35085
2021-06-21 09:18:15,1057.95,35185
2021-06-21 09:18:16,1058.45,35186
2021-06-21 09:18:17,1057.5,35407
2021-06-21 09:18:18,1057.5,35555
2021-06-21 09:18:19,1057.95,35565
2021-06-21 09:18:20,1057.95,35565
2021-06-21 09:18:21,1058.0,35615
2021-06-21 09:18:22,1058.0,35886
2021-06-21 09:18:23,1058.0,35886
2021-06-21 09:18:24,1058.0,35886
2021-06-21 09:18:26,1057.0,36321
2021-06-21 09:18:27,1056.8,36422
2021-06-21 09:18:29,1057.3,36600
2021-06-21 09:18:30,1057.3,36601
2021-06-21 09:18:31,1057.3,36601
2021-06-21 09:18:32,1057.3,36601
2021-06-21 09:18:33,1056.25,36611
2021-06-21 09:18:34,1056.6,36903
2021-06-21 09:18:35,1056.75,36953
2021-06-21 09:18:36,1056.75,36963
2021-06-21 09:18:38,1056.0,37699
2021-06-21 09:18:39,1056.25,38007
2021-06-21 09:18:40,1056.0,38070
2021-06-21 09:18:41,1056.0,38070
2021-06-21 09:18:42,1056.1,38122
2021-06-21 09:18:44,1056.1,38141
2021-06-21 09:18:45,1056.25,38236
2021-06-21 09:18:45,1056.25,38272
2021-06-21 09:18:46,1056.6,38308
2021-06-21 09:18:47,1055.95,38631
2021-06-21 09:18:48,1055.95,38631
2021-06-21 09:18:49,1056.0,38683
2021-06-21 09:18:50,1055.5,38708
2021-06-21 09:18:51,1055.95,38712
2021-06-21 09:18:52,1055.5,38862
2021-06-21 09:18:53,1055.5,38862
2021-06-21 09:18:55,1055.95,39295
2021-06-21 09:18:56,1055.95,39295
2021-06-21 09:18:57,1055.5,39343
2021-06-21 09:18:58,1055.9,39344
2021-06-21 09:18:59,1055.9,39374
2021-06-21 09:19:00,1055.25,39376
2021-06-21 09:19:01,1055.65,40723
2021-06-21 09:19:02,1055.75,40744
2021-06-21 09:19:03,1056.5,40748
2021-06-21 09:19:04,1056.6,41320
2021-06-21 09:19:05,1056.25,41325
2021-06-21 09:19:07,1056.5,41405
2021-06-21 09:19:08,1056.5,41405
2021-06-21 09:19:08,1056.65,41605
2021-06-21 09:19:09,1056.5,41682
2021-06-21 09:19:11,1057.4,41702
2021-06-21 09:19:11,1056.75,42034
2021-06-21 09:19:12,1056.75,42034
2021-06-21 09:19:14,1056.15,42367
2021-06-21 09:19:14,1056.15,42367
2021-06-21 09:19:15,1056.95,42395
2021-06-21 09:19:16,1056.95,42657
2021-06-21 09:19:17,1057.0,42658
2021-06-21 09:19:18,1057.5,42659
2021-06-21 09:19:19,1057.5,42659
2021-06-21 09:19:20,1057.5,42659
2021-06-21 09:19:22,1057.5,42659
2021-06-21 09:19:23,1057.0,42679
2021-06-21 09:19:23,1057.5,42659
2021-06-21 09:19:24,1057.6,42716
2021-06-21 09:19:25,1058.05,43094
2021-06-21 09:19:26,1057.65,43203
2021-06-21 09:19:27,1058.25,43351
2021-06-21 09:19:28,1058.25,43351
2021-06-21 09:19:29,1058.45,43687
2021-06-21 09:19:31,1058.2,43706
2021-06-21 09:19:31,1057.9,43973
2021-06-21 09:19:32,1057.9,43973
2021-06-21 09:19:33,1057.9,43973
2021-06-21 09:19:35,1057.9,44433
2021-06-21 09:19:36,1057.55,44457
2021-06-21 09:19:37,1058.45,44468
2021-06-21 09:19:38,1058.75,44868
2021-06-21 09:19:39,1058.85,44894
2021-06-21 09:19:41,1058.0,45007
2021-06-21 09:19:42,1058.0,45028
2021-06-21 09:19:42,1058.0,45028
2021-06-21 09:19:44,1058.05,46103
2021-06-21 09:19:45,1058.05,46151
2021-06-21 09:19:46,1057.6,46194
2021-06-21 09:19:47,1057.6,46222
2021-06-21 09:19:49,1057.2,46809
2021-06-21 09:19:51,1057.45,46876
2021-06-21 09:19:52,1056.95,46886
2021-06-21 09:19:53,1056.75,46937
2021-06-21 09:19:53,1056.75,46937
2021-06-21 09:19:54,1056.75,46937
2021-06-21 09:19:56,1057.35,47147
2021-06-21 09:19:57,1057.35,47247
2021-06-21 09:19:59,1057.35,47248
2021-06-21 09:20:00,1058.05,47350
2021-06-21 09:20:01,1057.95,47643
2021-06-21 09:20:01,1057.3,47906
2021-06-21 09:20:02,1057.5,48664
2021-06-21 09:20:03,1057.45,49185
2021-06-21 09:20:04,1057.15,49251
2021-06-21 09:20:06,1056.7,49564
2021-06-21 09:20:08,1056.7,49566
2021-06-21 09:20:09,1056.7,49566
2021-06-21 09:20:09,1056.7,49566
2021-06-21 09:20:10,1056.25,49606
2021-06-21 09:20:11,1056.25,49606
2021-06-21 09:20:12,1056.5,49902
2021-06-21 09:20:13,1056.5,49954
2021-06-21 09:20:14,1056.25,50005
2021-06-21 09:20:15,1056.25,50010
2021-06-21 09:20:16,1056.25,50504
2021-06-21 09:20:17,1056.25,50504
2021-06-21 09:20:19,1056.55,50514
2021-06-21 09:20:20,1056.55,50514
2021-06-21 09:20:21,1056.55,50805
2021-06-21 09:20:21,1056.55,50805
2021-06-21 09:20:23,1056.55,50805
2021-06-21 09:20:24,1056.05,50826
2021-06-21 09:20:25,1056.05,50837
2021-06-21 09:20:26,1056.0,50862
2021-06-21 09:20:27,1056.0,50862
2021-06-21 09:20:27,1056.0,50862
2021-06-21 09:20:28,1056.2,50949
2021-06-21 09:20:29,1056.55,50969
2021-06-21 09:20:30,1056.6,51289
2021-06-21 09:20:31,1057.1,51519
2021-06-21 09:20:32,1057.1,51519
2021-06-21 09:20:33,1057.1,51791
2021-06-21 09:20:34,1057.65,51861
2021-06-21 09:20:36,1057.25,51911
2021-06-21 09:20:37,1057.55,51926
2021-06-21 09:20:37,1057.55,51926
2021-06-21 09:20:38,1056.65,52058
2021-06-21 09:20:39,1057.2,52069
2021-06-21 09:20:40,1057.35,52095
2021-06-21 09:20:43,1058.0,52362
2021-06-21 09:20:44,1056.8,53362
2021-06-21 09:20:45,1056.8,53362
2021-06-21 09:20:46,1058.45,53451
2021-06-21 09:20:46,1058.45,53451
2021-06-21 09:20:49,1058.35,53455
2021-06-21 09:20:50,1057.65,53465
2021-06-21 09:20:50,1057.65,53465
2021-06-21 09:20:51,1058.35,53467
2021-06-21 09:20:52,1058.35,53467
2021-06-21 09:20:54,1058.05,53477
2021-06-21 09:20:55,1058.75,53577
2021-06-21 09:20:56,1058.35,53618
2021-06-21 09:20:57,1058.35,53628
2021-06-21 09:20:58,1058.35,53671
2021-06-21 09:20:59,1058.05,53719
2021-06-21 09:21:00,1058.35,53741
2021-06-21 09:21:01,1057.75,53800
2021-06-21 09:21:02,1058.6,53901
2021-06-21 09:21:04,1058.05,53965
2021-06-21 09:21:05,1058.05,53975
2021-06-21 09:21:06,1058.65,53984
2021-06-21 09:21:07,1059.25,53997
2021-06-21 09:21:08,1058.5,54009
2021-06-21 09:21:09,1058.75,54107
2021-06-21 09:21:10,1058.95,54108
2021-06-21 09:21:11,1058.75,54110
2021-06-21 09:21:12,1058.1,55144
2021-06-21 09:21:13,1058.0,55405
2021-06-21 09:21:14,1057.95,55450
2021-06-21 09:21:15,1057.6,55451
2021-06-21 09:21:16,1058.0,55502
2021-06-21 09:21:17,1058.0,55600
2021-06-21 09:21:18,1057.75,55621
2021-06-21 09:21:19,1057.6,55831
2021-06-21 09:21:20,1057.55,55852
2021-06-21 09:21:21,1057.9,55883
2021-06-21 09:21:23,1057.5,55911
2021-06-21 09:21:24,1057.5,55912
2021-06-21 09:21:25,1057.3,56044
2021-06-21 09:21:26,1057.25,56055
2021-06-21 09:21:27,1057.65,56068
2021-06-21 09:21:28,1057.7,56080
2021-06-21 09:21:29,1057.7,56144
2021-06-21 09:21:30,1057.3,56164
2021-06-21 09:21:31,1057.5,56284
2021-06-21 09:21:32,1057.5,56284
2021-06-21 09:21:33,1057.2,56344
2021-06-21 09:21:34,1057.35,56448
2021-06-21 09:21:35,1057.05,56663
2021-06-21 09:21:36,1057.0,56693
2021-06-21 09:21:37,1057.0,56703
2021-06-21 09:21:38,1057.05,56730
2021-06-21 09:21:39,1057.0,56752
2021-06-21 09:21:40,1057.0,56763
2021-06-21 09:21:42,1057.0,56811
2021-06-21 09:21:43,1057.1,56812
2021-06-21 09:21:44,1057.1,56867
2021-06-21 09:21:45,1057.0,56928
2021-06-21 09:21:45,1057.0,56928
2021-06-21 09:21:47,1056.7,58357
2021-06-21 09:21:48,1056.75,58382
2021-06-21 09:21:49,1056.75,58382
2021-06-21 09:21:49,1056.75,58382
2021-06-21 09:21:50,1056.75,58382
2021-06-21 09:21:51,1057.0,58385
2021-06-21 09:21:52,1057.0,58396
2021-06-21 09:21:54,1057.0,58407
2021-06-21 09:21:55,1057.05,58416
2021-06-21 09:21:56,1057.0,58427
2021-06-21 09:21:57,1057.05,58498
2021-06-21 09:21:58,1057.05,58508
2021-06-21 09:21:59,1057.05,58508
2021-06-21 09:21:59,1057.05,58508
2021-06-21 09:22:01,1057.0,58553
2021-06-21 09:22:02,1057.5,58564
2021-06-21 09:22:03,1057.0,58585
2021-06-21 09:22:04,1057.1,59065
2021-06-21 09:22:05,1057.1,59196
2021-06-21 09:22:06,1057.1,59196
2021-06-21 09:22:07,1057.1,59198
2021-06-21 09:22:08,1057.1,59236
2021-06-21 09:22:08,1057.1,59236
2021-06-21 09:22:09,1057.1,59256
2021-06-21 09:22:10,1057.15,59552
2021-06-21 09:22:11,1057.4,59554
2021-06-21 09:22:12,1057.4,59560
2021-06-21 09:22:14,1057.7,59630
2021-06-21 09:22:15,1057.85,59830
2021-06-21 09:22:16,1058.5,59858
2021-06-21 09:22:16,1058.5,59858
2021-06-21 09:22:17,1059.0,59908
2021-06-21 09:22:19,1059.0,60019
2021-06-21 09:22:20,1059.15,60364
2021-06-21 09:22:21,1059.15,60364
2021-06-21 09:22:22,1059.0,60425
2021-06-21 09:22:23,1059.05,60474
2021-06-21 09:22:24,1059.05,60474
2021-06-21 09:22:25,1059.05,60474
2021-06-21 09:22:26,1059.45,60533
2021-06-21 09:22:27,1058.9,60543
2021-06-21 09:22:28,1059.5,60544
2021-06-21 09:22:29,1059.2,60639
2021-06-21 09:22:29,1059.2,60639
2021-06-21 09:22:30,1059.35,60650
2021-06-21 09:22:31,1059.35,60650
2021-06-21 09:22:32,1059.35,60650
2021-06-21 09:22:33,1059.75,60655
2021-06-21 09:22:34,1059.75,60655
2021-06-21 09:22:35,1059.75,60655
2021-06-21 09:22:36,1059.75,60655
2021-06-21 09:22:37,1059.75,60655
2021-06-21 09:22:39,1059.5,60676
2021-06-21 09:22:40,1059.45,60706
2021-06-21 09:22:41,1059.45,60706
2021-06-21 09:22:42,1059.5,60726
2021-06-21 09:22:43,1059.45,60737
2021-06-21 09:22:44,1059.45,60747
2021-06-21 09:22:45,1059.55,60758
2021-06-21 09:22:46,1059.45,60769
2021-06-21 09:22:47,1059.45,60819
2021-06-21 09:22:47,1059.9,60816
2021-06-21 09:22:48,1059.45,60819
2021-06-21 09:22:50,1059.25,60988
2021-06-21 09:22:51,1059.65,61600
2021-06-21 09:22:52,1060.0,61610
2021-06-21 09:22:52,1060.0,61610
2021-06-21 09:22:54,1060.0,62169
2021-06-21 09:22:55,1060.65,62761
2021-06-21 09:22:56,1060.95,62772
2021-06-21 09:22:57,1060.8,63301
2021-06-21 09:22:58,1060.05,63321
2021-06-21 09:22:59,1061.0,63803
2021-06-21 09:23:00,1061.0,63803
2021-06-21 09:23:01,1060.55,63832
2021-06-21 09:23:03,1060.9,63941
2021-06-21 09:23:04,1060.2,63975
2021-06-21 09:23:05,1060.35,64010
2021-06-21 09:23:06,1060.45,64041
2021-06-21 09:23:07,1060.45,64041
2021-06-21 09:23:08,1060.45,64041
2021-06-21 09:23:09,1060.35,64188
2021-06-21 09:23:10,1059.35,64774
2021-06-21 09:23:12,1059.75,64786
2021-06-21 09:23:13,1059.75,64866
2021-06-21 09:23:14,1059.75,64866
2021-06-21 09:23:14,1059.75,64866
2021-06-21 09:23:16,1059.75,64926
2021-06-21 09:23:16,1059.75,64926
2021-06-21 09:23:17,1059.75,64926
2021-06-21 09:23:18,1060.0,65271
2021-06-21 09:23:19,1060.3,65281
2021-06-21 09:23:20,1060.0,65291
2021-06-21 09:23:21,1059.55,65323
2021-06-21 09:23:22,1059.35,65355
2021-06-21 09:23:23,1059.35,65355
2021-06-21 09:23:24,1059.35,65366
2021-06-21 09:23:25,1059.75,65401
2021-06-21 09:23:26,1059.35,65411
2021-06-21 09:23:27,1059.75,65421
2021-06-21 09:23:28,1059.4,65496
2021-06-21 09:23:30,1060.4,65626
2021-06-21 09:23:31,1059.7,65631
2021-06-21 09:23:32,1060.4,65641
2021-06-21 09:23:33,1060.4,65641
2021-06-21 09:23:33,1060.4,65641
2021-06-21 09:23:34,1060.8,65836
2021-06-21 09:23:36,1061.4,65896
2021-06-21 09:23:37,1061.4,65896
2021-06-21 09:23:38,1060.55,66036
2021-06-21 09:23:39,1060.55,66036
2021-06-21 09:23:40,1060.55,66036
2021-06-21 09:23:41,1061.5,66087
2021-06-21 09:23:41,1061.5,66087
2021-06-21 09:23:42,1060.9,66089
2021-06-21 09:23:43,1060.9,66089
2021-06-21 09:23:44,1060.9,66089
2021-06-21 09:23:46,1061.5,66099
2021-06-21 09:23:47,1061.5,66099
2021-06-21 09:23:48,1061.0,66104
2021-06-21 09:23:49,1061.9,66148
2021-06-21 09:23:50,1061.9,66148
2021-06-21 09:23:51,1061.9,66148
2021-06-21 09:23:52,1062.0,66173
2021-06-21 09:23:53,1062.0,66189
2021-06-21 09:23:54,1062.0,66259
2021-06-21 09:23:57,1062.4,66260
2021-06-21 09:23:59,1062.4,66261
2021-06-21 09:23:59,1062.4,66261
2021-06-21 09:24:00,1062.4,66281
2021-06-21 09:24:01,1062.5,66836
2021-06-21 09:24:02,1062.5,66836
2021-06-21 09:24:04,1063.0,67230
2021-06-21 09:24:05,1063.3,67349
2021-06-21 09:24:06,1063.3,67349
2021-06-21 09:24:07,1063.3,67349
2021-06-21 09:24:08,1063.35,67382
2021-06-21 09:24:09,1062.7,67393
2021-06-21 09:24:10,1062.85,67865
2021-06-21 09:24:12,1063.4,67965
2021-06-21 09:24:13,1063.4,67965
2021-06-21 09:24:14,1063.4,67965
2021-06-21 09:24:15,1062.3,68053
2021-06-21 09:24:16,1062.4,68063
2021-06-21 09:24:17,1062.6,68968
2021-06-21 09:24:18,1062.0,69033
2021-06-21 09:24:19,1062.0,69033
2021-06-21 09:24:20,1061.5,69121
2021-06-21 09:24:21,1061.9,69197
2021-06-21 09:24:22,1061.9,69199
2021-06-21 09:24:23,1061.9,69199
2021-06-21 09:24:24,1062.0,69300
2021-06-21 09:24:25,1061.95,69355
2021-06-21 09:24:26,1061.95,69355
2021-06-21 09:24:27,1061.5,69414
2021-06-21 09:24:28,1061.95,69469
2021-06-21 09:24:29,1061.5,69471
2021-06-21 09:24:30,1061.5,69471
2021-06-21 09:24:30,1061.5,69471
2021-06-21 09:24:31,1061.95,69474
2021-06-21 09:24:33,1061.95,69474
2021-06-21 09:24:34,1061.95,69474
2021-06-21 09:24:34,1061.95,69474
2021-06-21 09:24:35,1061.95,69474
2021-06-21 09:24:37,1061.5,69578
2021-06-21 09:24:38,1061.95,69608
2021-06-21 09:24:39,1061.95,69608
2021-06-21 09:24:40,1061.95,69608
2021-06-21 09:24:41,1062.0,69768
2021-06-21 09:24:42,1061.5,70068
2021-06-21 09:24:43,1061.5,70068
2021-06-21 09:24:44,1061.5,70068
2021-06-21 09:24:45,1061.95,70164
2021-06-21 09:24:46,1061.95,70164
2021-06-21 09:24:47,1061.95,70164
2021-06-21 09:24:48,1061.95,70164
2021-06-21 09:24:48,1061.95,70164
2021-06-21 09:24:50,1062.0,70184
2021-06-21 09:24:51,1061.6,70404
2021-06-21 09:24:52,1061.5,70415
2021-06-21 09:24:53,1062.0,70416
2021-06-21 09:24:53,1062.0,70416
2021-06-21 09:24:54,1062.0,70416
2021-06-21 09:24:55,1062.0,70416
2021-06-21 09:24:56,1061.55,70570
2021-06-21 09:24:57,1061.55,70570
2021-06-21 09:24:58,1061.5,70670
2021-06-21 09:24:59,1061.85,72067
2021-06-21 09:25:00,1061.55,72127
2021-06-21 09:25:01,1061.55,72127
2021-06-21 09:25:02,1061.55,72132
2021-06-21 09:25:04,1061.55,72132
2021-06-21 09:25:05,1061.5,72182
2021-06-21 09:25:05,1061.5,72182
2021-06-21 09:25:06,1061.5,72212
2021-06-21 09:25:07,1061.5,72212
2021-06-21 09:25:08,1061.45,72279
2021-06-21 09:25:09,1061.5,72364
2021-06-21 09:25:10,1061.5,72364
2021-06-21 09:25:11,1061.8,73364
2021-06-21 09:25:13,1061.5,73367
2021-06-21 09:25:13,1061.5,73367
2021-06-21 09:25:15,1060.95,73863
2021-06-21 09:25:15,1060.95,73863
2021-06-21 09:25:16,1060.55,73897
2021-06-21 09:25:17,1060.0,74138
2021-06-21 09:25:18,1060.5,74198
2021-06-21 09:25:20,1060.5,74199
2021-06-21 09:25:21,1060.05,74202
2021-06-21 09:25:22,1060.05,74202
2021-06-21 09:25:24,1060.5,74212
2021-06-21 09:25:24,1060.5,74212
2021-06-21 09:25:25,1060.1,74291
2021-06-21 09:25:26,1060.1,74291
2021-06-21 09:25:27,1060.6,74293
2021-06-21 09:25:28,1060.8,74303
2021-06-21 09:25:29,1060.6,74315
2021-06-21 09:25:31,1060.9,74474
2021-06-21 09:25:32,1061.2,74505
2021-06-21 09:25:33,1061.2,74505
2021-06-21 09:25:34,1061.2,74505
2021-06-21 09:25:35,1061.2,74505
2021-06-21 09:25:36,1061.0,74555
2021-06-21 09:25:37,1061.0,74555
2021-06-21 09:25:38,1061.5,74575
2021-06-21 09:25:39,1061.4,74600
2021-06-21 09:25:40,1061.4,74600
2021-06-21 09:25:41,1061.2,74605
2021-06-21 09:25:42,1061.2,74605
2021-06-21 09:25:42,1061.2,74605
2021-06-21 09:25:44,1061.05,74607
2021-06-21 09:25:45,1060.95,74611
2021-06-21 09:25:46,1060.95,74661
2021-06-21 09:25:47,1060.35,74716
2021-06-21 09:25:48,1060.35,74716
2021-06-21 09:25:49,1060.35,74716
2021-06-21 09:25:50,1061.0,74721
2021-06-21 09:25:51,1061.0,74721
2021-06-21 09:25:52,1060.4,74746
2021-06-21 09:25:52,1060.4,74746
2021-06-21 09:25:53,1060.4,74746
2021-06-21 09:25:54,1060.4,74746
2021-06-21 09:25:56,1061.0,74764
2021-06-21 09:25:57,1061.05,74830
2021-06-21 09:25:58,1061.05,74830
2021-06-21 09:25:59,1061.05,74830
2021-06-21 09:26:00,1061.05,74830
2021-06-21 09:26:01,1061.25,74837
2021-06-21 09:26:02,1061.6,75792
2021-06-21 09:26:03,1061.5,75802
2021-06-21 09:26:04,1061.5,75802
2021-06-21 09:26:05,1061.5,75802
2021-06-21 09:26:06,1061.5,75802
2021-06-21 09:26:07,1061.5,75802
2021-06-21 09:26:08,1061.5,75802
2021-06-21 09:26:09,1061.5,75844
2021-06-21 09:26:10,1061.5,75844
2021-06-21 09:26:11,1060.85,75944
2021-06-21 09:26:12,1060.85,75944
2021-06-21 09:26:13,1060.85,75944
2021-06-21 09:26:14,1061.5,75949
2021-06-21 09:26:15,1060.2,76358
2021-06-21 09:26:16,1060.2,76411
2021-06-21 09:26:17,1060.2,76411
2021-06-21 09:26:18,1059.5,77324
2021-06-21 09:26:19,1059.5,77324
2021-06-21 09:26:20,1059.5,77324
2021-06-21 09:26:22,1059.95,77338
2021-06-21 09:26:23,1059.95,77388
2021-06-21 09:26:24,1060.0,77462
2021-06-21 09:26:25,1060.0,77462
2021-06-21 09:26:26,1060.45,77983
2021-06-21 09:26:27,1060.45,77983
2021-06-21 09:26:28,1060.45,77983
2021-06-21 09:26:29,1060.45,77983
2021-06-21 09:26:30,1060.45,77983
2021-06-21 09:26:31,1060.55,78059
2021-06-21 09:26:32,1060.5,78162
2021-06-21 09:26:33,1061.0,78719
2021-06-21 09:26:34,1061.75,78722
2021-06-21 09:26:35,1061.75,78722
2021-06-21 09:26:36,1061.75,78722
2021-06-21 09:26:37,1061.75,78722
2021-06-21 09:26:38,1061.65,78727
2021-06-21 09:26:39,1061.65,78727
2021-06-21 09:26:40,1061.65,78727
2021-06-21 09:26:42,1061.15,78755
2021-06-21 09:26:43,1061.15,78755
2021-06-21 09:26:45,1061.6,78804
2021-06-21 09:26:44,1061.6,78784
2021-06-21 09:26:46,1061.45,79214
2021-06-21 09:26:47,1061.45,79214
2021-06-21 09:26:48,1061.2,79409
2021-06-21 09:26:49,1061.2,79413
2021-06-21 09:26:51,1061.0,79478
2021-06-21 09:26:52,1061.0,79587
2021-06-21 09:26:54,1061.0,79687
2021-06-21 09:26:55,1061.0,79687
2021-06-21 09:26:56,1061.0,79687
2021-06-21 09:26:57,1061.0,79689
2021-06-21 09:26:58,1060.95,79699
2021-06-21 09:26:59,1060.95,79700
2021-06-21 09:27:00,1060.95,79700
2021-06-21 09:27:01,1060.95,79700
2021-06-21 09:27:02,1060.75,79776
2021-06-21 09:27:04,1061.2,80225
2021-06-21 09:27:05,1062.0,80507
2021-06-21 09:27:06,1063.25,81396
2021-06-21 09:27:07,1063.5,82434
2021-06-21 09:27:08,1063.65,82706
2021-06-21 09:27:09,1063.75,82707
2021-06-21 09:27:10,1063.25,82729
2021-06-21 09:27:11,1063.2,82751
2021-06-21 09:27:12,1062.9,82876
2021-06-21 09:27:13,1062.9,82876
2021-06-21 09:27:14,1062.9,82876
2021-06-21 09:27:15,1062.9,82876
2021-06-21 09:27:16,1062.5,82887
2021-06-21 09:27:17,1062.5,82897
2021-06-21 09:27:18,1062.4,82922
2021-06-21 09:27:19,1062.4,82922
2021-06-21 09:27:20,1062.4,82922
2021-06-21 09:27:21,1062.6,82932
2021-06-21 09:27:22,1062.6,82967
2021-06-21 09:27:23,1062.6,82999
2021-06-21 09:27:24,1062.7,83035
2021-06-21 09:27:25,1062.6,83046
2021-06-21 09:27:26,1063.0,83184
2021-06-21 09:27:27,1063.0,83184
2021-06-21 09:27:29,1062.5,83784
2021-06-21 09:27:30,1062.6,83807
2021-06-21 09:27:31,1062.4,83990
2021-06-21 09:27:32,1062.4,83990
2021-06-21 09:27:33,1063.0,84035
2021-06-21 09:27:34,1063.25,84135
2021-06-21 09:27:35,1063.25,84135
2021-06-21 09:27:36,1063.25,84135
2021-06-21 09:27:37,1063.25,84135
2021-06-21 09:27:38,1063.25,84135
2021-06-21 09:27:39,1063.3,84235
2021-06-21 09:27:40,1063.3,84235
2021-06-21 09:27:41,1063.3,84235
2021-06-21 09:27:42,1062.75,84296
2021-06-21 09:27:43,1063.05,84500
2021-06-21 09:27:44,1062.5,84532
2021-06-21 09:27:45,1062.9,84537
2021-06-21 09:27:46,1062.95,84637
2021-06-21 09:27:47,1062.5,84648
2021-06-21 09:27:48,1062.5,84687
2021-06-21 09:27:49,1062.5,84697
2021-06-21 09:27:50,1062.5,84707
2021-06-21 09:27:51,1062.5,84707
2021-06-21 09:27:52,1062.5,84707
2021-06-21 09:27:53,1063.25,84719
2021-06-21 09:27:54,1063.25,84719
2021-06-21 09:27:55,1062.4,85401
2021-06-21 09:27:56,1062.4,85401
2021-06-21 09:27:57,1062.45,85451
2021-06-21 09:27:58,1062.45,85451
2021-06-21 09:27:59,1062.45,85451
2021-06-21 09:28:00,1062.9,85452
2021-06-21 09:28:01,1063.6,85467
2021-06-21 09:28:02,1063.2,85497
2021-06-21 09:28:03,1062.45,85527
2021-06-21 09:28:04,1062.45,85527
2021-06-21 09:28:05,1063.2,85536
2021-06-21 09:28:06,1063.2,85536
2021-06-21 09:28:08,1062.55,85588
2021-06-21 09:28:09,1062.2,85621
2021-06-21 09:28:10,1062.2,85632
2021-06-21 09:28:11,1062.25,85663
2021-06-21 09:28:12,1061.75,85725
2021-06-21 09:28:13,1061.75,85766
2021-06-21 09:28:14,1062.1,85782
2021-06-21 09:28:15,1062.1,85784
2021-06-21 09:28:16,1062.1,85784
2021-06-21 09:28:17,1062.1,85784
2021-06-21 09:28:18,1062.9,85857
2021-06-21 09:28:19,1062.9,85857
2021-06-21 09:28:20,1062.6,86007
2021-06-21 09:28:21,1062.6,86007
2021-06-21 09:28:22,1062.6,86007
2021-06-21 09:28:23,1062.6,86007
2021-06-21 09:28:24,1062.6,86007
2021-06-21 09:28:25,1062.6,86007
2021-06-21 09:28:26,1062.75,86028
2021-06-21 09:28:27,1063.6,86394
2021-06-21 09:28:28,1063.2,86412
2021-06-21 09:28:29,1063.6,86503
2021-06-21 09:28:31,1064.0,87467
2021-06-21 09:28:32,1063.8,87482
2021-06-21 09:28:33,1064.5,87497
2021-06-21 09:28:35,1063.85,87734
2021-06-21 09:28:36,1063.8,87755
2021-06-21 09:28:37,1063.75,87766
2021-06-21 09:28:38,1063.75,87790
2021-06-21 09:28:38,1063.75,87790
2021-06-21 09:28:39,1064.45,88072
2021-06-21 09:28:40,1064.45,88072
2021-06-21 09:28:41,1064.3,88222
2021-06-21 09:28:44,1062.65,88717
2021-06-21 09:28:44,1063.0,88797
2021-06-21 09:28:45,1063.3,88947
2021-06-21 09:28:46,1063.3,88947
2021-06-21 09:28:47,1063.3,88979
2021-06-21 09:28:48,1063.3,88979
2021-06-21 09:28:49,1063.3,88979
2021-06-21 09:28:50,1064.0,89061
2021-06-21 09:28:51,1063.65,89062
2021-06-21 09:28:52,1063.65,89062
2021-06-21 09:28:54,1063.65,89062
2021-06-21 09:28:54,1063.65,89062
2021-06-21 09:28:55,1063.65,89062
2021-06-21 09:28:56,1063.65,89062
2021-06-21 09:28:57,1064.0,89112
2021-06-21 09:28:58,1064.0,89112
2021-06-21 09:28:59,1063.7,89122
2021-06-21 09:29:00,1063.7,89122
2021-06-21 09:29:01,1063.7,89133
2021-06-21 09:29:02,1063.7,89133
2021-06-21 09:29:03,1064.05,89150
2021-06-21 09:29:04,1063.7,89197
2021-06-21 09:29:05,1063.45,89306
2021-06-21 09:29:10,1063.45,90126
2021-06-21 09:29:12,1063.1,90226
2021-06-21 09:29:13,1063.1,90226
2021-06-21 09:29:14,1063.1,90226
2021-06-21 09:29:15,1063.75,90476
2021-06-21 09:29:16,1063.75,90476
2021-06-21 09:29:17,1063.4,90521
2021-06-21 09:29:18,1063.4,90521
2021-06-21 09:29:19,1063.4,90521
2021-06-21 09:29:20,1063.35,90592
2021-06-21 09:29:21,1063.3,91114
2021-06-21 09:29:22,1063.2,91136
2021-06-21 09:29:23,1063.2,91136
2021-06-21 09:29:24,1063.35,91206
2021-06-21 09:29:25,1063.2,91217
2021-06-21 09:29:26,1063.2,91217
2021-06-21 09:29:27,1063.2,91217
2021-06-21 09:29:28,1063.2,91217
2021-06-21 09:29:29,1063.2,91217
2021-06-21 09:29:30,1063.35,91219
2021-06-21 09:29:31,1063.35,91219
2021-06-21 09:29:32,1063.35,91219
2021-06-21 09:29:33,1063.2,91261
2021-06-21 09:29:34,1063.2,91261
2021-06-21 09:29:35,1063.2,91294
2021-06-21 09:29:36,1062.75,92284
2021-06-21 09:29:37,1062.95,92285
2021-06-21 09:29:38,1063.15,92325
2021-06-21 09:29:39,1063.15,92325
2021-06-21 09:29:40,1063.15,92325
2021-06-21 09:29:41,1063.15,92325
2021-06-21 09:29:42,1063.15,92325
2021-06-21 09:29:44,1063.0,92360
2021-06-21 09:29:45,1063.0,92360
2021-06-21 09:29:45,1063.0,92360
2021-06-21 09:29:47,1062.55,92408
2021-06-21 09:29:48,1062.25,92428
2021-06-21 09:29:49,1062.25,92428
2021-06-21 09:29:51,1062.25,92428
2021-06-21 09:29:52,1062.8,92433
2021-06-21 09:29:52,1062.8,92433
2021-06-21 09:29:53,1062.8,92433
2021-06-21 09:29:54,1062.8,92433
2021-06-21 09:29:55,1062.3,92434
2021-06-21 09:29:56,1062.3,92434
2021-06-21 09:29:57,1062.5,92999
2021-06-21 09:29:58,1062.8,93009
2021-06-21 09:29:59,1062.8,93009
2021-06-21 09:30:00,1062.9,93092
2021-06-21 09:30:01,1063.2,93350
2021-06-21 09:30:02,1062.75,93440
2021-06-21 09:30:03,1063.2,93454
2021-06-21 09:30:04,1063.2,93506
2021-06-21 09:30:06,1063.0,93509
2021-06-21 09:30:07,1063.0,93509
2021-06-21 09:30:08,1063.2,93520
2021-06-21 09:30:09,1063.2,93520
2021-06-21 09:30:10,1063.2,93520
2021-06-21 09:30:11,1063.15,93541
2021-06-21 09:30:12,1062.6,93543
2021-06-21 09:30:13,1062.6,93543
2021-06-21 09:30:14,1062.6,93543
2021-06-21 09:30:15,1062.6,93543
2021-06-21 09:30:16,1062.5,93671
2021-06-21 09:30:17,1062.5,93671
2021-06-21 09:30:18,1062.5,93681
2021-06-21 09:30:19,1063.0,93806
2021-06-21 09:30:20,1062.55,93841
2021-06-21 09:30:21,1062.55,93864
2021-06-21 09:30:22,1062.5,93877
2021-06-21 09:30:23,1062.2,95003
2021-06-21 09:30:24,1062.0,95005
2021-06-21 09:30:25,1061.55,95398
2021-06-21 09:30:26,1061.55,95398
2021-06-21 09:30:27,1061.25,95461
2021-06-21 09:30:28,1061.25,95461
2021-06-21 09:30:29,1062.0,95581
2021-06-21 09:30:30,1062.05,96196
2021-06-21 09:30:31,1062.1,96724
2021-06-21 09:30:32,1062.1,96724
2021-06-21 09:30:34,1062.1,96724
2021-06-21 09:30:35,1061.9,96774
2021-06-21 09:30:35,1061.9,96774
2021-06-21 09:30:36,1061.9,96774
2021-06-21 09:30:37,1061.9,96774
2021-06-21 09:30:38,1061.9,96774
2021-06-21 09:30:39,1061.95,96881
2021-06-21 09:30:40,1061.95,96881
2021-06-21 09:30:41,1062.7,96885
2021-06-21 09:30:42,1062.05,96896
2021-06-21 09:30:43,1062.05,96907
2021-06-21 09:30:44,1062.05,96907
2021-06-21 09:30:45,1062.05,96907
2021-06-21 09:30:46,1062.05,96907
2021-06-21 09:30:47,1062.65,96958
2021-06-21 09:30:48,1062.65,96958
2021-06-21 09:30:49,1062.65,96958
2021-06-21 09:30:50,1062.05,96988
2021-06-21 09:30:51,1062.1,97043
2021-06-21 09:30:52,1062.1,97043
2021-06-21 09:30:53,1062.1,97054
2021-06-21 09:30:54,1062.1,97054
2021-06-21 09:30:55,1062.1,97054
2021-06-21 09:30:56,1062.1,97054
2021-06-21 09:30:57,1062.1,97054
2021-06-21 09:30:58,1062.5,97059
2021-06-21 09:30:59,1062.1,97064
2021-06-21 09:31:00,1062.1,97064
2021-06-21 09:31:02,1062.65,97071
2021-06-21 09:31:03,1062.9,97221
2021-06-21 09:31:04,1062.9,97221
2021-06-21 09:31:05,1062.15,97232
2021-06-21 09:31:06,1062.1,97278
2021-06-21 09:31:07,1062.05,97289
2021-06-21 09:31:08,1062.05,97289
2021-06-21 09:31:10,1062.05,97289
2021-06-21 09:31:11,1062.5,97306
2021-06-21 09:31:12,1062.6,97335
2021-06-21 09:31:13,1062.6,97337
2021-06-21 09:31:14,1062.6,97337
2021-06-21 09:31:15,1062.1,97348
2021-06-21 09:31:16,1062.05,97364
2021-06-21 09:31:17,1062.0,97374
2021-06-21 09:31:18,1062.0,97374
2021-06-21 09:31:18,1062.0,97374
2021-06-21 09:31:20,1062.0,97374
2021-06-21 09:31:21,1062.5,97530
2021-06-21 09:31:23,1062.0,97540
2021-06-21 09:31:23,1062.0,97540
2021-06-21 09:31:25,1062.0,97540
2021-06-21 09:31:25,1062.0,97633
2021-06-21 09:31:26,1062.0,97633
2021-06-21 09:31:28,1062.0,97633
2021-06-21 09:31:29,1062.05,97713
2021-06-21 09:31:30,1061.65,97766
2021-06-21 09:31:31,1061.25,98015
2021-06-21 09:31:32,1061.0,98036
2021-06-21 09:31:33,1061.35,98382
2021-06-21 09:31:34,1061.55,98392
2021-06-21 09:31:35,1060.95,98409
2021-06-21 09:31:36,1060.95,98409
2021-06-21 09:31:37,1060.95,98409
2021-06-21 09:31:38,1060.95,98409
2021-06-21 09:31:39,1061.2,98510
2021-06-21 09:31:40,1061.65,98513
2021-06-21 09:31:41,1061.65,98513
2021-06-21 09:31:42,1061.65,98516
2021-06-21 09:31:43,1061.25,98517
2021-06-21 09:31:45,1061.65,98528
2021-06-21 09:31:46,1061.65,98528
2021-06-21 09:31:47,1061.65,98528
2021-06-21 09:31:48,1061.55,98539
2021-06-21 09:31:48,1061.55,98539
2021-06-21 09:31:49,1061.6,98543
2021-06-21 09:31:50,1061.6,98543
2021-06-21 09:31:51,1061.7,98568
2021-06-21 09:31:53,1061.7,98568
2021-06-21 09:31:55,1062.0,98569
2021-06-21 09:31:56,1062.0,98574
2021-06-21 09:31:57,1062.0,98574
2021-06-21 09:31:58,1062.5,98674
2021-06-21 09:31:59,1062.5,98674
2021-06-21 09:32:00,1062.05,98695
2021-06-21 09:32:01,1061.65,98889
2021-06-21 09:32:02,1061.65,98941
2021-06-21 09:32:03,1061.0,99071
2021-06-21 09:32:04,1061.0,99071
2021-06-21 09:32:05,1061.05,99102
2021-06-21 09:32:06,1061.6,99104
2021-06-21 09:32:07,1061.6,99104
2021-06-21 09:32:07,1061.6,99104
2021-06-21 09:32:08,1061.6,99104
2021-06-21 09:32:09,1061.6,99104
2021-06-21 09:32:10,1061.4,99114
2021-06-21 09:32:11,1061.4,99114
2021-06-21 09:32:13,1061.4,99114
2021-06-21 09:32:14,1061.4,99114
2021-06-21 09:32:15,1061.4,99114
2021-06-21 09:32:16,1061.4,99114
2021-06-21 09:32:17,1061.5,99115
2021-06-21 09:32:18,1061.5,99115
2021-06-21 09:32:18,1061.5,99115
2021-06-21 09:32:19,1061.5,99118
2021-06-21 09:32:20,1061.4,99124
2021-06-21 09:32:21,1061.4,99124
2021-06-21 09:32:22,1061.5,99126
2021-06-21 09:32:23,1061.5,99127
2021-06-21 09:32:24,1061.25,99206
2021-06-21 09:32:25,1061.0,99266
2021-06-21 09:32:26,1060.0,100832
2021-06-21 09:32:27,1059.9,100902
2021-06-21 09:32:29,1060.3,101166
2021-06-21 09:32:31,1059.7,101170
2021-06-21 09:32:32,1059.5,101348
2021-06-21 09:32:33,1059.5,101348
2021-06-21 09:32:34,1059.9,101403
2021-06-21 09:32:35,1059.3,101418
2021-06-21 09:32:37,1059.85,101443
2021-06-21 09:32:38,1059.85,101443
2021-06-21 09:32:39,1059.85,101443
2021-06-21 09:32:39,1059.85,101443
2021-06-21 09:32:40,1059.85,101443
2021-06-21 09:32:41,1059.85,101443
2021-06-21 09:32:42,1059.85,101443
2021-06-21 09:32:43,1059.85,101443
2021-06-21 09:32:44,1059.15,101454
2021-06-21 09:32:45,1059.65,101474
2021-06-21 09:32:46,1059.65,101482
2021-06-21 09:32:47,1059.55,101485
2021-06-21 09:32:48,1059.15,101568
2021-06-21 09:32:49,1059.4,101610
2021-06-21 09:32:50,1059.0,101740
2021-06-21 09:32:51,1059.0,101745
2021-06-21 09:32:52,1059.0,101747
2021-06-21 09:32:53,1059.0,101747
2021-06-21 09:32:54,1059.0,101747
2021-06-21 09:32:55,1058.6,101770
2021-06-21 09:32:56,1058.6,101770
2021-06-21 09:32:57,1058.6,101780
2021-06-21 09:32:58,1058.6,101780
2021-06-21 09:32:59,1058.6,101780
2021-06-21 09:33:00,1058.6,101780
2021-06-21 09:33:01,1059.7,102191
2021-06-21 09:33:03,1059.7,102191
2021-06-21 09:33:03,1059.7,102191
2021-06-21 09:33:04,1059.7,102191
2021-06-21 09:33:05,1059.65,102232
2021-06-21 09:33:07,1060.0,102242
2021-06-21 09:33:08,1060.0,102337
2021-06-21 09:33:09,1060.0,102338
2021-06-21 09:33:10,1060.0,102338
2021-06-21 09:33:12,1060.0,102338
2021-06-21 09:33:13,1060.0,102338
2021-06-21 09:33:14,1058.55,103215
2021-06-21 09:33:15,1058.55,103215
2021-06-21 09:33:16,1059.6,103309
2021-06-21 09:33:17,1058.7,103473
2021-06-21 09:33:17,1058.7,103473
2021-06-21 09:33:18,1058.75,103670
2021-06-21 09:33:19,1058.75,103670
2021-06-21 09:33:21,1059.35,103677
2021-06-21 09:33:21,1059.65,104177
2021-06-21 09:33:22,1059.3,104193
2021-06-21 09:33:24,1058.75,104226
2021-06-21 09:33:24,1058.75,104226
2021-06-21 09:33:25,1058.8,104250
2021-06-21 09:33:26,1059.0,104300
2021-06-21 09:33:27,1059.45,104303
2021-06-21 09:33:28,1059.45,104303
2021-06-21 09:33:30,1059.45,104303
2021-06-21 09:33:30,1059.15,104346
2021-06-21 09:33:31,1059.15,104346
2021-06-21 09:33:32,1059.15,104346
2021-06-21 09:33:33,1059.45,104347
2021-06-21 09:33:34,1059.45,104347
2021-06-21 09:33:35,1059.85,104452
2021-06-21 09:33:36,1059.7,104492
2021-06-21 09:33:37,1059.45,104598
2021-06-21 09:33:38,1059.45,104598
2021-06-21 09:33:39,1059.45,104598
2021-06-21 09:33:40,1059.45,104598
2021-06-21 09:33:41,1059.45,104598
2021-06-21 09:33:42,1059.45,104598
2021-06-21 09:33:43,1059.45,104604
2021-06-21 09:33:44,1059.45,104604
2021-06-21 09:33:45,1059.4,104615
2021-06-21 09:33:47,1059.25,104637
2021-06-21 09:33:48,1059.25,104637
2021-06-21 09:33:50,1059.25,104637
2021-06-21 09:33:51,1059.25,104639
2021-06-21 09:33:52,1059.25,104664
2021-06-21 09:33:53,1059.25,104664
2021-06-21 09:33:53,1059.25,104664
2021-06-21 09:33:55,1058.75,105144
2021-06-21 09:33:56,1058.75,105144
2021-06-21 09:33:57,1058.0,105390
2021-06-21 09:33:58,1058.0,105390
2021-06-21 09:33:59,1058.0,105390
2021-06-21 09:34:00,1058.0,105395
2021-06-21 09:34:01,1058.45,105474
2021-06-21 09:34:03,1058.6,105484
2021-06-21 09:34:04,1058.6,105484
2021-06-21 09:34:05,1058.6,105484
2021-06-21 09:34:06,1058.6,105484
2021-06-21 09:34:07,1058.6,105484
2021-06-21 09:34:08,1058.6,105484
2021-06-21 09:34:09,1058.2,107884
2021-06-21 09:34:10,1058.2,107884
2021-06-21 09:34:11,1058.2,107884
2021-06-21 09:34:12,1057.2,107995
2021-06-21 09:34:13,1057.2,108204
2021-06-21 09:34:14,1057.2,108204
2021-06-21 09:34:15,1057.55,108207
2021-06-21 09:34:16,1057.55,108207
2021-06-21 09:34:17,1057.55,108207
2021-06-21 09:34:18,1057.4,109158
2021-06-21 09:34:19,1057.55,109668
2021-06-21 09:34:20,1057.0,109780
2021-06-21 09:34:21,1057.0,109780
2021-06-21 09:34:22,1057.0,109780
2021-06-21 09:34:23,1057.0,109781
2021-06-21 09:34:24,1057.0,109791
2021-06-21 09:34:25,1057.0,109949
2021-06-21 09:34:26,1057.0,109949
2021-06-21 09:34:27,1057.0,109949
2021-06-21 09:34:29,1057.45,110000
2021-06-21 09:34:30,1057.45,110000
2021-06-21 09:34:31,1057.75,110504
2021-06-21 09:34:32,1057.7,110654
2021-06-21 09:34:33,1057.7,110654
2021-06-21 09:34:34,1057.65,110691
2021-06-21 09:34:35,1058.3,110791
2021-06-21 09:34:36,1058.0,110841
2021-06-21 09:34:37,1058.15,110843
2021-06-21 09:34:38,1058.15,110843
2021-06-21 09:34:39,1058.15,110843
2021-06-21 09:34:40,1058.15,110843
2021-06-21 09:34:41,1058.15,110848
2021-06-21 09:34:42,1058.15,110857
2021-06-21 09:34:42,1058.15,110857
2021-06-21 09:34:44,1058.15,110857
2021-06-21 09:34:45,1058.15,110857
2021-06-21 09:34:46,1058.15,110857
2021-06-21 09:34:47,1057.95,111065
2021-06-21 09:34:47,1057.95,111065
2021-06-21 09:34:48,1057.95,111065
2021-06-21 09:34:49,1058.1,111066
2021-06-21 09:34:51,1058.3,111097
2021-06-21 09:34:52,1058.3,111097
2021-06-21 09:34:53,1058.3,111097
2021-06-21 09:34:53,1058.3,111097
2021-06-21 09:34:54,1058.4,111104
2021-06-21 09:34:56,1058.5,111135
2021-06-21 09:34:58,1059.0,111265
2021-06-21 09:34:59,1059.0,111277
2021-06-21 09:35:00,1059.0,111467
2021-06-21 09:35:00,1058.6,111542
2021-06-21 09:35:02,1059.0,111766
2021-06-21 09:35:03,1058.3,111826
2021-06-21 09:35:04,1058.75,111830
2021-06-21 09:35:05,1058.2,111840
2021-06-21 09:35:06,1058.0,112264
2021-06-21 09:35:07,1058.05,112814
2021-06-21 09:35:08,1058.0,112955
2021-06-21 09:35:09,1058.2,113067
2021-06-21 09:35:10,1058.2,113067
2021-06-21 09:35:11,1058.15,113120
2021-06-21 09:35:12,1058.0,113170
2021-06-21 09:35:12,1058.0,113170
2021-06-21 09:35:14,1058.15,113179
2021-06-21 09:35:15,1058.15,113179
2021-06-21 09:35:16,1058.15,113179
2021-06-21 09:35:17,1058.15,113179
2021-06-21 09:35:17,1058.45,113212
2021-06-21 09:35:18,1058.45,113212
2021-06-21 09:35:19,1058.45,113212
2021-06-21 09:35:20,1058.45,113212
2021-06-21 09:35:21,1058.45,113282
2021-06-21 09:35:23,1058.25,113312
2021-06-21 09:35:25,1058.9,113674
2021-06-21 09:35:26,1058.3,113676
2021-06-21 09:35:27,1058.3,113676
2021-06-21 09:35:27,1058.25,113876
2021-06-21 09:35:28,1058.25,113876
2021-06-21 09:35:29,1058.4,113882
2021-06-21 09:35:30,1059.15,114888
2021-06-21 09:35:31,1059.15,114888
2021-06-21 09:35:33,1059.45,114902
2021-06-21 09:35:34,1058.95,114963
2021-06-21 09:35:34,1058.95,114963
2021-06-21 09:35:35,1059.75,115463
2021-06-21 09:35:37,1059.75,115463
2021-06-21 09:35:38,1059.35,115596
2021-06-21 09:35:40,1059.35,115600
2021-06-21 09:35:41,1058.95,115680
2021-06-21 09:35:42,1058.95,115680
2021-06-21 09:35:42,1058.95,115680
2021-06-21 09:35:44,1059.25,115712
2021-06-21 09:35:44,1059.25,115712
2021-06-21 09:35:45,1059.25,115712
2021-06-21 09:35:46,1059.25,115712
2021-06-21 09:35:47,1059.25,115712
2021-06-21 09:35:48,1059.25,115712
2021-06-21 09:35:49,1058.25,115900
2021-06-21 09:35:50,1058.85,116000
2021-06-21 09:35:51,1058.95,116010
2021-06-21 09:35:52,1058.45,116056
2021-06-21 09:35:54,1058.45,116056
2021-06-21 09:35:55,1058.45,116056
2021-06-21 09:35:55,1058.95,116132
2021-06-21 09:35:57,1058.95,116132
2021-06-21 09:35:57,1058.95,116132
2021-06-21 09:35:59,1058.95,116132
2021-06-21 09:36:00,1058.9,116137
2021-06-21 09:36:02,1058.9,116137
2021-06-21 09:36:03,1058.5,116187
2021-06-21 09:36:04,1058.9,116192
2021-06-21 09:36:05,1058.9,116200
2021-06-21 09:36:06,1058.9,116200
2021-06-21 09:36:08,1058.9,116210
2021-06-21 09:36:10,1059.0,116284
2021-06-21 09:36:11,1059.0,116284
2021-06-21 09:36:11,1058.6,116312
2021-06-21 09:36:12,1058.6,116312
2021-06-21 09:36:13,1058.85,116313
2021-06-21 09:36:16,1059.05,116358
2021-06-21 09:36:17,1059.05,116358
2021-06-21 09:36:18,1058.6,116366
2021-06-21 09:36:18,1058.6,116366
2021-06-21 09:36:20,1058.6,116366
2021-06-21 09:36:20,1058.6,116366
2021-06-21 09:36:22,1058.6,116366
2021-06-21 09:36:23,1059.05,117170
2021-06-21 09:36:24,1058.6,117172
2021-06-21 09:36:25,1058.6,117172
2021-06-21 09:36:26,1058.6,117172
2021-06-21 09:36:27,1058.6,117172
2021-06-21 09:36:27,1058.6,117172
2021-06-21 09:36:28,1058.6,117173
2021-06-21 09:36:29,1058.6,117173
2021-06-21 09:36:30,1058.9,117260
2021-06-21 09:36:31,1058.45,117333
2021-06-21 09:36:32,1058.45,117333
2021-06-21 09:36:33,1058.45,117333
2021-06-21 09:36:34,1058.45,117333
2021-06-21 09:36:35,1058.0,117443
2021-06-21 09:36:36,1058.5,117454
2021-06-21 09:36:38,1058.5,117454
2021-06-21 09:36:39,1058.5,117454
2021-06-21 09:36:40,1058.5,117454
2021-06-21 09:36:41,1058.5,117454
2021-06-21 09:36:42,1058.0,117767
2021-06-21 09:36:43,1057.95,118812
2021-06-21 09:36:44,1057.95,118812
2021-06-21 09:36:45,1057.55,118920
2021-06-21 09:36:46,1056.8,130343
2021-06-21 09:36:49,1056.55,132335
2021-06-21 09:36:51,1056.55,132335
2021-06-21 09:36:52,1056.5,132410
2021-06-21 09:36:53,1056.5,132410
2021-06-21 09:36:54,1056.5,132424
2021-06-21 09:36:55,1056.5,132424
2021-06-21 09:36:56,1056.95,132464
2021-06-21 09:36:57,1056.95,132513
2021-06-21 09:36:58,1056.95,132513
2021-06-21 09:36:59,1056.95,132513
2021-06-21 09:37:00,1057.05,132943
2021-06-21 09:37:02,1057.5,132945
2021-06-21 09:37:03,1057.8,132950
2021-06-21 09:37:04,1057.1,133076
2021-06-21 09:37:05,1057.1,133076
2021-06-21 09:37:06,1057.75,133080
2021-06-21 09:37:07,1057.15,133105
2021-06-21 09:37:08,1057.2,133162
2021-06-21 09:37:09,1057.2,133162
2021-06-21 09:37:11,1057.6,133164
2021-06-21 09:37:13,1057.2,133189
2021-06-21 09:37:14,1057.2,133189
2021-06-21 09:37:15,1057.2,133189
2021-06-21 09:37:16,1057.5,133227
2021-06-21 09:37:17,1057.2,133247
2021-06-21 09:37:19,1057.45,133599
2021-06-21 09:37:20,1057.05,133728
2021-06-21 09:37:21,1057.05,133728
2021-06-21 09:37:22,1057.05,133728
2021-06-21 09:37:23,1057.05,133763
2021-06-21 09:37:24,1057.05,133790
2021-06-21 09:37:25,1057.3,133791
2021-06-21 09:37:26,1057.0,133821
2021-06-21 09:37:27,1057.3,133822
2021-06-21 09:37:28,1057.3,133822
2021-06-21 09:37:29,1057.3,133822
2021-06-21 09:37:31,1057.4,133833
2021-06-21 09:37:33,1057.4,133833
2021-06-21 09:37:34,1057.4,133833
2021-06-21 09:37:35,1057.4,133837
2021-06-21 09:37:36,1057.4,133837
2021-06-21 09:37:37,1057.4,133837
2021-06-21 09:37:38,1057.4,133837
2021-06-21 09:37:39,1057.4,133837
2021-06-21 09:37:40,1057.2,133940
2021-06-21 09:37:41,1057.2,133940
2021-06-21 09:37:42,1057.45,133951
2021-06-21 09:37:43,1057.2,133966
2021-06-21 09:37:44,1057.2,133971
2021-06-21 09:37:45,1057.2,133971
2021-06-21 09:37:46,1057.2,133971
2021-06-21 09:37:47,1057.5,134619
2021-06-21 09:37:48,1057.55,134639
2021-06-21 09:37:49,1057.55,134639
2021-06-21 09:37:50,1057.55,134639
2021-06-21 09:37:51,1057.25,134643
2021-06-21 09:37:52,1057.25,134643
2021-06-21 09:37:53,1057.25,134643
2021-06-21 09:37:54,1057.6,134706
2021-06-21 09:37:55,1057.6,134706
2021-06-21 09:37:56,1058.2,134717
2021-06-21 09:37:57,1058.35,134718
2021-06-21 09:37:58,1058.35,134721
2021-06-21 09:37:59,1058.4,134821
2021-06-21 09:38:00,1058.4,134829
2021-06-21 09:38:01,1058.4,134829
2021-06-21 09:38:02,1058.4,134829
2021-06-21 09:38:03,1058.3,134849
2021-06-21 09:38:04,1058.25,134851
2021-06-21 09:38:05,1058.25,134876
2021-06-21 09:38:06,1058.25,134876
2021-06-21 09:38:07,1058.25,134876
2021-06-21 09:38:08,1058.25,134876
2021-06-21 09:38:09,1058.2,134886
2021-06-21 09:38:10,1057.75,134914
2021-06-21 09:38:11,1057.75,134914
2021-06-21 09:38:12,1057.75,134914
2021-06-21 09:38:13,1057.75,134914
2021-06-21 09:38:14,1057.9,135014
2021-06-21 09:38:15,1057.75,135018
2021-06-21 09:38:16,1057.75,135018
2021-06-21 09:38:17,1057.9,135038
2021-06-21 09:38:18,1057.9,135073
2021-06-21 09:38:19,1057.9,135074
2021-06-21 09:38:21,1058.45,135117
2021-06-21 09:38:22,1058.45,135117
2021-06-21 09:38:23,1058.1,135157
2021-06-21 09:38:24,1058.1,135285
2021-06-21 09:38:25,1058.15,135543
2021-06-21 09:38:26,1058.15,135543
2021-06-21 09:38:27,1058.15,135543
2021-06-21 09:38:28,1058.65,135643
2021-06-21 09:38:29,1058.1,135684
2021-06-21 09:38:30,1058.1,135684
2021-06-21 09:38:31,1058.1,135684
2021-06-21 09:38:33,1058.1,135684
2021-06-21 09:38:34,1058.1,135684
2021-06-21 09:38:35,1058.1,135684
2021-06-21 09:38:36,1058.65,135685
2021-06-21 09:38:37,1058.65,135685
2021-06-21 09:38:38,1058.65,135685
2021-06-21 09:38:39,1058.1,135691
2021-06-21 09:38:40,1058.1,135730
2021-06-21 09:38:41,1058.1,135730
2021-06-21 09:38:42,1058.65,135733
2021-06-21 09:38:43,1058.65,135735
2021-06-21 09:38:44,1058.65,135735
2021-06-21 09:38:45,1058.65,135735
2021-06-21 09:38:46,1058.1,135740
2021-06-21 09:38:47,1058.1,135740
2021-06-21 09:38:48,1058.8,135788
2021-06-21 09:38:49,1059.0,135856
2021-06-21 09:38:50,1059.0,135856
2021-06-21 09:38:51,1059.0,135856
2021-06-21 09:38:52,1059.0,135856
2021-06-21 09:38:53,1059.0,135856
2021-06-21 09:38:54,1059.0,136005
2021-06-21 09:38:55,1059.0,136008
2021-06-21 09:38:56,1058.9,136161
2021-06-21 09:38:57,1058.9,136161
2021-06-21 09:38:59,1058.9,136161
2021-06-21 09:39:00,1058.9,136161
2021-06-21 09:39:01,1058.85,136191
2021-06-21 09:39:02,1058.85,136201
2021-06-21 09:39:03,1058.85,136201
2021-06-21 09:39:04,1058.55,136205
2021-06-21 09:39:05,1058.85,136210
2021-06-21 09:39:06,1058.85,136213
2021-06-21 09:39:07,1058.95,136278
2021-06-21 09:39:08,1058.95,136288
2021-06-21 09:39:09,1059.0,136329
2021-06-21 09:39:10,1059.0,136329
2021-06-21 09:39:11,1059.35,136331
2021-06-21 09:39:12,1059.35,136331
2021-06-21 09:39:14,1059.35,136331
2021-06-21 09:39:14,1059.35,136331
2021-06-21 09:39:15,1059.75,136534
2021-06-21 09:39:16,1059.35,136546
2021-06-21 09:39:17,1059.65,136556
2021-06-21 09:39:18,1059.2,136558
2021-06-21 09:39:19,1059.75,136562
2021-06-21 09:39:21,1059.75,136562
2021-06-21 09:39:22,1059.75,136562
2021-06-21 09:39:23,1059.75,136562
2021-06-21 09:39:23,1059.75,136562
2021-06-21 09:39:24,1059.7,136587
2021-06-21 09:39:25,1059.7,136587
2021-06-21 09:39:27,1059.65,137159
2021-06-21 09:39:28,1059.65,137159
2021-06-21 09:39:29,1059.65,137159
2021-06-21 09:39:30,1059.65,137159
2021-06-21 09:39:30,1059.65,137159
2021-06-21 09:39:31,1059.65,137159
2021-06-21 09:39:32,1059.65,137159
2021-06-21 09:39:33,1059.65,137159
2021-06-21 09:39:34,1059.65,137159
2021-06-21 09:39:35,1059.05,137559
2021-06-21 09:39:36,1059.0,137610
2021-06-21 09:39:37,1059.45,137618
2021-06-21 09:39:38,1059.55,137633
2021-06-21 09:39:39,1059.55,137633
2021-06-21 09:39:40,1059.0,137650
2021-06-21 09:39:43,1059.65,138650
2021-06-21 09:39:42,1059.65,138650
2021-06-21 09:39:44,1059.0,138883
2021-06-21 09:39:45,1059.4,138904
2021-06-21 09:39:46,1059.4,138904
2021-06-21 09:39:47,1059.4,138904
2021-06-21 09:39:48,1059.45,139004
2021-06-21 09:39:49,1059.45,139004
2021-06-21 09:39:50,1059.45,139004
2021-06-21 09:39:51,1059.45,139004
2021-06-21 09:39:52,1059.45,139008
2021-06-21 09:39:53,1059.45,139008
2021-06-21 09:39:54,1059.2,139150
2021-06-21 09:39:55,1059.5,139433
2021-06-21 09:39:56,1059.5,139433
2021-06-21 09:39:57,1059.5,139433
2021-06-21 09:39:58,1059.55,139435
2021-06-21 09:39:59,1059.55,139435
2021-06-21 09:40:00,1059.55,139435
2021-06-21 09:40:01,1059.45,139436
2021-06-21 09:40:02,1059.45,139436
2021-06-21 09:40:03,1059.45,139486
2021-06-21 09:40:05,1059.45,139496
2021-06-21 09:40:05,1059.45,139496
2021-06-21 09:40:06,1059.45,139497
2021-06-21 09:40:07,1059.45,139498
2021-06-21 09:40:08,1059.45,139522
2021-06-21 09:40:09,1059.45,139522
2021-06-21 09:40:10,1059.1,139536
2021-06-21 09:40:12,1059.5,139537
2021-06-21 09:40:13,1059.5,139537
2021-06-21 09:40:14,1059.5,139537
2021-06-21 09:40:16,1059.5,139539
2021-06-21 09:40:17,1059.5,139539
2021-06-21 09:40:18,1059.5,139539
2021-06-21 09:40:20,1059.5,139539
2021-06-21 09:40:21,1059.5,139539
2021-06-21 09:40:21,1059.5,139702
2021-06-21 09:40:22,1059.5,139702
2021-06-21 09:40:23,1059.5,139705
2021-06-21 09:40:24,1059.55,139952
2021-06-21 09:40:25,1059.55,139952
2021-06-21 09:40:26,1059.55,139952
2021-06-21 09:40:27,1059.5,139953
2021-06-21 09:40:28,1059.5,139953
2021-06-21 09:40:29,1059.5,139953
2021-06-21 09:40:31,1059.5,139963
2021-06-21 09:40:30,1059.5,139953
2021-06-21 09:40:32,1059.5,139963
2021-06-21 09:40:33,1059.5,139963
2021-06-21 09:40:34,1059.5,139963
2021-06-21 09:40:36,1059.5,140013
2021-06-21 09:40:37,1059.15,140023
2021-06-21 09:40:38,1059.15,140023
2021-06-21 09:40:40,1059.55,140048
2021-06-21 09:40:40,1059.55,140048
2021-06-21 09:40:41,1059.55,140125
2021-06-21 09:40:42,1059.55,140125
2021-06-21 09:40:43,1059.55,140125
2021-06-21 09:40:44,1059.55,140125
2021-06-21 09:40:45,1059.55,140125
2021-06-21 09:40:46,1059.55,140125
2021-06-21 09:40:47,1059.55,140125
2021-06-21 09:40:48,1059.9,140135
2021-06-21 09:40:49,1059.9,140135
2021-06-21 09:40:50,1059.9,140135
2021-06-21 09:40:52,1059.9,140135
2021-06-21 09:40:53,1059.9,140178
2021-06-21 09:40:54,1060.0,140590
2021-06-21 09:40:55,1060.4,140690
2021-06-21 09:40:57,1059.7,141073
2021-06-21 09:40:57,1059.7,141073
2021-06-21 09:40:58,1059.9,141125
2021-06-21 09:40:59,1059.9,141127
2021-06-21 09:41:01,1059.9,141156
2021-06-21 09:41:01,1059.35,142287
2021-06-21 09:41:02,1059.0,142537
2021-06-21 09:41:04,1058.5,142598
2021-06-21 09:41:04,1058.45,142603
2021-06-21 09:41:05,1058.45,142644
2021-06-21 09:41:06,1058.45,142644
2021-06-21 09:41:08,1058.1,142645
2021-06-21 09:41:08,1057.75,142757
2021-06-21 09:41:09,1057.75,142757
2021-06-21 09:41:10,1058.3,142819
2021-06-21 09:41:11,1058.0,143466
2021-06-21 09:41:12,1058.0,143466
2021-06-21 09:41:13,1058.0,143466
2021-06-21 09:41:15,1058.0,143466
2021-06-21 09:41:17,1058.0,144008
2021-06-21 09:41:18,1058.0,144060
2021-06-21 09:41:19,1058.0,144060
2021-06-21 09:41:19,1058.0,144060
2021-06-21 09:41:21,1058.0,144060
2021-06-21 09:41:21,1058.0,144060
2021-06-21 09:41:22,1058.0,144060
2021-06-21 09:41:23,1058.0,144060
2021-06-21 09:41:24,1058.0,144070
2021-06-21 09:41:25,1058.0,144071
2021-06-21 09:41:26,1058.0,144071
2021-06-21 09:41:27,1058.0,144071
2021-06-21 09:41:28,1058.0,144115
2021-06-21 09:41:29,1058.3,144116
2021-06-21 09:41:31,1058.3,144116
2021-06-21 09:41:32,1058.3,144116
2021-06-21 09:41:33,1058.4,144166
2021-06-21 09:41:35,1058.4,144166
2021-06-21 09:41:36,1058.4,144166
2021-06-21 09:41:38,1059.25,144167
2021-06-21 09:41:38,1059.25,144218
2021-06-21 09:41:39,1059.25,144218
2021-06-21 09:41:40,1059.25,144218
2021-06-21 09:41:41,1059.25,144218
2021-06-21 09:41:42,1059.75,144238
2021-06-21 09:41:43,1059.75,144238
2021-06-21 09:41:44,1059.75,144238
2021-06-21 09:41:45,1059.75,144338
2021-06-21 09:41:46,1059.75,144338
2021-06-21 09:41:47,1059.75,144338
2021-06-21 09:41:48,1059.75,144338
2021-06-21 09:41:50,1059.75,144338
2021-06-21 09:41:50,1059.25,144340
2021-06-21 09:41:52,1059.25,144340
2021-06-21 09:41:53,1059.25,144340
2021-06-21 09:41:54,1059.4,144342
2021-06-21 09:41:55,1059.4,144342
2021-06-21 09:41:56,1059.4,144342
2021-06-21 09:41:57,1059.4,144342
2021-06-21 09:41:58,1059.6,144379
2021-06-21 09:41:59,1059.6,144379
2021-06-21 09:42:00,1059.4,144382
2021-06-21 09:42:01,1059.4,144382
2021-06-21 09:42:02,1059.75,144385
2021-06-21 09:42:03,1059.75,144392
2021-06-21 09:42:04,1059.75,144392
2021-06-21 09:42:05,1059.75,144393
2021-06-21 09:42:06,1059.75,144413
2021-06-21 09:42:07,1059.75,144413
2021-06-21 09:42:08,1059.75,144413
2021-06-21 09:42:10,1059.9,144515
2021-06-21 09:42:11,1059.75,144520
2021-06-21 09:42:12,1059.9,144524
2021-06-21 09:42:14,1059.9,144739
2021-06-21 09:42:15,1059.9,144775
2021-06-21 09:42:15,1059.9,144775
2021-06-21 09:42:16,1059.9,144775
2021-06-21 09:42:17,1059.9,144785
2021-06-21 09:42:19,1059.9,144814
2021-06-21 09:42:20,1059.9,144814
2021-06-21 09:42:20,1059.9,144814
2021-06-21 09:42:21,1059.9,144814
2021-06-21 09:42:23,1059.9,144834
2021-06-21 09:42:24,1060.35,145163
2021-06-21 09:42:25,1060.05,145173
2021-06-21 09:42:26,1060.05,145173
2021-06-21 09:42:29,1060.4,145194
2021-06-21 09:42:30,1060.4,145194
2021-06-21 09:42:31,1060.4,145194
2021-06-21 09:42:32,1060.4,145194
2021-06-21 09:42:33,1060.4,145238
2021-06-21 09:42:35,1060.75,145248
2021-06-21 09:42:36,1060.75,145516
2021-06-21 09:42:37,1060.75,145516
2021-06-21 09:42:39,1060.35,145546
2021-06-21 09:42:40,1060.35,145546
2021-06-21 09:42:41,1060.35,145546
2021-06-21 09:42:42,1060.75,145696
2021-06-21 09:42:43,1060.75,145696
2021-06-21 09:42:44,1060.75,145696
2021-06-21 09:42:45,1060.75,145697
2021-06-21 09:42:46,1060.75,145702
2021-06-21 09:42:47,1060.75,145702
2021-06-21 09:42:48,1060.35,145742
2021-06-21 09:42:48,1060.35,145742
2021-06-21 09:42:49,1060.75,146100
2021-06-21 09:42:51,1060.75,146318
2021-06-21 09:42:52,1061.0,146551
2021-06-21 09:42:53,1061.75,146552
2021-06-21 09:42:54,1061.75,146552
2021-06-21 09:42:55,1061.75,146563
2021-06-21 09:42:57,1061.8,146588
2021-06-21 09:42:58,1061.25,146601
2021-06-21 09:42:59,1061.25,146616
2021-06-21 09:43:00,1061.8,146622
2021-06-21 09:43:01,1062.0,146702
2021-06-21 09:43:01,1062.0,146702
2021-06-21 09:43:02,1062.0,146702
2021-06-21 09:43:03,1061.55,146723
2021-06-21 09:43:04,1061.55,146723
2021-06-21 09:43:05,1061.45,146734
2021-06-21 09:43:06,1061.95,146754
2021-06-21 09:43:08,1061.45,146775
2021-06-21 09:43:09,1061.95,146807
2021-06-21 09:43:10,1061.95,146807
2021-06-21 09:43:10,1061.95,146812
2021-06-21 09:43:12,1061.95,146812
2021-06-21 09:43:13,1061.85,146813
2021-06-21 09:43:14,1061.85,146813
2021-06-21 09:43:15,1061.5,146816
2021-06-21 09:43:16,1061.5,146816
2021-06-21 09:43:17,1061.5,146816
2021-06-21 09:43:18,1061.5,146816
2021-06-21 09:43:19,1061.25,146843
2021-06-21 09:43:20,1061.25,146843
2021-06-21 09:43:21,1061.25,146843
2021-06-21 09:43:22,1061.85,146863
2021-06-21 09:43:23,1061.85,146863
2021-06-21 09:43:24,1061.85,146863
2021-06-21 09:43:25,1061.85,146863
2021-06-21 09:43:26,1061.85,146863
2021-06-21 09:43:27,1061.85,146863
2021-06-21 09:43:28,1061.8,146868
2021-06-21 09:43:29,1061.8,146868
2021-06-21 09:43:30,1061.95,146918
2021-06-21 09:43:31,1061.95,146918
2021-06-21 09:43:32,1061.95,146918
2021-06-21 09:43:33,1061.95,146920
2021-06-21 09:43:34,1061.95,146920
2021-06-21 09:43:35,1061.95,146920
2021-06-21 09:43:36,1061.95,146920
2021-06-21 09:43:37,1061.9,146960
2021-06-21 09:43:38,1061.9,146960
2021-06-21 09:43:39,1061.9,146960
2021-06-21 09:43:40,1061.9,146960
2021-06-21 09:43:41,1061.5,147044
2021-06-21 09:43:42,1061.7,147069
2021-06-21 09:43:43,1061.7,147069
2021-06-21 09:43:45,1061.7,147069
2021-06-21 09:43:45,1061.7,147069
2021-06-21 09:43:46,1061.7,147069
2021-06-21 09:43:48,1061.7,147069
2021-06-21 09:43:49,1061.7,147069
2021-06-21 09:43:50,1061.7,147069
2021-06-21 09:43:51,1061.7,147069
2021-06-21 09:43:52,1061.6,147124
2021-06-21 09:43:52,1061.6,147157
2021-06-21 09:43:54,1061.6,147157
2021-06-21 09:43:55,1061.25,147166
2021-06-21 09:43:56,1061.25,147166
2021-06-21 09:43:57,1061.55,147168
2021-06-21 09:43:58,1061.55,147168
2021-06-21 09:44:00,1061.55,147168
2021-06-21 09:44:01,1061.55,147169
2021-06-21 09:44:02,1061.55,147169
2021-06-21 09:44:03,1061.55,147169
2021-06-21 09:44:04,1061.55,147169
2021-06-21 09:44:06,1061.55,147174
2021-06-21 09:44:07,1061.55,147174
2021-06-21 09:44:08,1061.6,147774
2021-06-21 09:44:09,1061.3,147775
2021-06-21 09:44:10,1061.3,147775
2021-06-21 09:44:10,1061.3,147775
2021-06-21 09:44:13,1061.0,147876
2021-06-21 09:44:13,1061.0,147876
2021-06-21 09:44:14,1060.45,147886
2021-06-21 09:44:15,1060.45,147886
2021-06-21 09:44:17,1061.05,147911
2021-06-21 09:44:17,1061.05,147916
2021-06-21 09:44:19,1060.45,147925
2021-06-21 09:44:19,1061.1,147960
2021-06-21 09:44:21,1060.45,147986
2021-06-21 09:44:22,1060.45,147986
2021-06-21 09:44:23,1060.45,147986
2021-06-21 09:44:24,1060.85,147991
2021-06-21 09:44:25,1060.85,148018
2021-06-21 09:44:26,1060.85,148018
2021-06-21 09:44:27,1060.85,148018
2021-06-21 09:44:28,1060.7,148043
2021-06-21 09:44:29,1060.7,148043
2021-06-21 09:44:30,1060.7,148044
2021-06-21 09:44:31,1060.7,148044
2021-06-21 09:44:32,1060.7,148044
2021-06-21 09:44:33,1060.7,148044
2021-06-21 09:44:35,1060.45,148053
2021-06-21 09:44:36,1061.1,148183
2021-06-21 09:44:37,1061.1,148183
2021-06-21 09:44:37,1061.1,148183
2021-06-21 09:44:38,1061.1,148183
2021-06-21 09:44:39,1061.1,148183
2021-06-21 09:44:41,1061.1,148183
2021-06-21 09:44:42,1061.1,148183
2021-06-21 09:44:43,1061.1,148183
2021-06-21 09:44:45,1061.2,148294
2021-06-21 09:44:46,1061.2,148294
2021-06-21 09:44:47,1061.3,148366
2021-06-21 09:44:47,1061.3,148366
2021-06-21 09:44:48,1061.4,148798
2021-06-21 09:44:49,1061.4,148798
2021-06-21 09:44:51,1061.5,148800
2021-06-21 09:44:51,1061.15,148801
2021-06-21 09:44:52,1061.3,148803
2021-06-21 09:44:53,1061.3,148824
2021-06-21 09:44:54,1061.3,148824
2021-06-21 09:44:55,1061.3,148824
2021-06-21 09:44:56,1061.5,148837
2021-06-21 09:44:57,1061.5,148837
2021-06-21 09:44:59,1061.5,148838
2021-06-21 09:44:59,1061.5,148838
2021-06-21 09:45:00,1061.15,148875
2021-06-21 09:45:02,1061.15,148877
2021-06-21 09:45:03,1061.05,148878
2021-06-21 09:45:04,1061.05,148880
2021-06-21 09:45:05,1061.05,148880
2021-06-21 09:45:06,1061.05,148880
2021-06-21 09:45:07,1061.1,148882
2021-06-21 09:45:07,1061.1,148882
2021-06-21 09:45:08,1061.1,148909
2021-06-21 09:45:09,1061.1,148910
2021-06-21 09:45:10,1061.1,148912
2021-06-21 09:45:11,1061.2,148919
2021-06-21 09:45:13,1061.2,148919
2021-06-21 09:45:15,1061.15,148929
2021-06-21 09:45:16,1060.95,149041
2021-06-21 09:45:17,1060.95,149041
2021-06-21 09:45:18,1060.7,149042
2021-06-21 09:45:19,1060.7,149042
2021-06-21 09:45:19,1060.7,149042
2021-06-21 09:45:20,1060.6,149044
2021-06-21 09:45:24,1060.5,149047
2021-06-21 09:45:27,1060.5,150138
2021-06-21 09:45:28,1061.05,150147
2021-06-21 09:45:29,1061.05,150147
2021-06-21 09:45:31,1061.0,150178
2021-06-21 09:45:32,1060.35,150793
2021-06-21 09:45:33,1060.35,150793
2021-06-21 09:45:34,1060.1,150897
2021-06-21 09:45:35,1060.1,150897
2021-06-21 09:45:36,1060.6,150940
2021-06-21 09:45:37,1060.6,150940
2021-06-21 09:45:38,1060.6,150940
2021-06-21 09:45:39,1060.6,150980
2021-06-21 09:45:40,1060.1,151014
2021-06-21 09:45:42,1060.1,151014
2021-06-21 09:45:41,1060.1,151014
2021-06-21 09:45:43,1060.1,151014
2021-06-21 09:45:44,1060.1,151014
2021-06-21 09:45:45,1060.1,151015
2021-06-21 09:45:46,1060.1,151015
2021-06-21 09:45:49,1060.6,151017
2021-06-21 09:45:50,1060.6,151017
2021-06-21 09:45:51,1060.15,151022
2021-06-21 09:45:52,1060.15,151022
2021-06-21 09:45:53,1060.15,151022
2021-06-21 09:45:54,1060.15,151022
2021-06-21 09:45:55,1060.15,151062
2021-06-21 09:45:56,1060.15,151062
2021-06-21 09:45:57,1060.15,151062
2021-06-21 09:45:58,1060.2,151068
2021-06-21 09:45:59,1060.2,151068
2021-06-21 09:46:00,1060.6,151069
2021-06-21 09:46:03,1060.25,151079
2021-06-21 09:46:04,1060.25,151079
2021-06-21 09:46:05,1060.15,151081
2021-06-21 09:46:06,1060.55,151082
2021-06-21 09:46:07,1060.55,151082
2021-06-21 09:46:08,1060.55,151082
2021-06-21 09:46:09,1060.45,151084
2021-06-21 09:46:10,1060.15,151087
2021-06-21 09:46:11,1060.15,151087
2021-06-21 09:46:12,1060.15,151087
2021-06-21 09:46:13,1060.15,151087
2021-06-21 09:46:14,1060.15,151087
2021-06-21 09:46:17,1060.45,151089
2021-06-21 09:46:18,1060.45,151089
2021-06-21 09:46:18,1060.25,151100
2021-06-21 09:46:19,1060.1,151132
2021-06-21 09:46:21,1060.1,151165
2021-06-21 09:46:21,1060.65,151357
2021-06-21 09:46:23,1060.65,151357
2021-06-21 09:46:24,1060.65,151357
2021-06-21 09:46:25,1060.6,151364
2021-06-21 09:46:26,1060.6,151364
2021-06-21 09:46:27,1060.6,151379
2021-06-21 09:46:28,1060.1,151439
2021-06-21 09:46:29,1060.1,151439
2021-06-21 09:46:31,1060.6,151440
2021-06-21 09:46:32,1060.6,151440
2021-06-21 09:46:33,1060.6,151445
2021-06-21 09:46:33,1060.6,151445
2021-06-21 09:46:34,1060.6,151445
2021-06-21 09:46:35,1060.6,151445
2021-06-21 09:46:37,1060.6,151445
2021-06-21 09:46:38,1060.65,151451
2021-06-21 09:46:39,1060.65,151451
2021-06-21 09:46:40,1060.65,151451
2021-06-21 09:46:41,1060.65,151451
2021-06-21 09:46:42,1060.65,151451
2021-06-21 09:46:43,1060.65,151451
2021-06-21 09:46:44,1060.65,151464
2021-06-21 09:46:45,1060.65,151464
2021-06-21 09:46:46,1060.65,151464
2021-06-21 09:46:47,1060.65,151464
2021-06-21 09:46:48,1060.65,151464
2021-06-21 09:46:49,1060.7,151554
2021-06-21 09:46:50,1060.7,151554
2021-06-21 09:46:53,1060.7,151568
2021-06-21 09:46:54,1060.35,151570
2021-06-21 09:46:59,1060.3,151588
2021-06-21 09:47:04,1060.35,151620
2021-06-21 09:47:08,1060.75,151691
2021-06-21 09:47:13,1060.8,151695
2021-06-21 09:47:18,1060.85,151710
2021-06-21 09:47:24,1060.85,151726
2021-06-21 09:47:29,1061.0,151736
2021-06-21 09:47:40,1061.25,153218
2021-06-21 09:47:45,1061.4,153464
2021-06-21 09:47:50,1061.4,153464
2021-06-21 09:47:55,1061.4,153464
2021-06-21 09:48:06,1060.7,154057
2021-06-21 09:48:11,1060.65,154220
2021-06-21 09:48:17,1060.2,154243
2021-06-21 09:48:22,1060.7,154313
2021-06-21 09:48:27,1060.7,154392
2021-06-21 09:48:32,1061.0,154537
2021-06-21 09:48:37,1061.4,155399
2021-06-21 09:48:42,1060.95,155401
2021-06-21 09:48:46,1060.8,155452
2021-06-21 09:48:51,1060.85,155469
2021-06-21 09:48:56,1060.8,155553
2021-06-21 09:49:01,1060.8,155563
2021-06-21 09:49:12,1060.0,156308
2021-06-21 09:49:17,1059.9,156771
2021-06-21 09:49:22,1059.25,157282
2021-06-21 09:49:27,1059.0,157499
2021-06-21 09:49:32,1059.1,158214
2021-06-21 09:49:37,1059.05,158329
2021-06-21 09:49:48,1059.1,158704
2021-06-21 09:49:53,1059.1,158709
2021-06-21 09:49:59,1059.1,158808
2021-06-21 09:50:04,1059.7,158818
2021-06-21 09:50:09,1059.7,158818
2021-06-21 09:50:14,1059.6,158894
2021-06-21 09:50:19,1059.55,159638
2021-06-21 09:50:25,1059.9,160272
2021-06-21 09:50:30,1058.75,162215
2021-06-21 09:50:35,1059.3,162769
2021-06-21 09:50:40,1058.75,162806
2021-06-21 09:50:45,1058.7,162997
2021-06-21 09:50:51,1058.6,163017
2021-06-21 09:50:56,1058.0,163067
2021-06-21 09:51:01,1057.65,163653
2021-06-21 09:51:05,1058.15,163658
2021-06-21 09:51:10,1057.6,163908
2021-06-21 09:51:15,1057.5,164025
2021-06-21 09:51:19,1057.85,164029
2021-06-21 09:51:23,1057.6,164685
2021-06-21 09:51:29,1057.6,164760
2021-06-21 09:51:34,1057.8,164873
2021-06-21 09:51:39,1056.55,167663
2021-06-21 09:51:45,1057.4,169115
2021-06-21 09:51:50,1057.4,169222
2021-06-21 09:51:55,1056.75,169248
2021-06-21 09:52:00,1056.5,169590
2021-06-21 09:52:10,1056.1,170273
2021-06-21 09:52:15,1057.2,172521
2021-06-21 09:52:26,1056.5,173015
2021-06-21 09:52:32,1056.5,173036
2021-06-21 09:52:42,1056.1,173190
2021-06-21 09:52:46,1056.45,173271
2021-06-21 09:52:51,1056.1,173595
2021-06-21 09:53:01,1056.55,173854
2021-06-21 09:53:06,1057.0,173868
2021-06-21 09:53:11,1056.5,173873
2021-06-21 09:53:16,1056.65,174112
2021-06-21 09:53:21,1056.95,174316
2021-06-21 09:53:26,1056.65,174430
2021-06-21 09:53:30,1056.5,174432
2021-06-21 09:53:35,1056.8,179815
2021-06-21 09:53:40,1056.7,179915
2021-06-21 09:53:46,1056.55,180151
2021-06-21 09:53:51,1056.7,180535
2021-06-21 09:53:55,1056.4,180571
2021-06-21 09:54:00,1056.55,180576
2021-06-21 09:54:04,1056.55,180676
2021-06-21 09:54:09,1056.5,181043
2021-06-21 09:54:14,1056.75,181463
2021-06-21 09:54:19,1057.55,181768
2021-06-21 09:54:24,1056.75,181995
2021-06-21 09:54:29,1056.9,182232
2021-06-21 09:54:33,1057.3,182304
2021-06-21 09:54:38,1055.75,185945
2021-06-21 09:54:43,1055.55,186729
2021-06-21 09:54:48,1056.1,187534
2021-06-21 09:54:58,1055.6,188202
2021-06-21 09:55:03,1055.0,192731
2021-06-21 09:55:07,1055.05,194089
2021-06-21 09:55:12,1055.5,194469
2021-06-21 09:55:18,1055.45,195977
2021-06-21 09:55:23,1055.65,196898
2021-06-21 09:55:28,1056.65,197638
2021-06-21 09:55:34,1056.05,197648
2021-06-21 09:55:39,1056.85,198419
2021-06-21 09:55:45,1056.75,198756
2021-06-21 09:55:50,1056.75,198804
2021-06-21 09:55:55,1057.15,199089
2021-06-21 09:55:59,1057.05,199094
2021-06-21 09:56:04,1056.8,199402
2021-06-21 09:56:09,1056.4,200139
2021-06-21 09:56:14,1056.95,200444
2021-06-21 09:56:18,1056.4,200540
2021-06-21 09:56:26,1056.2,200861
2021-06-21 09:56:36,1056.6,201118
2021-06-21 09:56:40,1056.35,201122
2021-06-21 09:56:50,1056.5,201581
2021-06-21 09:56:55,1056.35,201652
2021-06-21 09:57:00,1056.35,201818
2021-06-21 09:57:05,1056.0,202087
2021-06-21 09:57:09,1056.5,202189
2021-06-21 09:57:14,1056.5,202190
2021-06-21 09:57:19,1057.05,202722
2021-06-21 09:57:23,1056.45,203049
2021-06-21 09:57:29,1056.45,203049
2021-06-21 09:57:34,1057.1,203051
2021-06-21 09:57:39,1057.1,203105
2021-06-21 09:57:44,1057.55,203695
2021-06-21 09:57:49,1057.3,204067
2021-06-21 09:57:53,1057.6,204084
2021-06-21 09:57:58,1057.05,204264
2021-06-21 09:58:03,1057.1,204626
2021-06-21 09:58:08,1056.65,204655
2021-06-21 09:58:13,1056.4,204768
2021-06-21 09:58:19,1057.5,204936
2021-06-21 09:58:29,1057.05,205328
2021-06-21 09:58:35,1057.45,205343
2021-06-21 09:58:40,1057.45,205351
2021-06-21 09:58:44,1057.45,205427
2021-06-21 09:58:49,1057.0,206011
2021-06-21 09:58:59,1057.3,206422
2021-06-21 09:59:03,1057.3,206427
2021-06-21 09:59:08,1057.25,207709
2021-06-21 09:59:13,1056.55,207723
2021-06-21 09:59:22,1057.1,208068
2021-06-21 09:59:27,1057.05,208212
2021-06-21 09:59:32,1057.35,208630
2021-06-21 09:59:36,1057.35,208630
2021-06-21 09:59:40,1057.2,208634
2021-06-21 09:59:45,1056.6,208896
2021-06-21 09:59:50,1056.5,208933
2021-06-21 09:59:55,1057.0,209163
2021-06-21 09:59:59,1057.15,209184
2021-06-21 10:00:09,1056.5,209563
2021-06-21 10:00:14,1056.55,209613
2021-06-21 10:00:23,1056.85,209704
2021-06-21 10:00:32,1057.15,209792
2021-06-21 10:00:37,1056.75,209859
2021-06-21 10:00:42,1056.65,209919
2021-06-21 10:00:47,1057.15,210099
2021-06-21 10:00:52,1057.15,210160
2021-06-21 10:00:58,1057.5,210416
2021-06-21 10:01:03,1057.5,210429
2021-06-21 10:01:08,1057.9,210529
2021-06-21 10:01:13,1058.0,211092
2021-06-21 10:01:19,1059.0,211238
2021-06-21 10:01:23,1058.85,212413
2021-06-21 10:01:29,1059.3,212430
2021-06-21 10:01:33,1059.45,212458
2021-06-21 10:01:38,1059.55,212665
2021-06-21 10:01:42,1059.15,212886
2021-06-21 10:01:47,1059.45,212963
2021-06-21 10:01:52,1058.9,213224
2021-06-21 10:01:53,1059.55,213294
2021-06-21 10:01:54,1059.55,213294
2021-06-21 10:01:55,1059.55,213294
2021-06-21 10:01:56,1059.1,213519
2021-06-21 10:01:57,1059.0,213520
2021-06-21 10:01:58,1059.0,213520
2021-06-21 10:01:59,1059.0,213520
2021-06-21 10:02:01,1059.0,213520
2021-06-21 10:02:03,1058.85,213735
2021-06-21 10:02:04,1058.25,213740
2021-06-21 10:02:07,1058.0,213759
2021-06-21 10:02:08,1058.0,213759
2021-06-21 10:02:09,1058.45,213959
2021-06-21 10:02:10,1058.0,213983
2021-06-21 10:02:11,1058.0,213983
2021-06-21 10:02:12,1057.7,214183
2021-06-21 10:02:14,1057.75,214193
2021-06-21 10:02:17,1058.4,214293
2021-06-21 10:02:17,1058.4,214293
2021-06-21 10:02:18,1058.45,214294
2021-06-21 10:02:19,1058.45,214294
2021-06-21 10:02:20,1058.7,214296
2021-06-21 10:02:21,1058.7,214296
2021-06-21 10:02:22,1058.7,214296
2021-06-21 10:02:23,1058.7,214296
2021-06-21 10:02:24,1058.7,214296
2021-06-21 10:02:25,1058.7,214296
2021-06-21 10:02:26,1058.7,214296
2021-06-21 10:02:27,1058.4,214376
2021-06-21 10:02:29,1058.4,214376
2021-06-21 10:02:30,1058.9,214446
2021-06-21 10:02:31,1058.9,214446
2021-06-21 10:02:32,1058.35,214448
2021-06-21 10:02:35,1058.4,214450
2021-06-21 10:02:36,1058.4,214473
2021-06-21 10:02:37,1059.0,214498
2021-06-21 10:02:38,1059.0,214498
2021-06-21 10:02:40,1058.8,214598
2021-06-21 10:02:41,1058.95,214603
2021-06-21 10:02:42,1058.85,214614
2021-06-21 10:02:42,1058.85,214614
2021-06-21 10:02:43,1058.85,214614
2021-06-21 10:02:44,1058.35,214624
2021-06-21 10:02:45,1058.85,214695
2021-06-21 10:02:46,1058.85,214695
2021-06-21 10:02:47,1059.0,214829
2021-06-21 10:02:48,1059.0,214879
2021-06-21 10:02:49,1059.0,214879
2021-06-21 10:02:50,1059.0,214884
2021-06-21 10:02:52,1059.0,214886
2021-06-21 10:02:53,1059.0,214886
2021-06-21 10:02:54,1059.0,214886
2021-06-21 10:02:55,1058.85,214894
2021-06-21 10:02:56,1058.85,214894
2021-06-21 10:02:57,1058.85,214894
2021-06-21 10:02:58,1058.95,215081
2021-06-21 10:02:59,1058.95,215081
2021-06-21 10:03:00,1058.35,215087
2021-06-21 10:03:01,1058.35,215087
2021-06-21 10:03:02,1058.9,215097
2021-06-21 10:03:03,1058.9,215097
2021-06-21 10:03:04,1058.9,215097
2021-06-21 10:03:05,1058.85,215098
2021-06-21 10:03:06,1058.85,215098
2021-06-21 10:03:07,1058.85,215098
2021-06-21 10:03:08,1058.85,215098
2021-06-21 10:03:09,1058.85,215098
2021-06-21 10:03:11,1058.4,215101
2021-06-21 10:03:12,1058.4,215101
2021-06-21 10:03:12,1058.4,215101
2021-06-21 10:03:14,1058.7,215201
2021-06-21 10:03:15,1058.7,215221
2021-06-21 10:03:16,1058.7,215221
2021-06-21 10:03:17,1058.75,215294
2021-06-21 10:03:18,1058.75,215295
2021-06-21 10:03:19,1058.3,215300
2021-06-21 10:03:20,1058.3,215300
2021-06-21 10:03:21,1058.3,215300
2021-06-21 10:03:23,1058.3,215300
2021-06-21 10:03:24,1058.3,215300
2021-06-21 10:03:25,1058.75,215307
2021-06-21 10:03:26,1058.75,215307
2021-06-21 10:03:27,1058.7,215341
2021-06-21 10:03:28,1058.3,215408
2021-06-21 10:03:29,1058.3,215408
2021-06-21 10:03:30,1058.3,215408
2021-06-21 10:03:31,1058.3,215408
2021-06-21 10:03:32,1058.3,215408
2021-06-21 10:03:33,1058.75,215433
2021-06-21 10:03:34,1058.3,215500
2021-06-21 10:03:35,1058.3,215500
2021-06-21 10:03:37,1058.3,215500
2021-06-21 10:03:37,1058.3,215500
2021-06-21 10:03:38,1058.75,215503
2021-06-21 10:03:39,1058.75,215503
2021-06-21 10:03:41,1058.75,215518
2021-06-21 10:03:44,1058.75,215523
2021-06-21 10:03:44,1058.75,215558
2021-06-21 10:03:45,1058.75,215567
2021-06-21 10:03:46,1058.75,215567
2021-06-21 10:03:47,1059.0,215717
2021-06-21 10:03:48,1059.0,215748
2021-06-21 10:03:49,1058.95,215855
2021-06-21 10:03:50,1058.95,215855
2021-06-21 10:03:51,1058.95,215855
2021-06-21 10:03:52,1058.5,215858
2021-06-21 10:03:53,1058.5,215858
2021-06-21 10:03:54,1058.5,215858
2021-06-21 10:03:55,1058.5,215858
2021-06-21 10:03:57,1058.5,215858
2021-06-21 10:03:58,1058.5,215858
2021-06-21 10:03:59,1058.95,215968
2021-06-21 10:04:00,1058.5,215981
2021-06-21 10:04:01,1058.5,215983
2021-06-21 10:04:01,1058.9,216003
2021-06-21 10:04:02,1058.9,216003
2021-06-21 10:04:03,1058.9,216003
2021-06-21 10:04:04,1058.9,216003
2021-06-21 10:04:05,1058.5,216012
2021-06-21 10:04:06,1058.5,216012
2021-06-21 10:04:07,1058.5,216012
2021-06-21 10:04:08,1058.5,216012
2021-06-21 10:04:09,1058.5,216012
2021-06-21 10:04:10,1058.5,216012
2021-06-21 10:04:11,1058.5,216012
2021-06-21 10:04:12,1058.5,216012
2021-06-21 10:04:13,1058.5,216012
2021-06-21 10:04:14,1058.5,216012
2021-06-21 10:04:15,1058.95,216059
2021-06-21 10:04:16,1058.95,216059
2021-06-21 10:04:17,1058.95,216059
2021-06-21 10:04:19,1058.95,216098
2021-06-21 10:04:20,1058.95,216098
2021-06-21 10:04:21,1058.95,216098
2021-06-21 10:04:22,1058.95,216098
2021-06-21 10:04:23,1058.95,216098
2021-06-21 10:04:23,1058.95,216098
2021-06-21 10:04:25,1058.3,216198
2021-06-21 10:04:26,1058.3,216198
2021-06-21 10:04:27,1058.3,216198
2021-06-21 10:04:28,1058.3,216198
2021-06-21 10:04:29,1058.3,216198
2021-06-21 10:04:30,1058.3,216198
2021-06-21 10:04:31,1058.7,216199
2021-06-21 10:04:32,1058.7,216199
2021-06-21 10:04:33,1058.25,216222
2021-06-21 10:04:34,1057.9,216465
2021-06-21 10:04:35,1057.9,216465
2021-06-21 10:04:36,1057.9,216465
2021-06-21 10:04:37,1058.4,216469
2021-06-21 10:04:37,1058.4,216469
2021-06-21 10:04:38,1058.4,216469
2021-06-21 10:04:39,1058.4,216469
2021-06-21 10:04:40,1058.4,216469
2021-06-21 10:04:41,1058.4,216469
2021-06-21 10:04:42,1057.9,216479
2021-06-21 10:04:43,1057.9,216479
2021-06-21 10:04:44,1057.9,216479
2021-06-21 10:04:45,1057.9,216615
2021-06-21 10:04:46,1057.9,216615
2021-06-21 10:04:47,1058.5,216625
2021-06-21 10:04:48,1058.5,216625
2021-06-21 10:04:49,1058.5,216626
2021-06-21 10:04:50,1058.5,216626
2021-06-21 10:04:51,1058.5,216626
2021-06-21 10:04:52,1058.5,216626
2021-06-21 10:04:53,1058.5,216626
2021-06-21 10:04:54,1058.5,216626
2021-06-21 10:04:55,1058.5,216628
2021-06-21 10:04:57,1058.5,216628
2021-06-21 10:04:57,1058.5,216628
2021-06-21 10:04:59,1058.5,216678
2021-06-21 10:05:00,1058.4,216685
2021-06-21 10:05:01,1058.4,216685
2021-06-21 10:05:02,1057.9,216793
2021-06-21 10:05:03,1057.9,216793
2021-06-21 10:05:04,1057.9,216798
2021-06-21 10:05:06,1057.55,216918
2021-06-21 10:05:07,1057.9,216928
2021-06-21 10:05:08,1057.9,216928
2021-06-21 10:05:08,1057.9,216928
2021-06-21 10:05:09,1057.9,216928
2021-06-21 10:05:10,1057.9,216928
2021-06-21 10:05:11,1057.9,216929
2021-06-21 10:05:12,1057.9,216929
2021-06-21 10:05:13,1057.9,216929
2021-06-21 10:05:14,1057.9,216964
2021-06-21 10:05:15,1057.9,216964
2021-06-21 10:05:17,1057.9,216964
2021-06-21 10:05:18,1057.95,216987
2021-06-21 10:05:19,1057.95,216987
2021-06-21 10:05:20,1057.95,216987
2021-06-21 10:05:22,1058.25,216995
2021-06-21 10:05:23,1058.5,217015
2021-06-21 10:05:23,1058.5,217015
2021-06-21 10:05:25,1058.5,217025
2021-06-21 10:05:25,1058.5,217025
2021-06-21 10:05:26,1058.5,217025
2021-06-21 10:05:27,1058.1,217031
2021-06-21 10:05:29,1058.1,217031
2021-06-21 10:05:29,1058.1,217031
2021-06-21 10:05:30,1058.1,217031
2021-06-21 10:05:32,1058.1,217031
2021-06-21 10:05:33,1058.1,217031
2021-06-21 10:05:33,1058.1,217031
2021-06-21 10:05:34,1058.1,217031
2021-06-21 10:05:35,1058.1,217031
2021-06-21 10:05:36,1058.1,217031
2021-06-21 10:05:37,1058.1,217031
2021-06-21 10:05:38,1058.4,217036
2021-06-21 10:05:39,1058.4,217036
2021-06-21 10:05:42,1058.1,217038
2021-06-21 10:05:43,1058.15,217053
2021-06-21 10:05:44,1058.15,217053
2021-06-21 10:05:45,1058.4,217056
2021-06-21 10:05:45,1058.4,217056
2021-06-21 10:05:46,1058.4,217056
2021-06-21 10:05:48,1058.5,217114
2021-06-21 10:05:49,1058.5,217114
2021-06-21 10:05:49,1058.5,217114
2021-06-21 10:05:50,1058.5,217114
2021-06-21 10:05:51,1058.5,217114
2021-06-21 10:05:52,1058.85,217127
2021-06-21 10:05:53,1058.85,217127
2021-06-21 10:05:54,1058.85,217127
2021-06-21 10:05:55,1058.85,217127
2021-06-21 10:05:56,1058.85,217127
2021-06-21 10:05:57,1058.7,217237
2021-06-21 10:05:58,1058.7,217237
2021-06-21 10:06:00,1058.1,217247
2021-06-21 10:06:01,1058.5,217250
2021-06-21 10:06:02,1058.45,217252
2021-06-21 10:06:03,1058.45,217252
2021-06-21 10:06:04,1058.45,217252
2021-06-21 10:06:04,1058.45,217262
2021-06-21 10:06:05,1058.45,217272
2021-06-21 10:06:06,1058.45,217285
2021-06-21 10:06:07,1058.45,217285
2021-06-21 10:06:08,1058.45,217285
2021-06-21 10:06:09,1058.0,217386
2021-06-21 10:06:11,1057.95,217412
2021-06-21 10:06:12,1057.95,217412
2021-06-21 10:06:13,1057.95,217412
2021-06-21 10:06:13,1057.95,217412
2021-06-21 10:06:14,1058.45,217449
2021-06-21 10:06:16,1058.7,217451
2021-06-21 10:06:17,1058.45,217508
2021-06-21 10:06:17,1058.7,217514
2021-06-21 10:06:18,1058.7,217514
2021-06-21 10:06:19,1058.45,217518
2021-06-21 10:06:20,1058.45,217518
2021-06-21 10:06:22,1058.45,217518
2021-06-21 10:06:23,1058.65,217519
2021-06-21 10:06:23,1058.65,217519
2021-06-21 10:06:24,1058.65,217539
2021-06-21 10:06:25,1058.65,217539
2021-06-21 10:06:26,1058.7,217569
2021-06-21 10:06:27,1058.7,217597
2021-06-21 10:06:29,1058.9,217607
2021-06-21 10:06:30,1059.45,218808
2021-06-21 10:06:31,1059.9,218958
2021-06-21 10:06:32,1059.75,218961
2021-06-21 10:06:33,1059.95,218970
2021-06-21 10:06:34,1059.95,219330
2021-06-21 10:06:35,1059.75,219340
2021-06-21 10:06:36,1059.95,219346
2021-06-21 10:06:37,1059.75,219774
2021-06-21 10:06:38,1059.75,219774
2021-06-21 10:06:40,1059.7,219788
2021-06-21 10:06:41,1059.7,219788
2021-06-21 10:06:42,1059.7,219788
2021-06-21 10:06:43,1059.7,219788
2021-06-21 10:06:44,1059.95,220164
2021-06-21 10:06:45,1059.55,220183
2021-06-21 10:06:45,1059.55,220183
2021-06-21 10:06:46,1059.55,220183
2021-06-21 10:06:47,1059.55,220233
2021-06-21 10:06:48,1059.9,220238
2021-06-21 10:06:50,1059.65,220296
2021-06-21 10:06:52,1059.65,220296
2021-06-21 10:06:53,1059.65,220296
2021-06-21 10:06:54,1060.0,220496
2021-06-21 10:06:55,1060.0,220496
2021-06-21 10:06:56,1060.0,220496
2021-06-21 10:06:57,1060.0,220496
2021-06-21 10:06:58,1060.0,220496
2021-06-21 10:06:58,1060.0,220496
2021-06-21 10:06:59,1060.0,220526
2021-06-21 10:07:00,1060.0,220526
2021-06-21 10:07:01,1060.0,220526
2021-06-21 10:07:03,1060.0,220526
2021-06-21 10:07:04,1060.0,220526
2021-06-21 10:07:05,1060.0,220526
2021-06-21 10:07:06,1060.0,220526
2021-06-21 10:07:07,1060.0,220526
2021-06-21 10:07:08,1060.0,220526
2021-06-21 10:07:09,1060.0,220526
2021-06-21 10:07:10,1059.6,220541
2021-06-21 10:07:11,1059.6,220541
2021-06-21 10:07:12,1059.6,220541
2021-06-21 10:07:13,1059.6,220541
2021-06-21 10:07:14,1059.6,220541
2021-06-21 10:07:15,1059.65,220565
2021-06-21 10:07:16,1059.65,220565
2021-06-21 10:07:17,1059.6,220815
2021-06-21 10:07:18,1059.6,220815
2021-06-21 10:07:19,1060.0,220825
2021-06-21 10:07:20,1060.0,220825
2021-06-21 10:07:21,1059.6,220845
2021-06-21 10:07:22,1059.6,220865
2021-06-21 10:07:23,1059.95,220875
2021-06-21 10:07:24,1059.95,220875
2021-06-21 10:07:25,1059.95,220875
2021-06-21 10:07:26,1059.95,220886
2021-06-21 10:07:27,1059.95,220886
2021-06-21 10:07:28,1059.95,220886
2021-06-21 10:07:29,1059.65,220906
2021-06-21 10:07:30,1059.6,220937
2021-06-21 10:07:31,1059.6,220957
2021-06-21 10:07:32,1059.6,220957
2021-06-21 10:07:33,1059.6,220959
2021-06-21 10:07:34,1059.6,220959
2021-06-21 10:07:34,1059.6,220959
2021-06-21 10:07:36,1059.95,220965
2021-06-21 10:07:37,1059.95,220965
2021-06-21 10:07:38,1059.95,220965
2021-06-21 10:07:39,1059.45,221029
2021-06-21 10:07:40,1059.45,221029
2021-06-21 10:07:41,1059.5,221129
2021-06-21 10:07:42,1059.5,221129
2021-06-21 10:07:43,1059.5,221129
2021-06-21 10:07:45,1059.15,221227
2021-06-21 10:07:45,1059.15,221227
2021-06-21 10:07:47,1059.15,221227
2021-06-21 10:07:49,1059.15,221377
2021-06-21 10:07:48,1059.15,221227
2021-06-21 10:07:50,1059.5,221386
2021-06-21 10:07:51,1059.5,221386
2021-06-21 10:07:52,1059.5,221386
2021-06-21 10:07:53,1059.5,221386
2021-06-21 10:07:54,1059.5,221386
2021-06-21 10:07:55,1059.45,221468
2021-06-21 10:07:56,1059.5,221470
2021-06-21 10:07:57,1059.5,221470
2021-06-21 10:07:58,1059.95,221540
2021-06-21 10:07:59,1059.55,221614
2021-06-21 10:08:00,1059.55,221614
2021-06-21 10:08:01,1060.9,222113
2021-06-21 10:08:03,1060.9,222113
2021-06-21 10:08:04,1060.9,222113
2021-06-21 10:08:05,1060.85,222163
2021-06-21 10:08:06,1060.85,222163
2021-06-21 10:08:07,1060.85,222163
2021-06-21 10:08:08,1060.85,222163
2021-06-21 10:08:09,1060.85,222163
2021-06-21 10:08:09,1060.15,222941
2021-06-21 10:08:11,1059.85,222946
2021-06-21 10:08:12,1059.85,222946
2021-06-21 10:08:13,1060.45,222996
2021-06-21 10:08:13,1060.45,222999
2021-06-21 10:08:14,1060.45,223018
2021-06-21 10:08:15,1060.45,223057
2021-06-21 10:08:16,1060.45,223057
2021-06-21 10:08:18,1060.75,223075
2021-06-21 10:08:19,1060.75,223077
2021-06-21 10:08:20,1060.75,223077
2021-06-21 10:08:21,1060.75,223077
2021-06-21 10:08:22,1060.75,223077
2021-06-21 10:08:26,1060.75,223077
2021-06-21 10:08:27,1060.75,223077
2021-06-21 10:08:28,1060.75,223077
2021-06-21 10:08:28,1060.75,223077
2021-06-21 10:08:29,1060.75,223077
2021-06-21 10:08:31,1060.75,223077
2021-06-21 10:08:32,1060.75,223077
2021-06-21 10:08:33,1060.7,223081
2021-06-21 10:08:34,1060.3,223111
2021-06-21 10:08:35,1060.3,223204
2021-06-21 10:08:35,1060.3,223204
2021-06-21 10:08:37,1060.3,223204
2021-06-21 10:08:38,1060.3,223204
2021-06-21 10:08:39,1060.3,223204
2021-06-21 10:08:40,1060.3,223227
2021-06-21 10:08:40,1060.3,223227
2021-06-21 10:08:41,1061.0,223737
2021-06-21 10:08:43,1061.25,223837
2021-06-21 10:08:44,1061.45,223912
2021-06-21 10:08:46,1061.45,224070
2021-06-21 10:08:47,1061.45,224070
2021-06-21 10:08:48,1061.45,224071
2021-06-21 10:08:49,1061.45,224071
2021-06-21 10:08:50,1061.45,224071
2021-06-21 10:08:51,1061.1,224097
2021-06-21 10:08:52,1061.1,224122
2021-06-21 10:08:53,1061.1,224124
2021-06-21 10:08:54,1061.1,224134
2021-06-21 10:08:55,1061.1,224541
2021-06-21 10:08:56,1061.1,224541
2021-06-21 10:08:57,1060.95,224571
2021-06-21 10:08:58,1060.95,224571
2021-06-21 10:08:59,1060.95,224573
2021-06-21 10:09:01,1060.45,224633
2021-06-21 10:09:02,1060.45,224633
2021-06-21 10:09:03,1060.95,224635
2021-06-21 10:09:04,1060.45,224646
2021-06-21 10:09:05,1060.25,224669
2021-06-21 10:09:06,1060.25,224669
2021-06-21 10:09:07,1060.8,224680
2021-06-21 10:09:08,1060.8,224690
2021-06-21 10:09:09,1060.8,224690
2021-06-21 10:09:10,1060.8,224690
2021-06-21 10:09:11,1060.8,224690
2021-06-21 10:09:13,1060.8,224690
2021-06-21 10:09:14,1060.8,224690
2021-06-21 10:09:15,1060.8,224733
2021-06-21 10:09:16,1060.8,224733
2021-06-21 10:09:17,1060.8,224733
2021-06-21 10:09:18,1061.0,224757
2021-06-21 10:09:19,1061.05,224807
2021-06-21 10:09:20,1061.05,224807
2021-06-21 10:09:21,1061.1,225117
2021-06-21 10:09:23,1060.8,225127
2021-06-21 10:09:24,1060.8,225127
2021-06-21 10:09:25,1060.8,225127
2021-06-21 10:09:26,1061.0,225147
2021-06-21 10:09:27,1061.0,225147
2021-06-21 10:09:28,1061.0,225147
2021-06-21 10:09:29,1060.8,225590
2021-06-21 10:09:30,1060.8,225590
2021-06-21 10:09:31,1060.65,225760
2021-06-21 10:09:32,1060.65,225760
2021-06-21 10:09:33,1060.65,225762
2021-06-21 10:09:35,1060.65,225762
2021-06-21 10:09:34,1060.65,225762
2021-06-21 10:09:36,1060.65,225762
2021-06-21 10:09:37,1060.65,225762
2021-06-21 10:09:38,1060.65,225762
2021-06-21 10:09:39,1060.65,225787
2021-06-21 10:09:40,1060.65,225794
2021-06-21 10:09:41,1060.65,225794
2021-06-21 10:09:42,1060.65,225794
2021-06-21 10:09:43,1060.65,225806
2021-06-21 10:09:44,1060.65,225806
2021-06-21 10:09:45,1060.65,225814
2021-06-21 10:09:46,1060.7,225815
2021-06-21 10:09:47,1060.7,225815
2021-06-21 10:09:48,1060.7,225817
2021-06-21 10:09:49,1060.7,225817
2021-06-21 10:09:50,1060.7,225817
2021-06-21 10:09:51,1060.9,225827
2021-06-21 10:09:52,1060.9,225827
2021-06-21 10:09:53,1061.0,225927
2021-06-21 10:09:54,1061.1,225982
2021-06-21 10:09:55,1061.1,225992
2021-06-21 10:09:56,1061.1,225992
2021-06-21 10:09:57,1061.1,225992
2021-06-21 10:09:58,1061.1,226603
2021-06-21 10:09:59,1061.1,226661
2021-06-21 10:10:00,1061.2,226868
2021-06-21 10:10:01,1061.35,226869
2021-06-21 10:10:03,1061.35,226869
2021-06-21 10:10:04,1061.35,226869
2021-06-21 10:10:05,1061.35,226869
2021-06-21 10:10:06,1061.35,226890
2021-06-21 10:10:07,1061.1,226895
2021-06-21 10:10:08,1061.05,226995
2021-06-21 10:10:09,1061.05,226995
2021-06-21 10:10:10,1061.7,227061
2021-06-21 10:10:11,1061.7,227061
2021-06-21 10:10:12,1061.7,227061
2021-06-21 10:10:14,1061.7,227061
2021-06-21 10:10:15,1061.8,227137
2021-06-21 10:10:16,1061.8,227137
2021-06-21 10:10:17,1061.8,227137
2021-06-21 10:10:18,1061.8,227137
2021-06-21 10:10:19,1061.7,227177
2021-06-21 10:10:20,1061.25,227197
2021-06-21 10:10:21,1061.65,227238
2021-06-21 10:10:22,1061.65,227238
2021-06-21 10:10:23,1061.65,227238
2021-06-21 10:10:24,1061.7,227288
2021-06-21 10:10:25,1061.25,227300
2021-06-21 10:10:26,1061.7,227310
2021-06-21 10:10:27,1061.7,227310
2021-06-21 10:10:28,1061.65,227320
2021-06-21 10:10:29,1061.65,227320
2021-06-21 10:10:30,1061.95,227528
2021-06-21 10:10:31,1061.95,227528
2021-06-21 10:10:32,1061.95,227528
2021-06-21 10:10:33,1062.0,229122
2021-06-21 10:10:34,1062.0,229122
2021-06-21 10:10:35,1062.0,229122
2021-06-21 10:10:36,1062.0,229122
2021-06-21 10:10:37,1062.0,229322
2021-06-21 10:10:38,1062.0,229322
2021-06-21 10:10:39,1062.0,229322
2021-06-21 10:10:40,1061.35,229373
2021-06-21 10:10:41,1061.35,229373
2021-06-21 10:10:42,1061.95,229375
2021-06-21 10:10:44,1061.95,229452
2021-06-21 10:10:45,1061.9,229523
2021-06-21 10:10:46,1061.5,229526
2021-06-21 10:10:47,1061.5,229526
2021-06-21 10:10:48,1061.5,229533
2021-06-21 10:10:49,1061.5,229533
2021-06-21 10:10:50,1061.55,229603
2021-06-21 10:10:51,1061.55,229603
2021-06-21 10:10:52,1061.55,229603
2021-06-21 10:10:53,1061.55,229603
2021-06-21 10:10:54,1061.55,229603
2021-06-21 10:10:55,1061.55,229685
2021-06-21 10:10:56,1061.55,229685
2021-06-21 10:10:57,1061.55,229685
2021-06-21 10:10:58,1061.55,229685
2021-06-21 10:11:00,1061.55,229685
2021-06-21 10:11:01,1061.55,229685
2021-06-21 10:11:02,1061.0,229695
2021-06-21 10:11:03,1061.0,229695
2021-06-21 10:11:04,1061.0,229695
2021-06-21 10:11:05,1061.25,229696
2021-06-21 10:11:06,1061.55,229746
2021-06-21 10:11:07,1061.55,229746
2021-06-21 10:11:08,1061.55,229746
2021-06-21 10:11:09,1061.1,229752
2021-06-21 10:11:11,1061.1,229752
2021-06-21 10:11:12,1061.1,229752
2021-06-21 10:11:13,1061.1,229753
2021-06-21 10:11:14,1061.1,229753
2021-06-21 10:11:15,1061.5,229789
2021-06-21 10:11:16,1061.5,229809
2021-06-21 10:11:17,1061.55,229828
2021-06-21 10:11:18,1061.55,229828
2021-06-21 10:11:19,1061.55,229828
2021-06-21 10:11:20,1061.15,229831
2021-06-21 10:11:21,1061.15,229831
2021-06-21 10:11:22,1061.15,229831
2021-06-21 10:11:23,1061.15,229831
2021-06-21 10:11:25,1060.75,230203
2021-06-21 10:11:26,1060.75,230203
2021-06-21 10:11:27,1060.75,230203
2021-06-21 10:11:28,1061.2,230204
2021-06-21 10:11:29,1061.2,230204
2021-06-21 10:11:30,1061.25,230205
2021-06-21 10:11:32,1061.25,230205
2021-06-21 10:11:32,1061.25,230205
2021-06-21 10:11:34,1061.25,230205
2021-06-21 10:11:35,1061.0,230261
2021-06-21 10:11:36,1061.0,230261
2021-06-21 10:11:37,1061.0,230261
2021-06-21 10:11:38,1061.0,230261
2021-06-21 10:11:39,1061.0,230365
2021-06-21 10:11:40,1061.0,230365
2021-06-21 10:11:41,1061.0,230365
2021-06-21 10:11:42,1061.0,230365
2021-06-21 10:11:43,1061.0,230561
2021-06-21 10:11:44,1061.0,230561
2021-06-21 10:11:45,1060.75,230593
2021-06-21 10:11:46,1060.75,230593
2021-06-21 10:11:47,1061.2,230598
2021-06-21 10:11:48,1061.2,230598
2021-06-21 10:11:49,1061.2,230699
2021-06-21 10:11:50,1061.8,230953
2021-06-21 10:11:51,1061.8,230953
2021-06-21 10:11:52,1061.75,230955
2021-06-21 10:11:54,1061.8,231005
2021-06-21 10:11:54,1061.8,231248
2021-06-21 10:11:55,1061.8,231248
2021-06-21 10:11:57,1061.8,231248
2021-06-21 10:11:59,1061.8,231258
2021-06-21 10:11:59,1061.8,231258
2021-06-21 10:12:00,1061.8,231260
2021-06-21 10:12:01,1061.8,231261
2021-06-21 10:12:02,1061.8,231261
2021-06-21 10:12:03,1061.8,231261
2021-06-21 10:12:04,1061.8,231261
2021-06-21 10:12:05,1061.8,231261
2021-06-21 10:12:07,1061.8,231261
2021-06-21 10:12:08,1061.8,231261
2021-06-21 10:12:09,1061.5,231271
2021-06-21 10:12:10,1061.5,231271
2021-06-21 10:12:11,1061.55,231287
2021-06-21 10:12:12,1061.55,231287
2021-06-21 10:12:13,1061.7,231289
2021-06-21 10:12:15,1061.2,231445
2021-06-21 10:12:16,1061.3,231485
2021-06-21 10:12:17,1061.3,231485
2021-06-21 10:12:18,1061.3,231485
2021-06-21 10:12:20,1061.2,231785
2021-06-21 10:12:20,1061.2,231785
2021-06-21 10:12:21,1061.2,231785
2021-06-21 10:12:22,1061.2,231785
2021-06-21 10:12:23,1061.7,231790
2021-06-21 10:12:24,1061.95,232147
2021-06-21 10:12:25,1061.95,232147
2021-06-21 10:12:26,1061.95,232147
2021-06-21 10:12:27,1062.0,232263
2021-06-21 10:12:28,1062.0,232502
2021-06-21 10:12:29,1061.55,232513
2021-06-21 10:12:30,1061.5,232524
2021-06-21 10:12:31,1061.3,232541
2021-06-21 10:12:32,1061.3,232541
2021-06-21 10:12:33,1061.3,232541
2021-06-21 10:12:35,1061.3,232541
2021-06-21 10:12:35,1061.3,232541
2021-06-21 10:12:36,1061.3,232541
2021-06-21 10:12:37,1061.7,232546
2021-06-21 10:12:38,1061.7,232546
2021-06-21 10:12:39,1061.7,232546
2021-06-21 10:12:40,1061.3,232560
2021-06-21 10:12:41,1061.3,232560
2021-06-21 10:12:42,1061.25,232602
2021-06-21 10:12:43,1061.25,232622
2021-06-21 10:12:44,1061.35,232624
2021-06-21 10:12:45,1061.7,232642
2021-06-21 10:12:46,1061.7,232642
2021-06-21 10:12:48,1061.7,232651
2021-06-21 10:12:48,1061.7,232651
2021-06-21 10:12:49,1061.7,232656
2021-06-21 10:12:50,1061.7,232659
2021-06-21 10:12:51,1061.7,232659
2021-06-21 10:12:52,1061.7,232659
2021-06-21 10:12:53,1061.85,232661
2021-06-21 10:12:54,1061.85,232661
2021-06-21 10:12:55,1061.85,232661
2021-06-21 10:12:56,1061.85,232661
2021-06-21 10:12:57,1061.8,232671
2021-06-21 10:12:58,1061.8,232671
2021-06-21 10:13:00,1061.8,232671
2021-06-21 10:13:01,1061.3,232698
2021-06-21 10:13:02,1061.3,232698
2021-06-21 10:13:02,1061.3,232698
2021-06-21 10:13:03,1061.3,232699
2021-06-21 10:13:04,1061.3,232699
2021-06-21 10:13:05,1061.3,232699
2021-06-21 10:13:06,1061.35,232729
2021-06-21 10:13:07,1061.8,232739
2021-06-21 10:13:08,1061.8,232739
2021-06-21 10:13:09,1061.8,232739
2021-06-21 10:13:10,1061.8,232749
2021-06-21 10:13:12,1061.8,232749
2021-06-21 10:13:13,1061.8,232749
2021-06-21 10:13:14,1061.8,232825
2021-06-21 10:13:15,1061.8,232961
2021-06-21 10:13:16,1061.8,232961
2021-06-21 10:13:17,1061.8,232987
2021-06-21 10:13:18,1061.8,232987
2021-06-21 10:13:19,1061.8,233208
2021-06-21 10:13:20,1061.75,233209
2021-06-21 10:13:21,1061.75,233209
2021-06-21 10:13:22,1061.75,233209
2021-06-21 10:13:23,1061.75,233209
2021-06-21 10:13:24,1061.3,233234
2021-06-21 10:13:25,1061.3,233234
2021-06-21 10:13:26,1061.3,233234
2021-06-21 10:13:27,1061.3,233234
2021-06-21 10:13:28,1061.3,233234
2021-06-21 10:13:29,1061.3,233264
2021-06-21 10:13:30,1061.3,233268
2021-06-21 10:13:31,1061.3,233268
2021-06-21 10:13:32,1061.3,233268
2021-06-21 10:13:33,1061.3,233268
2021-06-21 10:13:34,1061.3,233268
2021-06-21 10:13:35,1061.3,233268
2021-06-21 10:13:36,1061.3,233268
2021-06-21 10:13:38,1061.3,233268
2021-06-21 10:13:39,1061.5,233269
2021-06-21 10:13:40,1061.5,233269
2021-06-21 10:13:41,1061.5,233269
2021-06-21 10:13:42,1061.5,233269
2021-06-21 10:13:43,1061.5,233274
2021-06-21 10:13:44,1061.5,233274
2021-06-21 10:13:46,1061.3,233385
2021-06-21 10:13:48,1061.3,233388
2021-06-21 10:13:50,1061.5,233488
2021-06-21 10:13:51,1061.5,233488
2021-06-21 10:13:51,1061.5,233488
2021-06-21 10:13:52,1061.5,233488
2021-06-21 10:13:54,1061.5,233488
2021-06-21 10:13:55,1061.5,233488
2021-06-21 10:13:56,1061.5,233488
2021-06-21 10:13:57,1061.5,233488
2021-06-21 10:13:58,1061.5,233489
2021-06-21 10:13:59,1061.2,233729
2021-06-21 10:14:01,1062.0,234182
2021-06-21 10:14:02,1062.0,234182
2021-06-21 10:14:03,1062.0,234182
2021-06-21 10:14:04,1062.0,234182
2021-06-21 10:14:05,1062.0,234182
2021-06-21 10:14:06,1062.0,234189
2021-06-21 10:14:07,1062.0,234189
2021-06-21 10:14:08,1062.0,234189
2021-06-21 10:14:09,1062.0,234189
2021-06-21 10:14:11,1062.0,234189
2021-06-21 10:14:13,1062.0,234189
2021-06-21 10:14:13,1061.8,234209
2021-06-21 10:14:14,1061.95,234213
2021-06-21 10:14:17,1062.0,234265
2021-06-21 10:14:18,1062.0,234265
2021-06-21 10:14:19,1062.0,234265
2021-06-21 10:14:20,1062.0,234275
2021-06-21 10:14:21,1062.0,234275
2021-06-21 10:14:23,1061.75,234276
2021-06-21 10:14:24,1061.75,234276
2021-06-21 10:14:25,1061.75,234301
2021-06-21 10:14:27,1061.75,234301
2021-06-21 10:14:28,1061.75,234301
2021-06-21 10:14:29,1061.75,234301
2021-06-21 10:14:30,1061.75,234301
2021-06-21 10:14:31,1062.0,234303
2021-06-21 10:14:33,1062.0,234303
2021-06-21 10:14:34,1061.75,234307
2021-06-21 10:14:34,1061.75,234307
2021-06-21 10:14:36,1061.75,234371
2021-06-21 10:14:37,1061.9,234376
2021-06-21 10:14:38,1061.9,234376
2021-06-21 10:14:39,1061.9,234376
2021-06-21 10:14:39,1061.9,234376
2021-06-21 10:14:40,1061.5,234379
2021-06-21 10:14:41,1062.0,234596
2021-06-21 10:14:42,1062.0,234596
2021-06-21 10:14:44,1061.9,234635
2021-06-21 10:14:44,1062.0,234714
2021-06-21 10:14:45,1062.0,234717
2021-06-21 10:14:46,1062.0,234717
2021-06-21 10:14:47,1062.0,234721
2021-06-21 10:14:48,1062.0,234721
2021-06-21 10:14:49,1062.0,234785
2021-06-21 10:14:50,1062.0,234787
2021-06-21 10:14:51,1062.0,234787
2021-06-21 10:14:52,1062.0,234787
2021-06-21 10:14:53,1062.0,234791
2021-06-21 10:14:54,1062.0,234791
2021-06-21 10:14:56,1061.9,234811
2021-06-21 10:14:56,1061.9,234811
2021-06-21 10:14:58,1061.9,234812
2021-06-21 10:14:59,1061.9,234812
2021-06-21 10:15:00,1061.9,234812
2021-06-21 10:15:01,1061.9,234812
2021-06-21 10:15:02,1061.9,234812
2021-06-21 10:15:03,1061.9,234812
2021-06-21 10:15:03,1061.9,234814
2021-06-21 10:15:04,1061.9,234814
2021-06-21 10:15:05,1061.9,234814
2021-06-21 10:15:08,1061.9,234814
2021-06-21 10:15:09,1062.0,234845
2021-06-21 10:15:09,1062.0,234845
2021-06-21 10:15:11,1061.85,235314
2021-06-21 10:15:12,1061.85,235314
2021-06-21 10:15:13,1061.85,235316
2021-06-21 10:15:15,1061.85,235360
2021-06-21 10:15:16,1061.5,235460
2021-06-21 10:15:17,1061.9,235462
2021-06-21 10:15:18,1061.9,235462
2021-06-21 10:15:21,1062.0,235522
2021-06-21 10:15:22,1062.0,235522
2021-06-21 10:15:23,1062.0,235522
2021-06-21 10:15:24,1062.0,235522
2021-06-21 10:15:24,1062.0,235522
2021-06-21 10:15:25,1062.0,235522
2021-06-21 10:15:26,1062.0,235522
2021-06-21 10:15:27,1062.0,235530
2021-06-21 10:15:28,1062.0,235530
2021-06-21 10:15:29,1061.9,235532
2021-06-21 10:15:31,1061.9,235532
2021-06-21 10:15:32,1061.9,235532
2021-06-21 10:15:33,1061.9,235532
2021-06-21 10:15:34,1061.9,235532
2021-06-21 10:15:35,1061.9,235532
2021-06-21 10:15:36,1062.0,235564
2021-06-21 10:15:37,1062.0,235564
2021-06-21 10:15:38,1062.7,235754
2021-06-21 10:15:39,1062.3,235761
2021-06-21 10:15:41,1062.3,235761
2021-06-21 10:15:42,1062.3,235761
2021-06-21 10:15:43,1062.3,235761
2021-06-21 10:15:44,1062.3,235811
2021-06-21 10:15:46,1062.7,235887
2021-06-21 10:15:46,1062.7,235887
2021-06-21 10:15:48,1062.7,235887
2021-06-21 10:15:48,1062.7,235887
2021-06-21 10:15:50,1062.7,235938
2021-06-21 10:15:51,1062.7,235938
2021-06-21 10:15:52,1062.7,235938
2021-06-21 10:15:53,1062.7,235938
2021-06-21 10:15:54,1062.7,235938
2021-06-21 10:15:55,1062.7,235938
2021-06-21 10:15:56,1062.3,235965
2021-06-21 10:15:57,1062.8,236065
2021-06-21 10:15:58,1062.8,236065
2021-06-21 10:15:59,1062.8,236065
2021-06-21 10:16:00,1062.8,236065
2021-06-21 10:16:00,1062.4,236165
2021-06-21 10:16:02,1062.4,236165
2021-06-21 10:16:03,1062.4,236165
2021-06-21 10:16:04,1062.4,236165
2021-06-21 10:16:05,1062.85,236166
2021-06-21 10:16:06,1062.85,236166
2021-06-21 10:16:07,1062.85,236166
2021-06-21 10:16:08,1062.85,236166
2021-06-21 10:16:08,1062.85,236166
2021-06-21 10:16:09,1062.85,236167
2021-06-21 10:16:10,1062.35,236170
2021-06-21 10:16:12,1062.4,236230
2021-06-21 10:16:13,1062.4,236230
2021-06-21 10:16:14,1062.4,236230
2021-06-21 10:16:15,1062.8,236245
2021-06-21 10:16:16,1062.45,236260
2021-06-21 10:16:18,1062.45,236260
2021-06-21 10:16:19,1062.45,236260
2021-06-21 10:16:20,1062.85,236270
2021-06-21 10:16:21,1062.85,236270
2021-06-21 10:16:21,1062.85,236270
2021-06-21 10:16:22,1062.85,236270
2021-06-21 10:16:23,1063.0,236374
2021-06-21 10:16:24,1063.0,236374
2021-06-21 10:16:25,1063.0,236774
2021-06-21 10:16:26,1063.0,236774
2021-06-21 10:16:27,1063.0,236774
2021-06-21 10:16:28,1063.0,236774
2021-06-21 10:16:29,1063.0,236774
2021-06-21 10:16:30,1063.0,236774
2021-06-21 10:16:31,1063.0,236774
2021-06-21 10:16:32,1063.0,236774
2021-06-21 10:16:33,1063.0,236774
2021-06-21 10:16:35,1063.0,236774
2021-06-21 10:16:36,1063.0,236774
2021-06-21 10:16:37,1063.0,236774
2021-06-21 10:16:40,1062.6,236812
2021-06-21 10:16:41,1062.6,236812
2021-06-21 10:16:42,1062.6,236812
2021-06-21 10:16:43,1062.6,236812
2021-06-21 10:16:43,1063.2,236962
2021-06-21 10:16:44,1063.55,237628
2021-06-21 10:16:45,1063.55,237628
2021-06-21 10:16:47,1063.2,237630
2021-06-21 10:16:48,1063.2,237630
2021-06-21 10:16:49,1063.2,237630
2021-06-21 10:16:50,1063.2,237630
2021-06-21 10:16:51,1063.2,237641
2021-06-21 10:16:52,1063.2,237671
2021-06-21 10:16:53,1063.2,237671
2021-06-21 10:16:54,1063.6,237921
2021-06-21 10:16:55,1063.6,237921
2021-06-21 10:16:56,1063.55,237979
2021-06-21 10:16:57,1063.05,237993
2021-06-21 10:16:58,1063.05,237993
2021-06-21 10:16:59,1063.55,238000
2021-06-21 10:17:00,1063.6,238050
2021-06-21 10:17:02,1063.6,238050
2021-06-21 10:17:03,1063.55,238105
2021-06-21 10:17:04,1063.55,238105
2021-06-21 10:17:05,1063.55,238105
2021-06-21 10:17:06,1063.6,238612
2021-06-21 10:17:10,1063.6,238617
2021-06-21 10:17:11,1063.6,238617
2021-06-21 10:17:12,1064.25,239793
2021-06-21 10:17:12,1063.55,240887
2021-06-21 10:17:13,1063.55,241019
2021-06-21 10:17:14,1063.55,241481
2021-06-21 10:17:16,1063.55,241481
2021-06-21 10:17:16,1063.5,241482
2021-06-21 10:17:18,1063.5,241482
2021-06-21 10:17:19,1063.75,241512
2021-06-21 10:17:20,1064.05,241710
2021-06-21 10:17:21,1063.3,242160
2021-06-21 10:17:22,1063.3,242160
2021-06-21 10:17:23,1063.7,242161
2021-06-21 10:17:24,1063.3,242171
2021-06-21 10:17:25,1063.5,242173
2021-06-21 10:17:26,1063.5,242186
2021-06-21 10:17:27,1063.65,242187
2021-06-21 10:17:29,1063.65,242187
2021-06-21 10:17:30,1063.1,242387
2021-06-21 10:17:32,1063.6,242398
2021-06-21 10:17:33,1063.6,242398
2021-06-21 10:17:34,1063.75,242642
2021-06-21 10:17:35,1063.95,242643
2021-06-21 10:17:35,1063.95,242643
2021-06-21 10:17:36,1064.2,242658
2021-06-21 10:17:37,1064.2,242658
2021-06-21 10:17:39,1064.2,242658
2021-06-21 10:17:39,1064.2,242724
2021-06-21 10:17:40,1064.2,242724
2021-06-21 10:17:41,1064.25,243081
2021-06-21 10:17:42,1063.85,243182
2021-06-21 10:17:43,1063.7,243432
2021-06-21 10:17:45,1063.7,243432
2021-06-21 10:17:46,1063.7,243432
2021-06-21 10:17:47,1064.2,243442
2021-06-21 10:17:48,1063.8,243443
2021-06-21 10:17:49,1063.8,243447
2021-06-21 10:17:50,1063.8,243447
2021-06-21 10:17:51,1063.8,243447
2021-06-21 10:17:52,1064.0,243448
2021-06-21 10:17:53,1064.0,243448
2021-06-21 10:17:54,1064.0,243448
2021-06-21 10:17:55,1064.0,243448
2021-06-21 10:17:56,1063.8,243449
2021-06-21 10:17:57,1063.8,243449
2021-06-21 10:17:58,1063.8,243449
2021-06-21 10:17:59,1063.8,243449
2021-06-21 10:17:59,1063.8,243449
2021-06-21 10:18:01,1063.7,243480
2021-06-21 10:18:02,1063.7,243480
2021-06-21 10:18:03,1064.0,243553
2021-06-21 10:18:04,1064.0,243553
2021-06-21 10:18:05,1064.0,243553
2021-06-21 10:18:05,1064.0,243553
2021-06-21 10:18:06,1064.0,243553
2021-06-21 10:18:07,1064.0,243553
2021-06-21 10:18:09,1064.0,243553
2021-06-21 10:18:10,1064.0,243558
2021-06-21 10:18:11,1064.0,243558
2021-06-21 10:18:12,1064.0,243558
2021-06-21 10:18:13,1064.45,243662
2021-06-21 10:18:14,1064.45,243667
2021-06-21 10:18:15,1064.5,243943
2021-06-21 10:18:16,1064.5,243943
2021-06-21 10:18:17,1064.05,244019
2021-06-21 10:18:18,1064.0,244114
2021-06-21 10:18:19,1064.05,244115
2021-06-21 10:18:20,1064.05,244115
2021-06-21 10:18:21,1064.05,244115
2021-06-21 10:18:23,1064.05,244115
2021-06-21 10:18:24,1064.05,244115
2021-06-21 10:18:25,1064.0,244237
2021-06-21 10:18:26,1064.05,244567
2021-06-21 10:18:27,1064.05,244582
2021-06-21 10:18:28,1064.05,244582
2021-06-21 10:18:29,1064.4,244584
2021-06-21 10:18:30,1064.0,244755
2021-06-21 10:18:31,1064.0,244755
2021-06-21 10:18:32,1064.2,244772
2021-06-21 10:18:33,1064.3,244922
2021-06-21 10:18:34,1064.3,244922
2021-06-21 10:18:35,1064.05,244942
2021-06-21 10:18:36,1064.0,245008
2021-06-21 10:18:37,1063.85,245131
2021-06-21 10:18:38,1063.85,245131
2021-06-21 10:18:39,1063.8,245347
2021-06-21 10:18:39,1063.8,245347
2021-06-21 10:18:41,1063.95,245814
2021-06-21 10:18:42,1063.95,245814
2021-06-21 10:18:43,1063.95,245814
2021-06-21 10:18:44,1063.8,245819
2021-06-21 10:18:45,1063.25,245994
2021-06-21 10:18:46,1063.75,246014
2021-06-21 10:18:47,1063.25,246017
2021-06-21 10:18:48,1063.25,246017
2021-06-21 10:18:49,1063.25,246017
2021-06-21 10:18:50,1063.25,246028
2021-06-21 10:18:51,1063.25,246028
2021-06-21 10:18:52,1063.75,246029
2021-06-21 10:18:53,1063.75,246029
2021-06-21 10:18:54,1063.75,246029
2021-06-21 10:18:55,1063.2,246079
2021-06-21 10:18:56,1063.25,246085
2021-06-21 10:18:57,1063.25,246085
2021-06-21 10:18:58,1063.1,246096
2021-06-21 10:18:59,1063.1,246096
2021-06-21 10:19:00,1063.1,246113
2021-06-21 10:19:01,1063.1,246114
2021-06-21 10:19:02,1063.1,246114
2021-06-21 10:19:03,1063.2,246124
2021-06-21 10:19:04,1063.1,246134
2021-06-21 10:19:05,1063.1,246149
2021-06-21 10:19:06,1063.1,246149
2021-06-21 10:19:07,1063.2,246153
2021-06-21 10:19:08,1063.2,246153
2021-06-21 10:19:09,1062.75,246230
2021-06-21 10:19:10,1062.75,246230
2021-06-21 10:19:11,1063.1,246331
2021-06-21 10:19:12,1063.1,246331
2021-06-21 10:19:13,1063.1,246331
2021-06-21 10:19:14,1063.1,246331
2021-06-21 10:19:15,1063.2,246407
2021-06-21 10:19:16,1063.1,246417
2021-06-21 10:19:17,1063.1,246438
2021-06-21 10:19:18,1063.1,246438
2021-06-21 10:19:20,1063.1,246489
2021-06-21 10:19:21,1063.1,246489
2021-06-21 10:19:22,1063.1,246489
2021-06-21 10:19:23,1063.5,246600
2021-06-21 10:19:24,1063.5,246600
2021-06-21 10:19:25,1063.5,246600
2021-06-21 10:19:26,1063.5,246600
2021-06-21 10:19:27,1063.5,246600
2021-06-21 10:19:28,1063.5,246600
2021-06-21 10:19:29,1063.5,246600
2021-06-21 10:19:30,1063.15,246700
2021-06-21 10:19:31,1063.15,246700
2021-06-21 10:19:32,1063.5,246715
2021-06-21 10:19:33,1063.5,246715
2021-06-21 10:19:34,1064.0,247365
2021-06-21 10:19:35,1064.0,247365
2021-06-21 10:19:36,1063.15,247375
2021-06-21 10:19:37,1063.15,247375
2021-06-21 10:19:38,1063.15,247375
2021-06-21 10:19:39,1063.2,247377
2021-06-21 10:19:40,1063.2,247377
2021-06-21 10:19:41,1063.2,247387
2021-06-21 10:19:42,1063.25,247800
2021-06-21 10:19:43,1063.25,247800
2021-06-21 10:19:44,1063.7,247876
2021-06-21 10:19:45,1063.7,247876
2021-06-21 10:19:46,1063.7,247876
2021-06-21 10:19:47,1063.7,247876
2021-06-21 10:19:49,1063.7,247876
2021-06-21 10:19:50,1063.75,247894
2021-06-21 10:19:51,1063.75,248029
2021-06-21 10:19:52,1063.75,248129
2021-06-21 10:19:53,1063.75,248129
2021-06-21 10:19:54,1063.75,248129
2021-06-21 10:19:55,1063.75,248146
2021-06-21 10:19:56,1063.75,248146
2021-06-21 10:19:57,1063.75,248146
2021-06-21 10:19:58,1063.75,248146
2021-06-21 10:19:59,1063.75,248146
2021-06-21 10:20:03,1063.75,248146
2021-06-21 10:20:04,1063.75,248146
2021-06-21 10:20:05,1063.3,248164
2021-06-21 10:20:06,1063.3,248164
2021-06-21 10:20:07,1063.3,248164
2021-06-21 10:20:08,1063.3,248164
2021-06-21 10:20:09,1063.3,248164
2021-06-21 10:20:10,1063.1,248174
2021-06-21 10:20:11,1063.1,248185
2021-06-21 10:20:12,1063.1,248185
2021-06-21 10:20:13,1063.1,248185
2021-06-21 10:20:14,1063.1,248265
2021-06-21 10:20:15,1063.1,248265
2021-06-21 10:20:16,1063.1,248265
2021-06-21 10:20:17,1063.1,248265
2021-06-21 10:20:18,1063.1,248265
2021-06-21 10:20:19,1063.1,248265
2021-06-21 10:20:20,1063.1,248269
2021-06-21 10:20:21,1063.1,248269
2021-06-21 10:20:22,1063.0,248649
2021-06-21 10:20:23,1063.0,248649
2021-06-21 10:20:25,1062.9,248654
2021-06-21 10:20:26,1062.55,248656
2021-06-21 10:20:27,1062.55,248656
2021-06-21 10:20:28,1062.55,248656
2021-06-21 10:20:29,1062.55,248693
2021-06-21 10:20:30,1062.55,248893
2021-06-21 10:20:31,1062.55,248903
2021-06-21 10:20:32,1062.55,248903
2021-06-21 10:20:34,1062.55,248903
2021-06-21 10:20:33,1062.55,248903
2021-06-21 10:20:35,1062.85,248921
2021-06-21 10:20:36,1062.85,248921
2021-06-21 10:20:37,1062.5,248968
2021-06-21 10:20:38,1062.5,248968
2021-06-21 10:20:39,1062.85,248970
2021-06-21 10:20:40,1062.5,249003
2021-06-21 10:20:41,1062.5,249003
