timestamp,ltp,volume
2021-06-21 09:16:29,1696.65,30969
2021-06-21 09:16:30,1696.15,30981
2021-06-21 09:16:31,1696.2,31187
2021-06-21 09:16:32,1696.25,31194
2021-06-21 09:16:33,1696.25,31194
2021-06-21 09:16:34,1696.2,31271
2021-06-21 09:16:35,1697.85,31669
2021-06-21 09:16:36,1697.7,31835
2021-06-21 09:16:37,1697.7,31835
2021-06-21 09:16:38,1696.7,32403
2021-06-21 09:16:39,1696.7,32403
2021-06-21 09:16:40,1698.6,33142
2021-06-21 09:16:41,1698.2,33207
2021-06-21 09:16:42,1697.85,33280
2021-06-21 09:16:43,1696.35,33303
2021-06-21 09:16:44,1696.35,33303
2021-06-21 09:16:45,1698.0,33659
2021-06-21 09:16:46,1698.0,33692
2021-06-21 09:16:47,1698.0,33769
2021-06-21 09:16:49,1698.0,33769
2021-06-21 09:16:48,1698.0,33769
2021-06-21 09:16:50,1699.0,33868
2021-06-21 09:16:51,1698.0,34135
2021-06-21 09:16:52,1697.95,34197
2021-06-21 09:16:53,1697.9,34287
2021-06-21 09:16:54,1697.85,34296
2021-06-21 09:16:56,1697.6,34451
2021-06-21 09:16:57,1697.6,34451
2021-06-21 09:16:58,1697.05,34525
2021-06-21 09:17:00,1698.0,34872
2021-06-21 09:17:01,1697.05,34897
2021-06-21 09:17:02,1698.15,35023
2021-06-21 09:17:04,1698.0,35059
2021-06-21 09:17:05,1698.0,35084
2021-06-21 09:17:06,1698.15,35135
2021-06-21 09:17:07,1698.15,35135
2021-06-21 09:17:08,1696.95,35141
2021-06-21 09:17:09,1696.9,35217
2021-06-21 09:17:11,1696.75,35312
2021-06-21 09:17:12,1697.6,35356
2021-06-21 09:17:13,1697.6,35356
2021-06-21 09:17:14,1697.6,35356
2021-06-21 09:17:15,1696.5,35357
2021-06-21 09:17:16,1695.7,36208
2021-06-21 09:17:17,1695.7,36208
2021-06-21 09:17:18,1695.55,36224
2021-06-21 09:17:20,1694.95,36500
2021-06-21 09:17:21,1696.05,36636
2021-06-21 09:17:22,1694.9,37192
2021-06-21 09:17:23,1694.95,37354
2021-06-21 09:17:24,1694.95,37425
2021-06-21 09:17:25,1694.4,37616
2021-06-21 09:17:26,1694.75,37865
2021-06-21 09:17:27,1694.4,37875
2021-06-21 09:17:28,1694.0,37931
2021-06-21 09:17:29,1694.9,38011
2021-06-21 09:17:30,1694.2,38039
2021-06-21 09:17:32,1694.35,38788
2021-06-21 09:17:34,1694.9,39011
2021-06-21 09:17:35,1694.9,39021
2021-06-21 09:17:36,1694.45,39032
2021-06-21 09:17:37,1696.05,39301
2021-06-21 09:17:38,1695.85,39366
2021-06-21 09:17:39,1695.85,39387
2021-06-21 09:17:40,1695.8,39421
2021-06-21 09:17:42,1695.65,39422
2021-06-21 09:17:43,1695.65,39422
2021-06-21 09:17:44,1695.8,39432
2021-06-21 09:17:45,1695.0,39442
2021-06-21 09:17:46,1694.5,39657
2021-06-21 09:17:47,1694.4,39687
2021-06-21 09:17:48,1694.0,39831
2021-06-21 09:17:49,1694.0,39852
2021-06-21 09:17:50,1694.7,40132
2021-06-21 09:17:52,1694.7,40132
2021-06-21 09:17:53,1694.6,40135
2021-06-21 09:17:54,1694.4,40202
2021-06-21 09:17:55,1694.25,40228
2021-06-21 09:17:56,1694.25,40228
2021-06-21 09:17:57,1694.85,40278
2021-06-21 09:17:58,1691.45,43358
2021-06-21 09:17:58,1691.45,43358
2021-06-21 09:17:59,1693.9,43405
2021-06-21 09:18:00,1693.85,43441
2021-06-21 09:18:01,1694.4,43501
2021-06-21 09:18:02,1693.7,43523
2021-06-21 09:18:03,1694.7,43716
2021-06-21 09:18:04,1693.6,43752
2021-06-21 09:18:05,1693.55,43779
2021-06-21 09:18:06,1694.6,43833
2021-06-21 09:18:07,1693.45,43963
2021-06-21 09:18:08,1693.45,43963
2021-06-21 09:18:09,1692.65,44407
2021-06-21 09:18:10,1692.75,44438
2021-06-21 09:18:11,1692.75,44438
2021-06-21 09:18:12,1692.75,44920
2021-06-21 09:18:13,1692.75,44948
2021-06-21 09:18:14,1692.85,45083
2021-06-21 09:18:16,1693.05,45103
2021-06-21 09:18:16,1693.05,45103
2021-06-21 09:18:17,1693.05,45103
2021-06-21 09:18:18,1693.05,45103
2021-06-21 09:18:19,1693.05,45103
2021-06-21 09:18:20,1693.05,45103
2021-06-21 09:18:21,1693.0,45148
2021-06-21 09:18:22,1692.85,45298
2021-06-21 09:18:23,1693.85,45308
2021-06-21 09:18:24,1693.85,45308
2021-06-21 09:18:25,1692.6,45313
2021-06-21 09:18:27,1692.75,45327
2021-06-21 09:18:28,1693.05,45411
2021-06-21 09:18:29,1694.2,45620
2021-06-21 09:18:30,1693.7,45692
2021-06-21 09:18:32,1693.7,45697
2021-06-21 09:18:32,1693.0,45716
2021-06-21 09:18:34,1693.7,45718
2021-06-21 09:18:34,1693.7,45718
2021-06-21 09:18:35,1694.25,45770
2021-06-21 09:18:36,1693.7,45775
2021-06-21 09:18:37,1693.7,45775
2021-06-21 09:18:38,1695.4,46170
2021-06-21 09:18:39,1694.4,46198
2021-06-21 09:18:40,1694.4,46198
2021-06-21 09:18:41,1694.85,46199
2021-06-21 09:18:42,1694.75,46211
2021-06-21 09:18:43,1694.75,46211
2021-06-21 09:18:44,1694.75,46211
2021-06-21 09:18:46,1695.05,46295
2021-06-21 09:18:47,1695.0,46315
2021-06-21 09:18:48,1695.05,46316
2021-06-21 09:18:49,1697.95,47077
2021-06-21 09:18:50,1697.9,47402
2021-06-21 09:18:51,1697.95,47473
2021-06-21 09:18:52,1697.7,47504
2021-06-21 09:18:53,1697.75,47577
2021-06-21 09:18:54,1697.75,47577
2021-06-21 09:18:55,1697.7,47589
2021-06-21 09:18:56,1697.7,47589
2021-06-21 09:18:57,1698.05,47729
2021-06-21 09:18:59,1698.05,47729
2021-06-21 09:19:00,1698.05,47774
2021-06-21 09:19:00,1698.05,47774
2021-06-21 09:19:01,1698.05,47841
2021-06-21 09:19:02,1698.05,47896
2021-06-21 09:19:03,1697.95,47923
2021-06-21 09:19:04,1698.0,47965
2021-06-21 09:19:05,1697.95,47973
2021-06-21 09:19:06,1697.8,47974
2021-06-21 09:19:07,1697.2,48001
2021-06-21 09:19:08,1697.2,48088
2021-06-21 09:19:09,1697.1,48118
2021-06-21 09:19:10,1697.6,48268
2021-06-21 09:19:11,1697.05,48372
2021-06-21 09:19:12,1697.05,48372
2021-06-21 09:19:13,1697.65,48414
2021-06-21 09:19:15,1697.15,48586
2021-06-21 09:19:15,1697.15,48586
2021-06-21 09:19:16,1696.6,48665
2021-06-21 09:19:17,1696.6,48665
2021-06-21 09:19:18,1696.45,48670
2021-06-21 09:19:19,1697.0,48902
2021-06-21 09:19:20,1697.15,48946
2021-06-21 09:19:21,1697.05,49111
2021-06-21 09:19:22,1696.8,49136
2021-06-21 09:19:24,1696.6,49276
2021-06-21 09:19:24,1697.7,49280
2021-06-21 09:19:25,1697.35,49366
2021-06-21 09:19:26,1697.6,49431
2021-06-21 09:19:27,1697.6,49505
2021-06-21 09:19:28,1697.4,49514
2021-06-21 09:19:29,1698.45,49539
2021-06-21 09:19:30,1698.45,49539
2021-06-21 09:19:31,1698.45,49539
2021-06-21 09:19:32,1698.45,49539
2021-06-21 09:19:33,1698.45,49539
2021-06-21 09:19:34,1697.8,49840
2021-06-21 09:19:36,1696.7,49867
2021-06-21 09:19:36,1696.7,49867
2021-06-21 09:19:37,1696.65,49891
2021-06-21 09:19:41,1697.25,49996
2021-06-21 09:19:42,1697.25,50002
2021-06-21 09:19:44,1697.5,50916
2021-06-21 09:19:44,1697.5,50916
2021-06-21 09:19:45,1697.6,51036
2021-06-21 09:19:46,1697.55,51100
2021-06-21 09:19:47,1697.55,51253
2021-06-21 09:19:48,1697.6,51270
2021-06-21 09:19:50,1696.65,51603
2021-06-21 09:19:52,1695.4,51793
2021-06-21 09:19:53,1694.25,51915
2021-06-21 09:19:54,1695.1,51955
2021-06-21 09:19:55,1695.1,51955
2021-06-21 09:19:56,1695.0,52157
2021-06-21 09:19:57,1695.0,52189
2021-06-21 09:19:57,1695.0,52214
2021-06-21 09:19:58,1695.1,52216
2021-06-21 09:19:59,1695.1,52216
2021-06-21 09:20:01,1695.1,52218
2021-06-21 09:20:02,1695.1,52218
2021-06-21 09:20:03,1694.8,52219
2021-06-21 09:20:03,1694.25,52226
2021-06-21 09:20:04,1694.7,52231
2021-06-21 09:20:05,1694.7,52231
2021-06-21 09:20:06,1694.55,52237
2021-06-21 09:20:07,1694.55,52237
2021-06-21 09:20:08,1694.55,52389
2021-06-21 09:20:10,1693.7,52540
2021-06-21 09:20:11,1693.7,52570
2021-06-21 09:20:12,1693.7,52589
2021-06-21 09:20:12,1693.7,52589
2021-06-21 09:20:13,1693.7,52589
2021-06-21 09:20:15,1693.15,52730
2021-06-21 09:20:16,1693.45,52736
2021-06-21 09:20:17,1693.45,52736
2021-06-21 09:20:18,1693.45,52741
2021-06-21 09:20:19,1693.0,52753
2021-06-21 09:20:20,1693.0,52822
2021-06-21 09:20:22,1693.0,52848
2021-06-21 09:20:22,1693.75,52923
2021-06-21 09:20:23,1694.3,53106
2021-06-21 09:20:24,1693.7,53211
2021-06-21 09:20:25,1693.7,53211
2021-06-21 09:20:26,1693.7,53211
2021-06-21 09:20:28,1693.8,53239
2021-06-21 09:20:29,1694.4,53288
2021-06-21 09:20:29,1694.45,53289
2021-06-21 09:20:30,1696.75,54085
2021-06-21 09:20:31,1695.75,54294
2021-06-21 09:20:32,1695.75,54324
2021-06-21 09:20:33,1695.75,54407
2021-06-21 09:20:34,1695.6,54416
2021-06-21 09:20:35,1695.6,54416
2021-06-21 09:20:37,1696.9,54434
2021-06-21 09:20:38,1696.9,54434
2021-06-21 09:20:38,1697.9,54442
2021-06-21 09:20:39,1697.9,54442
2021-06-21 09:20:40,1697.9,54482
2021-06-21 09:20:41,1697.55,54626
2021-06-21 09:20:42,1697.95,54636
2021-06-21 09:20:43,1697.95,54636
2021-06-21 09:20:44,1697.95,54636
2021-06-21 09:20:45,1697.3,54784
2021-06-21 09:20:47,1697.3,54784
2021-06-21 09:20:47,1697.2,54820
2021-06-21 09:20:48,1697.0,54929
2021-06-21 09:20:49,1697.0,54929
2021-06-21 09:20:51,1697.0,54929
2021-06-21 09:20:52,1697.0,54929
2021-06-21 09:20:53,1696.5,55014
2021-06-21 09:20:54,1696.5,55021
2021-06-21 09:20:55,1696.45,55064
2021-06-21 09:20:56,1696.45,55084
2021-06-21 09:20:59,1695.65,55299
2021-06-21 09:21:01,1695.2,55355
2021-06-21 09:21:02,1693.9,55363
2021-06-21 09:21:03,1693.3,55470
2021-06-21 09:21:04,1693.15,55707
2021-06-21 09:21:05,1693.15,55936
2021-06-21 09:21:06,1692.4,56122
2021-06-21 09:21:07,1692.3,56159
2021-06-21 09:21:08,1692.15,56166
2021-06-21 09:21:09,1692.0,56180
2021-06-21 09:21:10,1692.0,56341
2021-06-21 09:21:12,1692.25,56600
2021-06-21 09:21:12,1692.55,57013
2021-06-21 09:21:14,1691.9,57020
2021-06-21 09:21:15,1691.3,57053
2021-06-21 09:21:17,1691.25,57112
2021-06-21 09:21:17,1691.2,57116
2021-06-21 09:21:18,1690.75,57189
2021-06-21 09:21:19,1691.6,60256
2021-06-21 09:21:21,1691.55,60438
2021-06-21 09:21:22,1691.35,60508
2021-06-21 09:21:23,1690.95,60603
2021-06-21 09:21:24,1691.4,60936
2021-06-21 09:21:25,1691.4,60967
2021-06-21 09:21:26,1691.3,61063
2021-06-21 09:21:27,1691.3,61063
2021-06-21 09:21:28,1691.25,61190
2021-06-21 09:21:30,1692.25,61198
2021-06-21 09:21:31,1691.15,61238
2021-06-21 09:21:32,1691.9,61312
2021-06-21 09:21:33,1691.9,61358
2021-06-21 09:21:34,1691.2,61643
2021-06-21 09:21:35,1691.2,61686
2021-06-21 09:21:36,1691.75,61865
2021-06-21 09:21:37,1691.45,61872
2021-06-21 09:21:38,1691.35,61887
2021-06-21 09:21:39,1691.6,61902
2021-06-21 09:21:39,1691.6,61902
2021-06-21 09:21:40,1691.6,61929
2021-06-21 09:21:41,1692.3,62004
2021-06-21 09:21:42,1691.55,62225
2021-06-21 09:21:43,1691.5,62256
2021-06-21 09:21:44,1691.75,62280
2021-06-21 09:21:46,1692.85,62302
2021-06-21 09:21:46,1691.75,62309
2021-06-21 09:21:47,1692.75,62342
2021-06-21 09:21:48,1691.6,62349
2021-06-21 09:21:50,1691.6,62349
2021-06-21 09:21:51,1693.1,62609
2021-06-21 09:21:52,1693.1,62609
2021-06-21 09:21:53,1692.05,62689
2021-06-21 09:21:53,1692.05,62689
2021-06-21 09:21:55,1693.05,62698
2021-06-21 09:21:56,1692.45,62746
2021-06-21 09:21:57,1693.2,62759
2021-06-21 09:21:58,1693.45,62761
2021-06-21 09:21:59,1693.0,62771
2021-06-21 09:22:00,1693.3,62934
2021-06-21 09:22:01,1692.8,62991
2021-06-21 09:22:02,1693.3,63110
2021-06-21 09:22:03,1693.95,63192
2021-06-21 09:22:04,1693.05,63226
2021-06-21 09:22:05,1692.65,63240
2021-06-21 09:22:06,1692.65,63240
2021-06-21 09:22:07,1693.7,63268
2021-06-21 09:22:08,1693.7,63269
2021-06-21 09:22:08,1693.7,63269
2021-06-21 09:22:10,1692.55,63354
2021-06-21 09:22:11,1692.55,63354
2021-06-21 09:22:11,1692.75,63356
2021-06-21 09:22:12,1692.75,63433
2021-06-21 09:22:14,1694.8,64016
2021-06-21 09:22:15,1694.8,64020
2021-06-21 09:22:16,1694.8,64020
2021-06-21 09:22:17,1694.4,64353
2021-06-21 09:22:17,1694.4,64353
2021-06-21 09:22:19,1694.25,64365
2021-06-21 09:22:20,1694.25,64365
2021-06-21 09:22:21,1693.8,64388
2021-06-21 09:22:22,1694.1,64393
2021-06-21 09:22:23,1694.1,64393
2021-06-21 09:22:24,1693.8,64421
2021-06-21 09:22:25,1693.8,64421
2021-06-21 09:22:26,1693.75,64526
2021-06-21 09:22:27,1694.1,64533
2021-06-21 09:22:28,1694.1,64536
2021-06-21 09:22:29,1694.1,64536
2021-06-21 09:22:30,1693.75,64646
2021-06-21 09:22:31,1694.1,64651
2021-06-21 09:22:32,1693.8,64701
2021-06-21 09:22:33,1693.8,64701
2021-06-21 09:22:33,1694.0,64750
2021-06-21 09:22:34,1693.75,64779
2021-06-21 09:22:35,1694.6,64812
2021-06-21 09:22:36,1694.8,64815
2021-06-21 09:22:37,1694.8,64822
2021-06-21 09:22:39,1695.05,64829
2021-06-21 09:22:40,1695.05,64832
2021-06-21 09:22:41,1695.05,64832
2021-06-21 09:22:42,1695.0,64833
2021-06-21 09:22:43,1695.0,64834
2021-06-21 09:22:44,1694.6,64848
2021-06-21 09:22:45,1694.65,64859
2021-06-21 09:22:46,1694.65,64872
2021-06-21 09:22:47,1694.2,64899
2021-06-21 09:22:48,1694.5,64904
2021-06-21 09:22:49,1694.2,64917
2021-06-21 09:22:50,1694.2,64924
2021-06-21 09:22:52,1693.05,64950
2021-06-21 09:22:54,1693.6,65012
2021-06-21 09:22:55,1692.65,65032
2021-06-21 09:22:56,1692.65,65032
2021-06-21 09:22:56,1692.65,65032
2021-06-21 09:22:57,1692.65,65032
2021-06-21 09:22:58,1693.6,65036
2021-06-21 09:22:59,1692.75,65043
2021-06-21 09:23:00,1692.75,65043
2021-06-21 09:23:01,1693.25,65117
2021-06-21 09:23:03,1693.25,65139
2021-06-21 09:23:04,1693.05,65160
2021-06-21 09:23:05,1693.05,65160
2021-06-21 09:23:06,1693.05,65167
2021-06-21 09:23:07,1693.05,65167
2021-06-21 09:23:08,1694.0,65217
2021-06-21 09:23:09,1693.35,65220
2021-06-21 09:23:10,1693.15,65240
2021-06-21 09:23:10,1693.0,65290
2021-06-21 09:23:12,1692.7,65302
2021-06-21 09:23:13,1692.75,65397
2021-06-21 09:23:15,1692.75,65397
2021-06-21 09:23:16,1692.9,65467
2021-06-21 09:23:17,1692.9,65467
2021-06-21 09:23:18,1692.9,65467
2021-06-21 09:23:18,1692.9,65467
2021-06-21 09:23:19,1692.8,65914
2021-06-21 09:23:20,1692.75,65941
2021-06-21 09:23:21,1692.7,66712
2021-06-21 09:23:22,1692.75,67321
2021-06-21 09:23:23,1693.55,67481
2021-06-21 09:23:24,1693.5,67613
2021-06-21 09:23:25,1693.05,67683
2021-06-21 09:23:26,1693.0,67711
2021-06-21 09:23:27,1693.0,67711
2021-06-21 09:23:28,1693.0,67734
2021-06-21 09:23:30,1694.2,68291
2021-06-21 09:23:31,1693.9,68391
2021-06-21 09:23:32,1693.9,68391
2021-06-21 09:23:33,1693.9,68391
2021-06-21 09:23:34,1695.0,68491
2021-06-21 09:23:35,1695.0,68491
2021-06-21 09:23:36,1694.55,68492
2021-06-21 09:23:37,1694.55,68492
2021-06-21 09:23:38,1695.95,68502
2021-06-21 09:23:39,1695.95,68502
2021-06-21 09:23:40,1695.2,68780
2021-06-21 09:23:41,1695.8,68805
2021-06-21 09:23:41,1695.8,68805
2021-06-21 09:23:43,1697.25,68930
2021-06-21 09:23:43,1697.4,68946
2021-06-21 09:23:44,1697.05,68981
2021-06-21 09:23:46,1698.15,69081
2021-06-21 09:23:47,1698.15,69081
2021-06-21 09:23:48,1697.05,69082
2021-06-21 09:23:49,1697.9,69107
2021-06-21 09:23:50,1696.8,69109
2021-06-21 09:23:51,1696.8,69109
2021-06-21 09:23:52,1696.8,69109
2021-06-21 09:23:53,1697.2,69114
2021-06-21 09:23:54,1697.2,69114
2021-06-21 09:23:57,1698.35,69371
2021-06-21 09:23:59,1698.35,69396
2021-06-21 09:23:59,1698.35,69396
2021-06-21 09:24:00,1698.35,69396
2021-06-21 09:24:01,1698.0,69398
2021-06-21 09:24:03,1698.15,69401
2021-06-21 09:24:04,1697.5,69428
2021-06-21 09:24:05,1697.5,69428
2021-06-21 09:24:06,1697.5,69438
2021-06-21 09:24:07,1697.5,69438
2021-06-21 09:24:08,1697.5,69438
2021-06-21 09:24:09,1697.0,69445
2021-06-21 09:24:10,1697.0,69445
2021-06-21 09:24:11,1697.05,69501
2021-06-21 09:24:12,1697.05,69501
2021-06-21 09:24:13,1697.05,69501
2021-06-21 09:24:14,1697.95,69601
2021-06-21 09:24:15,1697.15,69608
2021-06-21 09:24:16,1697.15,69608
2021-06-21 09:24:17,1697.0,69668
2021-06-21 09:24:18,1696.75,69715
2021-06-21 09:24:19,1696.75,69715
2021-06-21 09:24:20,1696.75,69715
2021-06-21 09:24:21,1696.75,69715
2021-06-21 09:24:22,1696.75,69715
2021-06-21 09:24:23,1696.75,69715
2021-06-21 09:24:24,1697.5,69788
2021-06-21 09:24:25,1697.5,69788
2021-06-21 09:24:26,1697.5,69798
2021-06-21 09:24:27,1697.5,69798
2021-06-21 09:24:28,1697.1,69852
2021-06-21 09:24:29,1696.7,69890
2021-06-21 09:24:31,1696.7,69910
2021-06-21 09:24:31,1696.7,69910
2021-06-21 09:24:33,1696.95,69913
2021-06-21 09:24:34,1696.95,69913
2021-06-21 09:24:35,1696.95,69927
2021-06-21 09:24:35,1696.95,69927
2021-06-21 09:24:37,1696.95,70479
2021-06-21 09:24:38,1696.65,70545
2021-06-21 09:24:39,1696.65,70545
2021-06-21 09:24:40,1697.3,70547
2021-06-21 09:24:41,1697.3,70547
2021-06-21 09:24:42,1696.7,70552
2021-06-21 09:24:43,1697.45,70589
2021-06-21 09:24:44,1696.95,70618
2021-06-21 09:24:45,1696.95,70618
2021-06-21 09:24:46,1696.2,70797
2021-06-21 09:24:47,1696.2,70827
2021-06-21 09:24:48,1697.05,70837
2021-06-21 09:24:48,1697.05,70837
2021-06-21 09:24:50,1696.8,71003
2021-06-21 09:24:51,1696.75,71010
2021-06-21 09:24:52,1697.55,71018
2021-06-21 09:24:53,1697.55,71020
2021-06-21 09:24:55,1697.4,71271
2021-06-21 09:24:56,1697.4,71271
2021-06-21 09:24:56,1697.4,71271
2021-06-21 09:24:57,1697.25,71334
2021-06-21 09:24:58,1696.8,71344
2021-06-21 09:24:59,1697.65,71367
2021-06-21 09:25:00,1697.4,71372
2021-06-21 09:25:01,1697.7,71374
2021-06-21 09:25:03,1697.7,71396
2021-06-21 09:25:05,1698.0,71454
2021-06-21 09:25:06,1697.85,71455
2021-06-21 09:25:07,1697.85,71455
2021-06-21 09:25:08,1697.85,71455
2021-06-21 09:25:09,1697.2,71473
2021-06-21 09:25:10,1697.0,71475
2021-06-21 09:25:11,1698.1,71480
2021-06-21 09:25:12,1698.1,71481
2021-06-21 09:25:13,1698.1,71481
2021-06-21 09:25:14,1698.1,71481
2021-06-21 09:25:15,1696.8,71502
2021-06-21 09:25:16,1696.75,71524
2021-06-21 09:25:17,1696.15,71581
2021-06-21 09:25:18,1696.15,71581
2021-06-21 09:25:18,1696.15,71581
2021-06-21 09:25:20,1696.5,71738
2021-06-21 09:25:21,1697.0,71740
2021-06-21 09:25:22,1696.95,71742
2021-06-21 09:25:24,1696.85,71747
2021-06-21 09:25:25,1696.8,71748
2021-06-21 09:25:26,1696.8,71759
2021-06-21 09:25:26,1696.8,71759
2021-06-21 09:25:28,1696.8,71759
2021-06-21 09:25:29,1697.05,71781
2021-06-21 09:25:30,1697.05,71781
2021-06-21 09:25:31,1697.05,71784
2021-06-21 09:25:32,1697.05,71784
2021-06-21 09:25:33,1697.05,71784
2021-06-21 09:25:34,1697.05,71784
2021-06-21 09:25:35,1697.05,71784
2021-06-21 09:25:36,1696.9,71830
2021-06-21 09:25:37,1696.95,71833
2021-06-21 09:25:38,1697.8,71834
2021-06-21 09:25:39,1697.8,71839
2021-06-21 09:25:40,1697.45,71903
2021-06-21 09:25:41,1697.45,71903
2021-06-21 09:25:42,1697.85,71912
2021-06-21 09:25:42,1697.85,71912
2021-06-21 09:25:44,1697.85,71928
2021-06-21 09:25:48,1697.85,72199
2021-06-21 09:25:49,1697.9,72211
2021-06-21 09:25:50,1698.0,72443
2021-06-21 09:25:51,1698.4,72448
2021-06-21 09:25:53,1697.85,72467
2021-06-21 09:25:54,1697.7,72468
2021-06-21 09:25:54,1697.7,72468
2021-06-21 09:25:56,1697.7,72468
2021-06-21 09:25:57,1697.7,72468
2021-06-21 09:25:58,1698.25,72469
2021-06-21 09:25:59,1698.25,72469
2021-06-21 09:26:00,1698.25,72469
2021-06-21 09:26:01,1698.25,72470
2021-06-21 09:26:02,1698.35,72480
2021-06-21 09:26:03,1698.35,72480
2021-06-21 09:26:04,1698.35,72481
2021-06-21 09:26:05,1698.4,72483
2021-06-21 09:26:06,1698.4,72486
2021-06-21 09:26:07,1697.4,72803
2021-06-21 09:26:08,1697.4,72803
2021-06-21 09:26:09,1697.05,72831
2021-06-21 09:26:10,1697.05,72831
2021-06-21 09:26:11,1697.05,72831
2021-06-21 09:26:12,1697.05,72831
2021-06-21 09:26:13,1697.05,72831
2021-06-21 09:26:14,1697.05,72831
2021-06-21 09:26:15,1697.05,72952
2021-06-21 09:26:16,1696.5,72988
2021-06-21 09:26:17,1696.95,73094
2021-06-21 09:26:18,1697.45,73204
2021-06-21 09:26:20,1697.05,73209
2021-06-21 09:26:19,1697.5,73205
2021-06-21 09:26:21,1697.05,73209
2021-06-21 09:26:22,1696.75,73217
2021-06-21 09:26:23,1696.7,73223
2021-06-21 09:26:24,1697.05,73255
2021-06-21 09:26:25,1698.25,73280
2021-06-21 09:26:26,1698.25,73280
2021-06-21 09:26:27,1697.1,73281
2021-06-21 09:26:28,1697.1,73281
2021-06-21 09:26:29,1696.9,73381
2021-06-21 09:26:30,1696.9,73381
2021-06-21 09:26:31,1696.85,73418
2021-06-21 09:26:32,1696.95,73420
2021-06-21 09:26:33,1696.95,73420
2021-06-21 09:26:34,1696.95,73420
2021-06-21 09:26:35,1697.15,73422
2021-06-21 09:26:36,1698.05,73427
2021-06-21 09:26:37,1698.05,73427
2021-06-21 09:26:38,1698.05,73427
2021-06-21 09:26:39,1698.05,73427
2021-06-21 09:26:40,1697.9,73431
2021-06-21 09:26:42,1698.05,73486
2021-06-21 09:26:43,1697.35,73586
2021-06-21 09:26:44,1697.25,73599
2021-06-21 09:26:45,1696.95,73606
2021-06-21 09:26:46,1696.95,73607
2021-06-21 09:26:47,1696.95,73607
2021-06-21 09:26:48,1696.5,73614
2021-06-21 09:26:49,1696.5,73614
2021-06-21 09:26:51,1697.25,73627
2021-06-21 09:26:52,1697.25,73627
2021-06-21 09:26:54,1697.25,73627
2021-06-21 09:26:55,1697.25,73627
2021-06-21 09:26:56,1697.25,73627
2021-06-21 09:26:57,1697.25,73627
2021-06-21 09:26:58,1696.6,73628
2021-06-21 09:26:59,1696.6,73631
2021-06-21 09:27:00,1696.95,73636
2021-06-21 09:27:01,1696.95,73636
2021-06-21 09:27:02,1696.8,73637
2021-06-21 09:27:03,1696.8,73637
2021-06-21 09:27:04,1696.1,75017
2021-06-21 09:27:05,1696.6,75082
2021-06-21 09:27:06,1696.0,75101
2021-06-21 09:27:07,1696.4,75191
2021-06-21 09:27:08,1695.85,75464
2021-06-21 09:27:09,1696.4,75465
2021-06-21 09:27:10,1695.7,75508
2021-06-21 09:27:11,1695.2,75534
2021-06-21 09:27:12,1695.2,75534
2021-06-21 09:27:13,1695.2,75564
2021-06-21 09:27:14,1696.15,75565
2021-06-21 09:27:15,1696.15,75571
2021-06-21 09:27:16,1696.15,75571
2021-06-21 09:27:17,1695.2,75579
2021-06-21 09:27:18,1695.9,75667
2021-06-21 09:27:19,1696.0,75668
2021-06-21 09:27:20,1696.0,75668
2021-06-21 09:27:21,1695.85,75682
2021-06-21 09:27:22,1696.05,75702
2021-06-21 09:27:23,1696.05,75702
2021-06-21 09:27:24,1697.0,75712
2021-06-21 09:27:27,1697.0,75713
2021-06-21 09:27:28,1697.0,75714
2021-06-21 09:27:29,1696.85,75716
2021-06-21 09:27:30,1696.4,75745
2021-06-21 09:27:31,1695.8,76053
2021-06-21 09:27:32,1698.65,77366
2021-06-21 09:27:33,1699.25,77459
2021-06-21 09:27:34,1699.1,77550
2021-06-21 09:27:35,1699.1,77656
2021-06-21 09:27:36,1700.0,77993
2021-06-21 09:27:37,1699.55,78012
2021-06-21 09:27:38,1700.1,78087
2021-06-21 09:27:39,1700.65,78223
2021-06-21 09:27:40,1699.85,78376
2021-06-21 09:27:41,1700.65,78450
2021-06-21 09:27:42,1700.75,79055
2021-06-21 09:27:43,1699.0,79097
2021-06-21 09:27:44,1698.45,79269
2021-06-21 09:27:45,1698.55,79747
2021-06-21 09:27:46,1698.6,79785
2021-06-21 09:27:49,1698.45,80009
2021-06-21 09:27:50,1698.45,80009
2021-06-21 09:27:51,1700.45,80109
2021-06-21 09:27:52,1700.25,80110
2021-06-21 09:27:53,1698.5,80611
2021-06-21 09:27:54,1698.7,80660
2021-06-21 09:27:55,1698.7,80681
2021-06-21 09:27:56,1698.65,80683
2021-06-21 09:27:57,1698.5,80765
2021-06-21 09:27:58,1699.75,80790
2021-06-21 09:27:59,1699.75,80790
2021-06-21 09:28:00,1699.85,80795
2021-06-21 09:28:01,1699.85,80795
2021-06-21 09:28:02,1697.85,81326
2021-06-21 09:28:03,1698.15,81336
2021-06-21 09:28:04,1698.15,81353
2021-06-21 09:28:05,1698.15,81353
2021-06-21 09:28:06,1698.0,81354
2021-06-21 09:28:07,1698.0,81354
2021-06-21 09:28:08,1697.5,81412
2021-06-21 09:28:09,1697.75,81427
2021-06-21 09:28:10,1697.5,81510
2021-06-21 09:28:11,1697.5,81510
2021-06-21 09:28:12,1696.0,81596
2021-06-21 09:28:13,1696.0,81596
2021-06-21 09:28:14,1696.3,81615
2021-06-21 09:28:15,1696.85,81639
2021-06-21 09:28:17,1696.7,81666
2021-06-21 09:28:18,1696.85,81734
2021-06-21 09:28:19,1697.75,81737
2021-06-21 09:28:20,1697.75,81767
2021-06-21 09:28:21,1698.5,81768
2021-06-21 09:28:22,1698.6,82013
2021-06-21 09:28:23,1698.6,82040
2021-06-21 09:28:24,1698.8,82042
2021-06-21 09:28:25,1698.8,82042
2021-06-21 09:28:26,1697.8,82069
2021-06-21 09:28:27,1698.75,82071
2021-06-21 09:28:28,1698.4,82091
2021-06-21 09:28:29,1698.45,82136
2021-06-21 09:28:30,1698.45,82136
2021-06-21 09:28:31,1698.45,82157
2021-06-21 09:28:32,1698.45,82168
2021-06-21 09:28:33,1698.45,82170
2021-06-21 09:28:34,1698.7,82180
2021-06-21 09:28:35,1698.7,82189
2021-06-21 09:28:36,1697.6,82208
2021-06-21 09:28:37,1697.6,82216
2021-06-21 09:28:39,1697.3,82236
2021-06-21 09:28:40,1697.3,82236
2021-06-21 09:28:41,1697.3,82236
2021-06-21 09:28:42,1697.7,82254
2021-06-21 09:28:43,1697.3,82261
2021-06-21 09:28:44,1697.3,82261
2021-06-21 09:28:45,1697.3,82261
2021-06-21 09:28:46,1697.3,82270
2021-06-21 09:28:47,1697.3,82270
2021-06-21 09:28:48,1696.6,82300
2021-06-21 09:28:49,1697.25,82301
2021-06-21 09:28:50,1697.15,82306
2021-06-21 09:28:51,1697.2,82444
2021-06-21 09:28:52,1697.2,82444
2021-06-21 09:28:53,1697.35,82450
2021-06-21 09:28:54,1698.15,82452
2021-06-21 09:28:55,1698.15,82457
2021-06-21 09:28:56,1698.15,82458
2021-06-21 09:28:57,1698.15,82458
2021-06-21 09:28:58,1697.75,82459
2021-06-21 09:28:59,1698.3,82469
2021-06-21 09:29:00,1699.0,82565
2021-06-21 09:29:01,1699.0,82574
2021-06-21 09:29:02,1699.85,82824
2021-06-21 09:29:03,1699.05,82826
2021-06-21 09:29:05,1699.7,82863
2021-06-21 09:29:05,1699.1,82870
2021-06-21 09:29:06,1699.7,82904
2021-06-21 09:29:07,1699.0,82927
2021-06-21 09:29:08,1699.0,82927
2021-06-21 09:29:09,1699.0,82935
2021-06-21 09:29:11,1699.8,82946
2021-06-21 09:29:12,1699.85,82959
2021-06-21 09:29:13,1699.95,82960
2021-06-21 09:29:14,1699.95,82960
2021-06-21 09:29:15,1699.95,82960
2021-06-21 09:29:16,1699.8,82968
2021-06-21 09:29:18,1699.6,82975
2021-06-21 09:29:19,1699.6,82975
2021-06-21 09:29:20,1698.6,83033
2021-06-21 09:29:22,1697.45,83206
2021-06-21 09:29:23,1697.45,83214
2021-06-21 09:29:23,1697.45,83214
2021-06-21 09:29:24,1698.3,83224
2021-06-21 09:29:25,1698.45,83582
2021-06-21 09:29:27,1697.25,83604
2021-06-21 09:29:27,1697.25,83604
2021-06-21 09:29:28,1698.9,83656
2021-06-21 09:29:29,1697.6,83678
2021-06-21 09:29:30,1697.6,83678
2021-06-21 09:29:31,1698.95,83686
2021-06-21 09:29:32,1698.4,83696
2021-06-21 09:29:33,1698.5,83711
2021-06-21 09:29:34,1699.35,83721
2021-06-21 09:29:35,1698.4,83782
2021-06-21 09:29:36,1697.65,83932
2021-06-21 09:29:37,1698.2,83989
2021-06-21 09:29:39,1698.2,83992
2021-06-21 09:29:40,1699.15,84002
2021-06-21 09:29:41,1699.1,84004
2021-06-21 09:29:41,1699.1,84004
2021-06-21 09:29:42,1699.1,84004
2021-06-21 09:29:43,1699.55,84015
2021-06-21 09:29:45,1699.55,84015
2021-06-21 09:29:46,1699.7,84025
2021-06-21 09:29:47,1699.65,84046
2021-06-21 09:29:49,1698.35,84081
2021-06-21 09:29:50,1698.35,84081
2021-06-21 09:29:51,1699.2,84084
2021-06-21 09:29:52,1698.4,84090
2021-06-21 09:29:53,1698.4,84090
2021-06-21 09:29:54,1698.45,84093
2021-06-21 09:29:55,1698.45,84093
2021-06-21 09:29:56,1699.2,84100
2021-06-21 09:29:57,1699.2,84100
2021-06-21 09:29:58,1699.2,84100
2021-06-21 09:29:59,1699.05,84103
2021-06-21 09:30:00,1699.05,84103
2021-06-21 09:30:01,1698.4,84109
2021-06-21 09:30:02,1698.9,84111
2021-06-21 09:30:03,1698.9,84191
2021-06-21 09:30:04,1698.9,84191
2021-06-21 09:30:05,1698.9,84199
2021-06-21 09:30:07,1699.2,84203
2021-06-21 09:30:09,1698.45,84213
2021-06-21 09:30:09,1698.85,84353
2021-06-21 09:30:10,1698.4,84394
2021-06-21 09:30:11,1698.4,84394
2021-06-21 09:30:12,1699.2,84395
2021-06-21 09:30:13,1699.2,84429
2021-06-21 09:30:14,1699.2,84432
2021-06-21 09:30:15,1698.6,84449
2021-06-21 09:30:17,1699.2,84450
2021-06-21 09:30:17,1699.2,84451
2021-06-21 09:30:18,1699.2,84451
2021-06-21 09:30:20,1700.85,85525
2021-06-21 09:30:21,1701.3,85633
2021-06-21 09:30:22,1700.8,85673
2021-06-21 09:30:23,1700.55,85768
2021-06-21 09:30:24,1700.55,85815
2021-06-21 09:30:24,1700.25,85894
2021-06-21 09:30:25,1700.25,85894
2021-06-21 09:30:28,1698.05,85985
2021-06-21 09:30:29,1698.05,85985
2021-06-21 09:30:30,1698.7,86121
2021-06-21 09:30:31,1698.3,86129
2021-06-21 09:30:32,1698.3,86129
2021-06-21 09:30:32,1698.3,86134
2021-06-21 09:30:33,1698.15,86140
2021-06-21 09:30:35,1697.95,86142
2021-06-21 09:30:37,1697.95,86142
2021-06-21 09:30:38,1697.8,86143
2021-06-21 09:30:39,1698.05,86261
2021-06-21 09:30:41,1698.7,86317
2021-06-21 09:30:44,1698.3,86523
2021-06-21 09:30:45,1698.7,86557
2021-06-21 09:30:46,1698.7,86565
2021-06-21 09:30:47,1698.7,86565
2021-06-21 09:30:48,1698.35,86571
2021-06-21 09:30:49,1698.35,86573
2021-06-21 09:30:49,1698.35,86573
2021-06-21 09:30:50,1698.35,86573
2021-06-21 09:30:51,1698.35,86573
2021-06-21 09:30:52,1698.2,86574
2021-06-21 09:30:53,1698.2,86574
2021-06-21 09:30:54,1698.05,86584
2021-06-21 09:30:56,1698.05,86601
2021-06-21 09:30:57,1699.15,86628
2021-06-21 09:30:58,1699.1,87263
2021-06-21 09:30:59,1698.6,87289
2021-06-21 09:31:00,1698.85,87429
2021-06-21 09:31:01,1699.2,87432
2021-06-21 09:31:02,1699.15,87433
2021-06-21 09:31:03,1699.15,87433
2021-06-21 09:31:04,1699.0,87440
2021-06-21 09:31:05,1698.95,87544
2021-06-21 09:31:07,1697.45,87986
2021-06-21 09:31:08,1698.4,88203
2021-06-21 09:31:08,1698.4,88203
2021-06-21 09:31:09,1698.4,88203
2021-06-21 09:31:10,1698.25,88224
2021-06-21 09:31:11,1698.25,88235
2021-06-21 09:31:12,1698.25,88235
2021-06-21 09:31:13,1698.25,88235
2021-06-21 09:31:14,1697.55,88243
2021-06-21 09:31:15,1697.1,88278
2021-06-21 09:31:16,1697.1,88278
2021-06-21 09:31:17,1697.1,88278
2021-06-21 09:31:19,1698.6,88286
2021-06-21 09:31:19,1698.6,88286
2021-06-21 09:31:20,1698.6,88286
2021-06-21 09:31:21,1697.5,88352
2021-06-21 09:31:22,1697.5,88352
2021-06-21 09:31:24,1698.25,88353
2021-06-21 09:31:24,1698.25,88353
2021-06-21 09:31:26,1698.25,88356
2021-06-21 09:31:27,1698.65,88455
2021-06-21 09:31:27,1697.55,88469
2021-06-21 09:31:28,1697.35,88478
2021-06-21 09:31:29,1697.2,88494
2021-06-21 09:31:30,1697.15,88574
2021-06-21 09:31:31,1697.15,88595
2021-06-21 09:31:32,1697.15,88605
2021-06-21 09:31:33,1697.95,88606
2021-06-21 09:31:34,1697.1,88610
2021-06-21 09:31:35,1697.1,88610
2021-06-21 09:31:36,1697.95,88611
2021-06-21 09:31:37,1698.05,88642
2021-06-21 09:31:38,1697.4,88762
2021-06-21 09:31:39,1697.4,88762
2021-06-21 09:31:40,1698.15,88775
2021-06-21 09:31:41,1698.15,88801
2021-06-21 09:31:42,1699.2,88836
2021-06-21 09:31:43,1699.8,88837
2021-06-21 09:31:44,1699.75,88839
2021-06-21 09:31:45,1699.8,88841
2021-06-21 09:31:46,1699.8,88843
2021-06-21 09:31:48,1699.8,88849
2021-06-21 09:31:49,1699.1,88856
2021-06-21 09:31:50,1699.1,88856
2021-06-21 09:31:51,1699.1,88856
2021-06-21 09:31:52,1699.1,88856
2021-06-21 09:31:53,1699.1,88856
2021-06-21 09:31:53,1699.1,88856
2021-06-21 09:31:54,1698.95,88912
2021-06-21 09:31:55,1698.95,88913
2021-06-21 09:31:56,1699.05,88918
2021-06-21 09:31:57,1698.5,88919
2021-06-21 09:31:58,1699.6,88922
2021-06-21 09:31:59,1699.6,88922
2021-06-21 09:32:00,1699.0,88931
2021-06-21 09:32:01,1698.3,88945
2021-06-21 09:32:03,1698.3,88945
2021-06-21 09:32:04,1699.25,88947
2021-06-21 09:32:06,1699.25,88947
2021-06-21 09:32:08,1699.3,88948
2021-06-21 09:32:09,1699.3,88948
2021-06-21 09:32:10,1699.3,88948
2021-06-21 09:32:11,1699.3,88948
2021-06-21 09:32:12,1699.3,88948
2021-06-21 09:32:12,1699.35,88949
2021-06-21 09:32:13,1699.35,88958
2021-06-21 09:32:14,1699.5,89504
2021-06-21 09:32:15,1700.0,89517
2021-06-21 09:32:16,1699.85,89547
2021-06-21 09:32:17,1699.85,89548
2021-06-21 09:32:18,1699.85,89555
2021-06-21 09:32:19,1700.6,89557
2021-06-21 09:32:20,1700.45,89561
2021-06-21 09:32:22,1700.55,89618
2021-06-21 09:32:24,1700.75,89698
2021-06-21 09:32:27,1700.65,89701
2021-06-21 09:32:28,1700.5,89702
2021-06-21 09:32:29,1700.65,89704
2021-06-21 09:32:30,1700.65,89705
2021-06-21 09:32:31,1700.85,89741
2021-06-21 09:32:32,1700.85,89741
2021-06-21 09:32:33,1700.8,89798
2021-06-21 09:32:34,1700.65,89898
2021-06-21 09:32:35,1701.4,89901
2021-06-21 09:32:36,1700.7,89980
2021-06-21 09:32:36,1700.7,89980
2021-06-21 09:32:37,1701.45,89982
2021-06-21 09:32:39,1700.2,90010
2021-06-21 09:32:40,1700.2,90010
2021-06-21 09:32:41,1701.35,90015
2021-06-21 09:32:42,1701.35,90015
2021-06-21 09:32:43,1701.35,90015
2021-06-21 09:32:44,1700.3,90023
2021-06-21 09:32:45,1700.3,90023
2021-06-21 09:32:46,1700.3,90034
2021-06-21 09:32:47,1700.3,90034
2021-06-21 09:32:48,1701.1,90042
2021-06-21 09:32:50,1700.7,90052
2021-06-21 09:32:51,1700.7,90052
2021-06-21 09:32:52,1700.7,90052
2021-06-21 09:32:53,1700.3,90054
2021-06-21 09:32:54,1700.7,90055
2021-06-21 09:32:56,1700.55,90057
2021-06-21 09:32:57,1700.7,90064
2021-06-21 09:32:58,1700.7,90064
2021-06-21 09:32:59,1701.0,90164
2021-06-21 09:33:00,1701.35,90165
2021-06-21 09:33:02,1701.35,90165
2021-06-21 09:33:03,1701.0,90240
2021-06-21 09:33:06,1701.0,90240
2021-06-21 09:33:07,1701.0,90266
2021-06-21 09:33:08,1701.0,90266
2021-06-21 09:33:09,1701.0,90277
2021-06-21 09:33:10,1701.6,90293
2021-06-21 09:33:11,1701.6,90293
2021-06-21 09:33:12,1701.45,90294
2021-06-21 09:33:13,1701.05,90298
2021-06-21 09:33:14,1701.0,90307
2021-06-21 09:33:15,1701.6,90530
2021-06-21 09:33:16,1701.6,90530
2021-06-21 09:33:17,1701.25,90585
2021-06-21 09:33:18,1701.25,90585
2021-06-21 09:33:19,1701.3,90598
2021-06-21 09:33:20,1701.0,91007
2021-06-21 09:33:21,1701.75,91299
2021-06-21 09:33:22,1701.75,91299
2021-06-21 09:33:23,1701.25,91336
2021-06-21 09:33:24,1702.35,91657
2021-06-21 09:33:25,1701.4,91678
2021-06-21 09:33:26,1701.95,91681
2021-06-21 09:33:27,1702.6,91683
2021-06-21 09:33:28,1702.6,91686
2021-06-21 09:33:29,1703.0,91687
2021-06-21 09:33:31,1702.2,91728
2021-06-21 09:33:32,1702.1,91740
2021-06-21 09:33:33,1702.05,91808
2021-06-21 09:33:34,1703.0,91909
2021-06-21 09:33:35,1702.6,91946
2021-06-21 09:33:36,1702.85,91952
2021-06-21 09:33:38,1702.85,91962
2021-06-21 09:33:39,1702.85,92033
2021-06-21 09:33:40,1702.85,92033
2021-06-21 09:33:41,1702.85,92033
2021-06-21 09:33:42,1702.85,92037
2021-06-21 09:33:43,1702.85,92037
2021-06-21 09:33:44,1702.85,92037
2021-06-21 09:33:45,1702.85,92037
2021-06-21 09:33:46,1702.6,92074
2021-06-21 09:33:47,1702.6,92138
2021-06-21 09:33:49,1702.9,92238
2021-06-21 09:33:50,1702.9,92241
2021-06-21 09:33:51,1702.9,92241
2021-06-21 09:33:52,1702.75,92248
2021-06-21 09:33:53,1702.75,92248
2021-06-21 09:33:54,1702.75,92248
2021-06-21 09:33:55,1702.6,92249
2021-06-21 09:33:56,1702.6,92249
2021-06-21 09:33:57,1702.6,92249
2021-06-21 09:33:58,1701.8,92256
2021-06-21 09:33:59,1702.8,92309
2021-06-21 09:34:00,1702.8,92309
2021-06-21 09:34:01,1702.8,92309
2021-06-21 09:34:02,1702.8,92310
2021-06-21 09:34:03,1701.9,92313
2021-06-21 09:34:04,1701.9,92313
2021-06-21 09:34:05,1702.8,92329
2021-06-21 09:34:05,1702.8,92329
2021-06-21 09:34:06,1702.8,92329
2021-06-21 09:34:07,1701.9,92332
2021-06-21 09:34:08,1701.9,92332
2021-06-21 09:34:09,1702.8,92333
2021-06-21 09:34:11,1702.8,92335
2021-06-21 09:34:12,1702.8,92339
2021-06-21 09:34:13,1702.8,92340
2021-06-21 09:34:14,1702.8,92341
2021-06-21 09:34:15,1702.8,92341
2021-06-21 09:34:16,1702.8,92352
2021-06-21 09:34:17,1702.8,92353
2021-06-21 09:34:17,1702.8,92353
2021-06-21 09:34:18,1702.8,92353
2021-06-21 09:34:19,1702.8,92356
2021-06-21 09:34:20,1702.8,92356
2021-06-21 09:34:21,1702.8,92356
2021-06-21 09:34:23,1701.55,92506
2021-06-21 09:34:24,1701.8,92526
2021-06-21 09:34:24,1701.8,92526
2021-06-21 09:34:25,1701.0,92578
2021-06-21 09:34:27,1701.75,92598
2021-06-21 09:34:28,1701.9,92673
2021-06-21 09:34:29,1701.9,92676
2021-06-21 09:34:30,1701.85,92682
2021-06-21 09:34:31,1701.85,92682
2021-06-21 09:34:32,1701.85,92682
2021-06-21 09:34:33,1701.7,92683
2021-06-21 09:34:34,1701.7,92688
2021-06-21 09:34:35,1701.7,92691
2021-06-21 09:34:36,1701.7,92691
2021-06-21 09:34:36,1701.7,92691
2021-06-21 09:34:37,1701.7,92692
2021-06-21 09:34:39,1701.7,92692
2021-06-21 09:34:40,1701.7,92692
2021-06-21 09:34:41,1701.7,92692
2021-06-21 09:34:42,1701.85,92700
2021-06-21 09:34:43,1701.85,92700
2021-06-21 09:34:44,1701.85,92700
2021-06-21 09:34:45,1701.85,92701
2021-06-21 09:34:46,1701.85,92705
2021-06-21 09:34:47,1701.6,92706
2021-06-21 09:34:50,1701.6,92741
2021-06-21 09:34:51,1701.6,92743
2021-06-21 09:34:52,1701.6,92743
2021-06-21 09:34:53,1701.6,92743
2021-06-21 09:34:54,1701.6,92746
2021-06-21 09:34:55,1701.6,92746
2021-06-21 09:34:57,1701.6,92756
2021-06-21 09:34:58,1701.6,92756
2021-06-21 09:34:59,1701.6,92756
2021-06-21 09:35:00,1701.6,92757
2021-06-21 09:35:02,1701.9,92857
2021-06-21 09:35:03,1701.15,92880
2021-06-21 09:35:04,1701.15,92883
2021-06-21 09:35:05,1701.0,92923
2021-06-21 09:35:06,1701.85,92925
2021-06-21 09:35:07,1701.85,92925
2021-06-21 09:35:08,1701.7,92927
2021-06-21 09:35:09,1701.0,92930
2021-06-21 09:35:10,1701.0,92930
2021-06-21 09:35:12,1701.7,92931
2021-06-21 09:35:13,1701.0,92948
2021-06-21 09:35:14,1701.7,92998
2021-06-21 09:35:15,1701.7,92998
2021-06-21 09:35:16,1701.85,92999
2021-06-21 09:35:17,1701.55,93001
2021-06-21 09:35:18,1701.85,93015
2021-06-21 09:35:19,1701.85,93015
2021-06-21 09:35:20,1701.85,93015
2021-06-21 09:35:21,1701.85,93015
2021-06-21 09:35:22,1701.0,93020
2021-06-21 09:35:23,1701.0,93020
2021-06-21 09:35:24,1701.0,93020
2021-06-21 09:35:25,1701.0,93020
2021-06-21 09:35:26,1701.0,93020
2021-06-21 09:35:27,1701.85,93071
2021-06-21 09:35:28,1701.05,93072
2021-06-21 09:35:29,1701.05,93077
2021-06-21 09:35:30,1701.05,93077
2021-06-21 09:35:32,1701.0,93086
2021-06-21 09:35:33,1701.0,93087
2021-06-21 09:35:34,1701.0,93087
2021-06-21 09:35:35,1701.0,93087
2021-06-21 09:35:36,1701.0,93087
2021-06-21 09:35:37,1701.0,93093
2021-06-21 09:35:39,1701.0,93093
2021-06-21 09:35:40,1701.0,93093
2021-06-21 09:35:40,1701.0,93093
2021-06-21 09:35:42,1701.6,93117
2021-06-21 09:35:43,1701.6,93132
2021-06-21 09:35:44,1701.6,93147
2021-06-21 09:35:45,1701.6,93147
2021-06-21 09:35:46,1701.45,93148
2021-06-21 09:35:47,1701.45,93149
2021-06-21 09:35:48,1701.55,93152
2021-06-21 09:35:49,1701.55,93152
2021-06-21 09:35:51,1701.0,93153
2021-06-21 09:35:52,1701.0,93153
2021-06-21 09:35:53,1701.0,93154
2021-06-21 09:35:54,1701.0,93154
2021-06-21 09:35:55,1701.0,93154
2021-06-21 09:35:56,1701.0,93154
2021-06-21 09:35:57,1701.0,93159
2021-06-21 09:35:58,1701.6,93189
2021-06-21 09:35:59,1701.6,93189
2021-06-21 09:36:00,1701.65,93214
2021-06-21 09:36:01,1701.5,93216
2021-06-21 09:36:02,1701.5,93216
2021-06-21 09:36:04,1701.35,93217
2021-06-21 09:36:05,1701.35,93217
2021-06-21 09:36:06,1701.1,93222
2021-06-21 09:36:07,1701.1,93274
2021-06-21 09:36:08,1701.1,93346
2021-06-21 09:36:09,1701.65,93363
2021-06-21 09:36:10,1701.1,93367
2021-06-21 09:36:11,1701.65,93370
2021-06-21 09:36:12,1701.7,93374
2021-06-21 09:36:13,1701.1,93394
2021-06-21 09:36:15,1701.1,93405
2021-06-21 09:36:16,1701.1,93409
2021-06-21 09:36:17,1701.1,93409
2021-06-21 09:36:18,1701.1,93419
2021-06-21 09:36:19,1701.1,93419
2021-06-21 09:36:20,1701.1,93420
2021-06-21 09:36:21,1701.0,93558
2021-06-21 09:36:22,1701.0,93558
2021-06-21 09:36:23,1699.4,95070
2021-06-21 09:36:24,1699.4,95070
2021-06-21 09:36:25,1700.05,95164
2021-06-21 09:36:26,1699.9,95568
2021-06-21 09:36:27,1698.85,95598
2021-06-21 09:36:28,1698.85,95672
2021-06-21 09:36:29,1699.95,95717
2021-06-21 09:36:30,1699.0,95718
2021-06-21 09:36:31,1699.0,95718
2021-06-21 09:36:32,1698.75,95822
2021-06-21 09:36:33,1699.0,95872
2021-06-21 09:36:34,1698.6,97022
2021-06-21 09:36:35,1698.6,97022
2021-06-21 09:36:36,1698.5,97138
2021-06-21 09:36:37,1697.8,97168
2021-06-21 09:36:39,1698.7,97312
2021-06-21 09:36:40,1698.7,97312
2021-06-21 09:36:42,1698.8,97557
2021-06-21 09:36:43,1698.8,97557
2021-06-21 09:36:44,1697.65,97562
2021-06-21 09:36:45,1697.65,97562
2021-06-21 09:36:46,1697.8,97591
2021-06-21 09:36:47,1697.6,97620
2021-06-21 09:36:48,1697.35,97648
2021-06-21 09:36:49,1697.8,97653
2021-06-21 09:36:50,1697.35,97679
2021-06-21 09:36:51,1698.05,97709
2021-06-21 09:36:53,1698.15,97827
2021-06-21 09:36:56,1698.45,97992
2021-06-21 09:37:02,1697.5,98291
2021-06-21 09:37:08,1697.5,98412
2021-06-21 09:37:14,1697.55,98530
2021-06-21 09:37:19,1698.0,98623
2021-06-21 09:37:25,1697.85,98628
2021-06-21 09:37:31,1698.0,98639
2021-06-21 09:37:36,1698.0,98642
2021-06-21 09:37:42,1697.2,98655
2021-06-21 09:37:48,1697.2,98658
2021-06-21 09:37:53,1697.8,98696
2021-06-21 09:37:59,1697.85,98739
2021-06-21 09:38:05,1697.85,98964
2021-06-21 09:38:11,1697.65,98995
2021-06-21 09:38:16,1699.15,99103
2021-06-21 09:38:22,1698.7,99392
2021-06-21 09:38:28,1697.5,99450
2021-06-21 09:38:34,1698.45,99476
2021-06-21 09:38:39,1698.05,99578
2021-06-21 09:38:45,1698.6,99639
2021-06-21 09:38:50,1699.75,99780
2021-06-21 09:38:55,1699.0,99800
2021-06-21 09:39:00,1699.2,99882
2021-06-21 09:39:06,1700.65,100504
2021-06-21 09:39:12,1700.7,101036
2021-06-21 09:39:17,1700.6,101479
2021-06-21 09:39:23,1701.6,101606
2021-06-21 09:39:34,1701.15,102197
2021-06-21 09:39:40,1701.85,102529
2021-06-21 09:39:46,1702.2,103188
2021-06-21 09:39:51,1702.6,104216
2021-06-21 09:39:57,1702.6,104490
2021-06-21 09:40:02,1703.2,105089
2021-06-21 09:40:08,1703.9,105264
2021-06-21 09:40:13,1704.65,105732
2021-06-21 09:40:19,1703.55,106020
2021-06-21 09:40:24,1704.5,106154
2021-06-21 09:40:30,1704.45,106411
2021-06-21 09:40:36,1703.55,106689
2021-06-21 09:40:41,1703.8,106910
2021-06-21 09:40:46,1703.5,107283
2021-06-21 09:40:51,1703.3,107405
2021-06-21 09:40:57,1702.0,107853
2021-06-21 09:41:02,1702.4,107923
2021-06-21 09:41:07,1702.3,108020
2021-06-21 09:41:13,1701.25,108381
2021-06-21 09:41:19,1701.3,108735
2021-06-21 09:41:25,1701.1,109033
2021-06-21 09:41:36,1702.05,109366
2021-06-21 09:41:42,1703.3,109793
2021-06-21 09:41:47,1703.25,110018
2021-06-21 09:41:53,1702.95,110145
2021-06-21 09:41:54,1704.0,110165
2021-06-21 09:41:55,1704.2,110381
2021-06-21 09:41:56,1703.0,110386
2021-06-21 09:41:57,1703.1,110484
2021-06-21 09:41:58,1703.0,110512
2021-06-21 09:41:59,1704.05,110538
2021-06-21 09:41:59,1704.15,110620
2021-06-21 09:42:00,1704.15,110620
2021-06-21 09:42:01,1704.5,110624
2021-06-21 09:42:02,1704.5,110629
2021-06-21 09:42:03,1703.55,110633
2021-06-21 09:42:04,1704.45,110639
2021-06-21 09:42:05,1703.75,111008
2021-06-21 09:42:07,1704.95,111166
2021-06-21 09:42:08,1704.05,111238
2021-06-21 09:42:09,1705.0,113132
2021-06-21 09:42:10,1704.15,113247
2021-06-21 09:42:11,1704.2,113271
2021-06-21 09:42:12,1705.0,113321
2021-06-21 09:42:13,1705.0,113391
2021-06-21 09:42:15,1705.0,113417
2021-06-21 09:42:15,1705.0,113417
2021-06-21 09:42:16,1705.0,113423
2021-06-21 09:42:17,1705.0,113427
2021-06-21 09:42:18,1705.0,113479
2021-06-21 09:42:19,1705.0,113480
2021-06-21 09:42:20,1705.0,113480
2021-06-21 09:42:21,1705.0,113480
2021-06-21 09:42:22,1705.0,113483
2021-06-21 09:42:23,1705.0,113483
2021-06-21 09:42:24,1705.0,113483
2021-06-21 09:42:25,1704.05,113487
2021-06-21 09:42:26,1705.0,113547
2021-06-21 09:42:27,1705.0,113547
2021-06-21 09:42:29,1705.0,113549
2021-06-21 09:42:30,1705.0,113553
2021-06-21 09:42:31,1705.0,113553
2021-06-21 09:42:32,1705.0,113556
2021-06-21 09:42:33,1704.1,113557
2021-06-21 09:42:34,1704.1,113557
2021-06-21 09:42:35,1704.9,113608
2021-06-21 09:42:36,1704.15,113683
2021-06-21 09:42:37,1704.1,114062
2021-06-21 09:42:38,1704.2,114073
2021-06-21 09:42:39,1704.2,114073
2021-06-21 09:42:40,1705.0,114092
2021-06-21 09:42:41,1704.95,114103
2021-06-21 09:42:42,1704.2,114153
2021-06-21 09:42:43,1703.65,114460
2021-06-21 09:42:44,1703.3,114508
2021-06-21 09:42:45,1703.3,114508
2021-06-21 09:42:46,1703.3,114508
2021-06-21 09:42:48,1703.5,114510
2021-06-21 09:42:49,1703.0,114511
2021-06-21 09:42:49,1703.0,114511
2021-06-21 09:42:50,1703.0,114511
2021-06-21 09:42:51,1703.0,114511
2021-06-21 09:42:52,1703.55,114536
2021-06-21 09:42:53,1703.55,114536
2021-06-21 09:42:54,1703.45,114537
2021-06-21 09:42:55,1703.45,114537
2021-06-21 09:42:57,1703.9,114651
2021-06-21 09:42:59,1703.05,114666
2021-06-21 09:43:00,1703.15,114691
2021-06-21 09:43:00,1703.15,114691
2021-06-21 09:43:02,1704.0,114697
2021-06-21 09:43:03,1703.15,114722
2021-06-21 09:43:04,1703.95,114723
2021-06-21 09:43:05,1703.15,114735
2021-06-21 09:43:06,1703.05,114790
2021-06-21 09:43:07,1703.05,114805
2021-06-21 09:43:10,1703.85,114807
2021-06-21 09:43:11,1703.9,114878
2021-06-21 09:43:11,1703.9,114878
2021-06-21 09:43:12,1703.9,114918
2021-06-21 09:43:14,1703.9,114918
2021-06-21 09:43:14,1703.15,114944
2021-06-21 09:43:15,1703.15,114944
2021-06-21 09:43:16,1704.0,114946
2021-06-21 09:43:18,1704.0,114946
2021-06-21 09:43:19,1703.9,114947
2021-06-21 09:43:20,1703.9,114947
2021-06-21 09:43:21,1703.2,115047
2021-06-21 09:43:22,1703.2,115047
2021-06-21 09:43:23,1703.2,115047
2021-06-21 09:43:24,1703.2,115047
2021-06-21 09:43:25,1704.0,115052
2021-06-21 09:43:26,1704.0,115052
2021-06-21 09:43:27,1704.5,115097
2021-06-21 09:43:29,1703.65,115107
2021-06-21 09:43:30,1703.65,115107
2021-06-21 09:43:31,1704.5,115109
2021-06-21 09:43:32,1704.5,115110
2021-06-21 09:43:33,1704.5,115110
2021-06-21 09:43:34,1704.5,115110
2021-06-21 09:43:35,1704.5,115111
2021-06-21 09:43:36,1704.8,115232
2021-06-21 09:43:38,1704.8,115232
2021-06-21 09:43:39,1704.8,115262
2021-06-21 09:43:39,1704.8,115262
2021-06-21 09:43:41,1704.05,115268
2021-06-21 09:43:42,1704.8,115269
2021-06-21 09:43:43,1704.25,115494
2021-06-21 09:43:44,1705.0,115506
2021-06-21 09:43:45,1705.0,115506
2021-06-21 09:43:45,1705.0,115506
2021-06-21 09:43:46,1705.0,115518
2021-06-21 09:43:47,1704.35,115534
2021-06-21 09:43:48,1704.35,115534
2021-06-21 09:43:50,1703.4,115635
2021-06-21 09:43:51,1704.75,115636
2021-06-21 09:43:52,1703.65,115641
2021-06-21 09:43:53,1704.7,115656
2021-06-21 09:43:54,1703.6,115731
2021-06-21 09:43:54,1703.5,115741
2021-06-21 09:43:56,1703.5,115785
2021-06-21 09:43:57,1704.4,115789
2021-06-21 09:43:58,1704.35,115845
2021-06-21 09:44:00,1704.45,115882
2021-06-21 09:44:01,1704.45,115883
2021-06-21 09:44:02,1704.45,115885
2021-06-21 09:44:03,1704.55,116012
2021-06-21 09:44:04,1704.45,116014
2021-06-21 09:44:05,1703.5,116114
2021-06-21 09:44:06,1704.4,116139
2021-06-21 09:44:07,1704.4,116139
2021-06-21 09:44:09,1703.7,116195
2021-06-21 09:44:10,1703.7,116195
2021-06-21 09:44:10,1703.7,116195
2021-06-21 09:44:11,1704.4,116198
2021-06-21 09:44:12,1704.4,116199
2021-06-21 09:44:14,1704.45,116204
2021-06-21 09:44:15,1704.45,116204
2021-06-21 09:44:15,1704.45,116204
2021-06-21 09:44:16,1704.4,116206
2021-06-21 09:44:17,1704.5,116225
2021-06-21 09:44:19,1704.0,116528
2021-06-21 09:44:18,1703.7,116426
2021-06-21 09:44:20,1704.0,116528
2021-06-21 09:44:21,1704.0,116528
2021-06-21 09:44:22,1704.2,116544
2021-06-21 09:44:23,1704.2,116544
2021-06-21 09:44:25,1704.2,116544
2021-06-21 09:44:25,1704.2,116544
2021-06-21 09:44:26,1703.25,116771
2021-06-21 09:44:27,1703.95,116836
2021-06-21 09:44:28,1703.0,116962
2021-06-21 09:44:29,1703.05,116970
2021-06-21 09:44:30,1703.95,116978
2021-06-21 09:44:31,1703.25,116987
2021-06-21 09:44:32,1703.95,116993
2021-06-21 09:44:34,1704.1,117014
2021-06-21 09:44:35,1704.2,117207
2021-06-21 09:44:37,1704.2,117230
2021-06-21 09:44:38,1705.0,117231
2021-06-21 09:44:39,1705.0,117247
2021-06-21 09:44:40,1704.25,117257
2021-06-21 09:44:41,1704.25,117257
2021-06-21 09:44:42,1704.25,117257
2021-06-21 09:44:43,1705.0,117262
2021-06-21 09:44:44,1705.0,117262
2021-06-21 09:44:44,1705.0,117262
2021-06-21 09:44:46,1704.3,117263
2021-06-21 09:44:47,1704.3,117263
2021-06-21 09:44:48,1704.3,117263
2021-06-21 09:44:49,1704.95,117273
2021-06-21 09:44:50,1704.95,117273
2021-06-21 09:44:50,1704.95,117273
2021-06-21 09:44:51,1704.95,117273
2021-06-21 09:44:52,1705.0,117275
2021-06-21 09:44:54,1705.0,117300
2021-06-21 09:44:55,1705.0,117360
2021-06-21 09:44:56,1704.3,117380
2021-06-21 09:44:56,1704.3,117380
2021-06-21 09:44:57,1705.0,117506
2021-06-21 09:44:58,1705.0,117561
2021-06-21 09:44:59,1705.0,117562
2021-06-21 09:45:00,1705.0,117562
2021-06-21 09:45:02,1704.2,117647
2021-06-21 09:45:03,1704.9,117894
2021-06-21 09:45:04,1704.9,117894
2021-06-21 09:45:05,1704.9,117894
2021-06-21 09:45:06,1705.0,117899
2021-06-21 09:45:07,1705.0,117911
2021-06-21 09:45:08,1705.0,117911
2021-06-21 09:45:09,1705.0,117911
2021-06-21 09:45:10,1705.0,117912
2021-06-21 09:45:10,1705.0,117912
2021-06-21 09:45:12,1704.85,117937
2021-06-21 09:45:12,1704.85,117937
2021-06-21 09:45:13,1704.85,117937
2021-06-21 09:45:16,1704.35,117939
2021-06-21 09:45:17,1704.3,118029
2021-06-21 09:45:18,1703.35,118729
2021-06-21 09:45:19,1703.35,118729
2021-06-21 09:45:19,1704.7,118739
2021-06-21 09:45:20,1704.9,118854
2021-06-21 09:45:21,1704.35,118916
2021-06-21 09:45:22,1704.35,118916
2021-06-21 09:45:24,1704.35,118922
2021-06-21 09:45:25,1704.35,119221
2021-06-21 09:45:26,1704.9,119235
2021-06-21 09:45:27,1704.9,119265
2021-06-21 09:45:29,1704.8,119289
2021-06-21 09:45:30,1704.8,119289
2021-06-21 09:45:31,1704.8,119291
2021-06-21 09:45:32,1704.8,119291
2021-06-21 09:45:32,1704.8,119292
2021-06-21 09:45:33,1704.5,119307
2021-06-21 09:45:34,1704.4,119310
2021-06-21 09:45:36,1704.4,119310
2021-06-21 09:45:37,1704.75,119411
2021-06-21 09:45:39,1704.6,119416
2021-06-21 09:45:40,1704.6,119416
2021-06-21 09:45:41,1704.0,119431
2021-06-21 09:45:42,1704.0,119431
2021-06-21 09:45:43,1704.5,119432
2021-06-21 09:45:44,1704.5,119434
2021-06-21 09:45:45,1704.55,119435
2021-06-21 09:45:46,1704.55,119437
2021-06-21 09:45:49,1704.5,119457
2021-06-21 09:45:48,1704.5,119457
2021-06-21 09:45:50,1704.55,119557
2021-06-21 09:45:50,1704.55,119557
2021-06-21 09:45:51,1704.55,119558
2021-06-21 09:45:52,1704.55,119558
2021-06-21 09:45:54,1704.55,119578
2021-06-21 09:45:55,1704.55,119578
2021-06-21 09:45:56,1704.55,119578
2021-06-21 09:45:57,1704.55,119579
2021-06-21 09:45:58,1703.65,119620
2021-06-21 09:45:59,1703.8,119621
2021-06-21 09:46:00,1703.8,119621
2021-06-21 09:46:01,1704.6,119638
2021-06-21 09:46:02,1704.6,119638
2021-06-21 09:46:03,1704.7,119640
2021-06-21 09:46:04,1704.0,119652
2021-06-21 09:46:05,1704.0,120455
2021-06-21 09:46:05,1704.05,120481
2021-06-21 09:46:07,1704.0,120517
2021-06-21 09:46:08,1704.0,120518
2021-06-21 09:46:09,1704.15,120633
2021-06-21 09:46:10,1704.45,120646
2021-06-21 09:46:12,1704.0,120666
2021-06-21 09:46:13,1704.0,120666
2021-06-21 09:46:14,1704.5,120668
2021-06-21 09:46:15,1704.45,120669
2021-06-21 09:46:16,1704.45,120679
2021-06-21 09:46:17,1704.45,120679
2021-06-21 09:46:18,1704.45,120679
2021-06-21 09:46:19,1704.0,120687
2021-06-21 09:46:20,1704.0,120729
2021-06-21 09:46:23,1704.0,120752
2021-06-21 09:46:24,1704.35,120754
2021-06-21 09:46:25,1704.35,120754
2021-06-21 09:46:25,1704.35,120755
2021-06-21 09:46:27,1704.35,120755
2021-06-21 09:46:28,1704.45,120756
2021-06-21 09:46:29,1704.0,120768
2021-06-21 09:46:30,1704.0,120768
2021-06-21 09:46:31,1704.0,120768
2021-06-21 09:46:32,1704.0,120768
2021-06-21 09:46:33,1704.5,120769
2021-06-21 09:46:34,1704.0,120829
2021-06-21 09:46:35,1704.0,120829
2021-06-21 09:46:36,1704.0,120829
2021-06-21 09:46:36,1704.0,120829
2021-06-21 09:46:38,1704.35,120832
2021-06-21 09:46:38,1704.35,120832
2021-06-21 09:46:39,1703.0,121049
2021-06-21 09:46:41,1703.0,121131
2021-06-21 09:46:42,1702.7,121159
2021-06-21 09:46:43,1702.7,121159
2021-06-21 09:46:44,1703.65,121160
2021-06-21 09:46:45,1703.35,121166
2021-06-21 09:46:46,1703.35,121166
2021-06-21 09:46:47,1703.35,121181
2021-06-21 09:46:48,1703.35,121181
2021-06-21 09:46:48,1703.35,121181
2021-06-21 09:46:51,1703.35,121182
2021-06-21 09:46:52,1703.35,121182
2021-06-21 09:46:53,1703.35,121182
2021-06-21 09:46:57,1703.35,121202
2021-06-21 09:47:02,1703.35,121211
2021-06-21 09:47:11,1702.2,121717
2021-06-21 09:47:16,1702.3,121777
2021-06-21 09:47:22,1703.1,121975
2021-06-21 09:47:27,1702.85,122010
2021-06-21 09:47:38,1702.45,122299
2021-06-21 09:47:43,1702.75,122314
2021-06-21 09:47:48,1703.35,122491
2021-06-21 09:47:53,1703.15,122546
2021-06-21 09:47:58,1703.55,122603
2021-06-21 09:48:03,1702.75,122704
2021-06-21 09:48:09,1703.25,122780
2021-06-21 09:48:14,1704.0,123012
2021-06-21 09:48:20,1704.0,123414
2021-06-21 09:48:25,1704.25,123460
2021-06-21 09:48:30,1704.5,123528
2021-06-21 09:48:35,1704.45,123679
2021-06-21 09:48:40,1704.45,123698
2021-06-21 09:48:44,1704.45,123719
2021-06-21 09:48:49,1704.45,123727
2021-06-21 09:48:54,1704.5,123785
2021-06-21 09:48:59,1704.45,123790
2021-06-21 09:49:04,1704.5,123898
2021-06-21 09:49:10,1704.5,123975
2021-06-21 09:49:15,1704.5,124004
2021-06-21 09:49:20,1704.5,124362
2021-06-21 09:49:30,1704.75,124489
2021-06-21 09:49:35,1704.5,124555
2021-06-21 09:49:41,1704.0,124664
2021-06-21 09:49:46,1704.15,124685
2021-06-21 09:49:51,1704.55,127170
2021-06-21 09:49:57,1705.15,127643
2021-06-21 09:50:02,1705.0,127704
2021-06-21 09:50:07,1704.8,127719
2021-06-21 09:50:12,1704.8,128159
2021-06-21 09:50:17,1704.9,128199
2021-06-21 09:50:23,1704.9,128271
2021-06-21 09:50:28,1704.95,128339
2021-06-21 09:50:33,1704.85,128348
2021-06-21 09:50:38,1704.2,128398
2021-06-21 09:50:43,1704.7,128406
2021-06-21 09:50:48,1704.0,128571
2021-06-21 09:50:54,1704.0,128645
2021-06-21 09:50:59,1704.75,128648
2021-06-21 09:51:03,1704.75,128648
2021-06-21 09:51:08,1704.7,128757
2021-06-21 09:51:13,1704.0,128861
2021-06-21 09:51:17,1704.5,128918
2021-06-21 09:51:22,1704.15,129048
2021-06-21 09:51:27,1703.8,129490
2021-06-21 09:51:32,1702.5,129693
2021-06-21 09:51:37,1703.35,129853
2021-06-21 09:51:42,1703.15,130117
2021-06-21 09:51:48,1703.2,130155
2021-06-21 09:51:53,1703.45,130158
2021-06-21 09:51:58,1703.45,130158
2021-06-21 09:52:03,1702.45,130168
2021-06-21 09:52:13,1702.2,130406
2021-06-21 09:52:24,1702.45,130514
2021-06-21 09:52:30,1700.4,130679
2021-06-21 09:52:35,1700.65,130752
2021-06-21 09:52:40,1700.9,130924
2021-06-21 09:52:44,1701.8,130969
2021-06-21 09:52:49,1701.5,130994
2021-06-21 09:53:04,1702.55,131327
2021-06-21 09:53:09,1701.5,131425
2021-06-21 09:53:19,1702.5,131454
2021-06-21 09:53:24,1702.0,131485
2021-06-21 09:53:28,1701.5,131536
2021-06-21 09:53:33,1702.0,131539
2021-06-21 09:53:38,1702.0,131564
2021-06-21 09:53:44,1701.95,131694
2021-06-21 09:53:49,1701.9,131716
2021-06-21 09:53:53,1701.75,131720
2021-06-21 09:53:58,1701.6,131773
2021-06-21 09:54:03,1701.65,131778
2021-06-21 09:54:07,1702.0,131779
2021-06-21 09:54:12,1702.0,131810
2021-06-21 09:54:17,1702.05,132068
2021-06-21 09:54:22,1702.55,132088
2021-06-21 09:54:27,1703.2,132152
2021-06-21 09:54:31,1702.0,132264
2021-06-21 09:54:36,1702.75,132270
2021-06-21 09:54:41,1702.75,132295
2021-06-21 09:54:46,1702.6,132327
2021-06-21 09:54:51,1702.05,132331
2021-06-21 09:54:56,1702.05,132331
2021-06-21 09:55:01,1703.1,132583
2021-06-21 09:55:05,1703.1,132611
2021-06-21 09:55:10,1702.5,132613
2021-06-21 09:55:15,1702.5,132840
2021-06-21 09:55:20,1702.0,133007
2021-06-21 09:55:26,1702.15,133125
2021-06-21 09:55:32,1703.05,133131
2021-06-21 09:55:37,1703.45,133383
2021-06-21 09:55:43,1702.35,133430
2021-06-21 09:55:48,1703.35,133434
2021-06-21 09:55:53,1702.35,133450
2021-06-21 09:55:57,1703.3,133453
2021-06-21 09:56:02,1702.95,133768
2021-06-21 09:56:07,1703.3,133794
2021-06-21 09:56:12,1702.7,133796
2021-06-21 09:56:16,1702.7,133796
2021-06-21 09:56:20,1703.15,133801
2021-06-21 09:56:24,1703.0,133807
2021-06-21 09:56:29,1702.4,133818
2021-06-21 09:56:34,1702.4,133833
2021-06-21 09:56:39,1702.35,133848
2021-06-21 09:56:43,1702.4,133944
2021-06-21 09:56:48,1703.0,133958
2021-06-21 09:56:53,1703.0,133960
2021-06-21 09:56:58,1703.05,134005
2021-06-21 09:57:03,1703.75,134015
2021-06-21 09:57:07,1703.75,134037
2021-06-21 09:57:17,1703.95,134272
2021-06-21 09:57:21,1704.8,134429
2021-06-21 09:57:27,1704.25,134729
2021-06-21 09:57:32,1704.35,134797
2021-06-21 09:57:37,1705.0,134950
2021-06-21 09:57:42,1705.5,135091
2021-06-21 09:57:47,1705.35,135226
2021-06-21 09:57:52,1705.5,135372
2021-06-21 09:57:56,1706.2,135769
2021-06-21 09:58:01,1707.0,135870
2021-06-21 09:58:06,1707.0,136025
2021-06-21 09:58:11,1706.95,136905
2021-06-21 09:58:17,1706.8,137420
2021-06-21 09:58:22,1706.25,137721
2021-06-21 09:58:27,1706.25,139668
2021-06-21 09:58:32,1705.5,140104
2021-06-21 09:58:43,1705.55,140201
2021-06-21 09:58:47,1705.95,140326
2021-06-21 09:58:52,1706.25,140452
2021-06-21 09:58:57,1705.95,140510
2021-06-21 09:59:01,1705.95,140785
2021-06-21 09:59:06,1706.6,140994
2021-06-21 09:59:11,1707.25,141367
2021-06-21 09:59:16,1706.5,141870
2021-06-21 09:59:21,1707.1,141900
2021-06-21 09:59:25,1706.0,142100
2021-06-21 09:59:30,1706.6,142110
2021-06-21 09:59:34,1706.6,142117
2021-06-21 09:59:39,1706.6,142139
2021-06-21 09:59:43,1706.65,142205
2021-06-21 09:59:48,1707.0,142268
2021-06-21 09:59:53,1707.15,142358
2021-06-21 09:59:57,1707.4,142913
2021-06-21 10:00:02,1707.45,142963
2021-06-21 10:00:07,1707.25,142974
2021-06-21 10:00:12,1707.25,143074
2021-06-21 10:00:17,1706.15,143219
2021-06-21 10:00:21,1707.2,143482
2021-06-21 10:00:26,1706.1,143521
2021-06-21 10:00:30,1707.05,143900
2021-06-21 10:00:40,1707.1,143921
2021-06-21 10:00:45,1706.05,144029
2021-06-21 10:00:50,1706.45,144182
2021-06-21 10:00:55,1706.5,144369
2021-06-21 10:01:01,1707.25,144387
2021-06-21 10:01:06,1707.25,144389
2021-06-21 10:01:11,1707.25,144439
2021-06-21 10:01:17,1707.05,144645
2021-06-21 10:01:21,1707.5,144654
2021-06-21 10:01:26,1706.25,144867
2021-06-21 10:01:32,1706.25,145041
2021-06-21 10:01:36,1706.25,145075
2021-06-21 10:01:40,1706.4,145148
2021-06-21 10:01:45,1706.05,145253
2021-06-21 10:01:50,1705.0,145323
2021-06-21 10:01:55,1705.85,145326
2021-06-21 10:01:59,1705.9,145387
2021-06-21 10:02:03,1705.5,145487
2021-06-21 10:02:09,1706.0,145492
2021-06-21 10:02:14,1704.3,145662
2021-06-21 10:02:18,1704.25,145719
2021-06-21 10:02:29,1704.8,145783
2021-06-21 10:02:38,1704.8,145859
2021-06-21 10:02:43,1704.4,145863
2021-06-21 10:02:47,1704.25,145884
2021-06-21 10:02:51,1704.25,145906
2021-06-21 10:02:55,1704.8,145911
2021-06-21 10:03:00,1704.8,145912
2021-06-21 10:03:05,1704.25,145935
2021-06-21 10:03:10,1704.25,145966
2021-06-21 10:03:15,1704.25,145983
2021-06-21 10:03:19,1704.25,145994
2021-06-21 10:03:24,1704.8,145995
2021-06-21 10:03:29,1704.75,145997
2021-06-21 10:03:33,1704.05,146097
2021-06-21 10:03:38,1704.0,146209
2021-06-21 10:03:42,1704.65,146214
2021-06-21 10:03:46,1704.65,146215
2021-06-21 10:03:51,1703.65,146230
2021-06-21 10:03:55,1704.6,146231
2021-06-21 10:04:00,1703.7,146232
2021-06-21 10:04:05,1703.7,146232
2021-06-21 10:04:10,1704.75,146239
2021-06-21 10:04:14,1704.8,146244
2021-06-21 10:04:18,1704.0,146250
2021-06-21 10:04:23,1704.8,146251
2021-06-21 10:04:28,1704.5,146254
2021-06-21 10:04:33,1704.0,146259
2021-06-21 10:04:37,1704.5,146263
2021-06-21 10:04:42,1704.5,146265
2021-06-21 10:04:46,1704.5,146266
2021-06-21 10:04:51,1704.5,146376
2021-06-21 10:04:55,1704.5,146383
2021-06-21 10:04:59,1703.95,146433
2021-06-21 10:05:04,1703.6,146489
2021-06-21 10:05:08,1704.6,146494
2021-06-21 10:05:12,1704.6,146494
2021-06-21 10:05:17,1704.55,146499
2021-06-21 10:05:21,1704.75,146589
2021-06-21 10:05:26,1704.8,146593
2021-06-21 10:05:31,1704.8,146602
2021-06-21 10:05:36,1703.95,146611
2021-06-21 10:05:40,1704.8,146627
2021-06-21 10:05:45,1703.95,146630
2021-06-21 10:05:53,1704.85,146752
2021-06-21 10:05:57,1704.2,146772
2021-06-21 10:06:02,1704.5,146849
2021-06-21 10:06:06,1704.8,146853
2021-06-21 10:06:10,1704.1,146955
2021-06-21 10:06:15,1704.8,146960
2021-06-21 10:06:19,1704.85,146961
2021-06-21 10:06:23,1704.85,146961
2021-06-21 10:06:27,1705.0,147475
2021-06-21 10:06:32,1704.7,147650
2021-06-21 10:06:37,1704.7,147659
2021-06-21 10:06:42,1704.55,147670
2021-06-21 10:06:50,1704.4,147675
2021-06-21 10:06:54,1704.7,147676
2021-06-21 10:06:58,1704.7,147687
2021-06-21 10:07:02,1704.7,147693
2021-06-21 10:07:06,1704.15,147744
2021-06-21 10:07:10,1704.25,147777
2021-06-21 10:07:15,1705.0,147788
2021-06-21 10:07:19,1705.0,147789
2021-06-21 10:07:23,1705.0,147789
2021-06-21 10:07:27,1704.3,147804
2021-06-21 10:07:31,1704.2,147904
2021-06-21 10:07:36,1705.0,147909
2021-06-21 10:07:41,1704.3,147962
2021-06-21 10:07:45,1705.0,148044
2021-06-21 10:07:50,1704.75,148055
2021-06-21 10:07:54,1704.6,148110
2021-06-21 10:07:59,1704.6,148116
2021-06-21 10:08:03,1704.6,148123
2021-06-21 10:08:08,1705.4,148131
2021-06-21 10:08:12,1705.55,148171
2021-06-21 10:08:17,1705.5,148197
2021-06-21 10:08:22,1705.5,148226
2021-06-21 10:08:27,1705.95,148229
2021-06-21 10:08:31,1705.95,148229
2021-06-21 10:08:35,1705.95,148229
2021-06-21 10:08:39,1705.95,148234
2021-06-21 10:08:44,1705.95,148252
2021-06-21 10:08:49,1706.6,148253
2021-06-21 10:08:53,1706.7,148266
2021-06-21 10:08:57,1707.0,148340
2021-06-21 10:09:01,1707.0,148345
2021-06-21 10:09:05,1706.95,148466
2021-06-21 10:09:09,1706.95,148484
2021-06-21 10:09:14,1705.6,149099
2021-06-21 10:09:18,1705.45,149172
2021-06-21 10:09:23,1705.3,149186
2021-06-21 10:09:27,1704.6,149261
2021-06-21 10:09:31,1705.0,149265
2021-06-21 10:09:36,1704.5,149267
2021-06-21 10:09:40,1704.5,149286
2021-06-21 10:09:44,1704.5,149291
2021-06-21 10:09:49,1704.2,149337
2021-06-21 10:09:53,1704.15,149403
2021-06-21 10:09:57,1703.95,149492
2021-06-21 10:10:02,1704.5,149496
2021-06-21 10:10:06,1704.5,149496
2021-06-21 10:10:10,1704.0,149506
2021-06-21 10:10:14,1703.75,149753
2021-06-21 10:10:18,1703.8,150002
2021-06-21 10:10:23,1703.5,150428
2021-06-21 10:10:27,1703.1,150454
2021-06-21 10:10:31,1703.8,150740
2021-06-21 10:10:35,1702.65,150805
2021-06-21 10:10:39,1703.55,150849
2021-06-21 10:10:43,1703.35,150859
2021-06-21 10:10:47,1703.2,150861
2021-06-21 10:10:51,1703.2,150861
2021-06-21 10:10:55,1702.75,150865
2021-06-21 10:11:00,1702.75,150989
2021-06-21 10:11:04,1703.2,151009
2021-06-21 10:11:08,1703.25,151016
2021-06-21 10:11:16,1703.2,151042
2021-06-21 10:11:20,1703.2,151045
2021-06-21 10:11:24,1703.7,151121
2021-06-21 10:11:28,1703.7,151121
2021-06-21 10:11:32,1704.65,151126
2021-06-21 10:11:36,1704.65,151126
2021-06-21 10:11:40,1704.65,151126
2021-06-21 10:11:44,1703.6,151179
2021-06-21 10:11:48,1704.5,151181
2021-06-21 10:11:52,1704.5,151182
2021-06-21 10:12:00,1704.5,151182
2021-06-21 10:12:04,1703.55,151183
2021-06-21 10:12:09,1703.55,151235
2021-06-21 10:12:14,1704.0,151238
2021-06-21 10:12:18,1704.0,151262
2021-06-21 10:12:23,1704.55,151525
2021-06-21 10:12:27,1705.45,151539
2021-06-21 10:12:32,1705.25,151556
2021-06-21 10:12:36,1705.35,151606
2021-06-21 10:12:40,1705.15,151612
2021-06-21 10:12:44,1705.15,151613
2021-06-21 10:12:47,1705.15,151613
2021-06-21 10:12:51,1704.65,151614
2021-06-21 10:12:56,1704.65,151614
2021-06-21 10:13:00,1704.65,151615
2021-06-21 10:13:04,1704.55,151667
2021-06-21 10:13:07,1704.6,151670
2021-06-21 10:13:11,1704.65,151671
2021-06-21 10:13:15,1704.65,151672
2021-06-21 10:13:20,1704.35,152642
2021-06-21 10:13:24,1704.2,152761
2021-06-21 10:13:28,1704.05,152797
2021-06-21 10:13:32,1704.05,152900
2021-06-21 10:13:37,1703.75,152906
2021-06-21 10:13:41,1703.75,152906
2021-06-21 10:13:45,1703.6,152932
2021-06-21 10:13:48,1703.45,152934
2021-06-21 10:13:52,1703.45,152934
2021-06-21 10:13:56,1703.4,153006
2021-06-21 10:14:00,1703.6,153038
2021-06-21 10:14:05,1703.35,153227
2021-06-21 10:14:10,1703.4,153255
2021-06-21 10:14:14,1703.25,153258
2021-06-21 10:14:18,1703.25,153263
2021-06-21 10:14:23,1703.1,153282
2021-06-21 10:14:27,1704.2,153284
2021-06-21 10:14:30,1704.2,153286
2021-06-21 10:14:35,1703.8,153287
2021-06-21 10:14:39,1703.8,153290
2021-06-21 10:14:44,1704.0,153378
2021-06-21 10:14:48,1703.95,153393
2021-06-21 10:14:52,1703.4,153432
2021-06-21 10:14:56,1704.1,153543
2021-06-21 10:15:01,1704.1,153548
2021-06-21 10:15:05,1704.4,153574
2021-06-21 10:15:09,1704.4,153576
2021-06-21 10:15:14,1703.6,153577
2021-06-21 10:15:18,1703.6,153577
2021-06-21 10:15:22,1703.5,153581
2021-06-21 10:15:26,1704.65,155098
2021-06-21 10:15:30,1704.65,155141
2021-06-21 10:15:39,1704.7,155243
2021-06-21 10:15:43,1705.2,155263
2021-06-21 10:15:46,1705.45,155447
2021-06-21 10:15:50,1705.7,155458
2021-06-21 10:15:54,1705.7,155458
2021-06-21 10:15:58,1705.7,155460
2021-06-21 10:16:02,1705.7,155567
2021-06-21 10:16:06,1705.45,155817
2021-06-21 10:16:10,1705.75,155821
2021-06-21 10:16:17,1706.0,155947
2021-06-21 10:16:21,1706.75,156059
2021-06-21 10:16:26,1706.8,156066
2021-06-21 10:16:29,1706.85,156072
2021-06-21 10:16:33,1706.8,156187
2021-06-21 10:16:42,1706.7,156287
2021-06-21 10:16:46,1706.7,156301
2021-06-21 10:16:50,1706.7,156302
2021-06-21 10:16:54,1706.0,156323
2021-06-21 10:16:57,1706.15,156374
2021-06-21 10:17:01,1706.15,156377
2021-06-21 10:17:05,1706.15,156378
2021-06-21 10:17:09,1706.45,156705
2021-06-21 10:17:14,1706.5,156727
2021-06-21 10:17:19,1706.35,156789
2021-06-21 10:17:23,1706.7,156799
2021-06-21 10:17:27,1707.0,156823
2021-06-21 10:17:32,1707.0,156844
2021-06-21 10:17:41,1708.0,157791
2021-06-21 10:17:46,1709.0,158120
2021-06-21 10:17:50,1708.0,158326
2021-06-21 10:17:54,1708.8,158339
2021-06-21 10:17:58,1708.8,158341
2021-06-21 10:18:03,1707.55,158687
2021-06-21 10:18:07,1707.9,158840
2021-06-21 10:18:11,1707.95,158850
2021-06-21 10:18:15,1708.75,158884
2021-06-21 10:18:19,1708.15,158896
2021-06-21 10:18:23,1709.25,159400
2021-06-21 10:18:27,1709.4,159456
2021-06-21 10:18:31,1710.0,160234
2021-06-21 10:18:35,1708.8,160618
2021-06-21 10:18:40,1709.4,160758
2021-06-21 10:18:44,1708.45,160990
2021-06-21 10:18:48,1709.05,161002
2021-06-21 10:18:51,1708.1,161316
2021-06-21 10:18:55,1708.9,161380
2021-06-21 10:18:59,1708.7,161388
2021-06-21 10:19:03,1708.75,161390
2021-06-21 10:19:07,1707.55,161447
2021-06-21 10:19:10,1708.8,161636
2021-06-21 10:19:14,1708.7,161668
2021-06-21 10:19:18,1708.7,161720
2021-06-21 10:19:27,1708.0,161971
2021-06-21 10:19:32,1708.5,161972
2021-06-21 10:19:37,1708.55,162031
2021-06-21 10:19:42,1708.5,162035
2021-06-21 10:19:46,1708.5,162035
2021-06-21 10:19:51,1708.5,162035
2021-06-21 10:19:55,1708.5,162035
2021-06-21 10:19:59,1707.7,162201
2021-06-21 10:20:03,1708.65,162242
2021-06-21 10:20:06,1709.05,162261
2021-06-21 10:20:10,1709.0,162262
2021-06-21 10:20:14,1709.0,162281
2021-06-21 10:20:18,1708.95,162282
2021-06-21 10:20:22,1709.0,162342
2021-06-21 10:20:26,1709.0,162345
2021-06-21 10:20:30,1708.65,162381
2021-06-21 10:20:34,1709.0,162385
2021-06-21 10:20:38,1708.65,162424
2021-06-21 10:20:42,1708.85,162483
2021-06-21 10:20:47,1707.75,162590
2021-06-21 10:20:51,1708.45,162600
2021-06-21 10:20:55,1707.9,162630
2021-06-21 10:20:59,1708.2,162662
2021-06-21 10:21:02,1708.0,162665
2021-06-21 10:21:07,1708.05,162670
2021-06-21 10:21:11,1708.05,162670
2021-06-21 10:21:15,1708.5,162701
2021-06-21 10:21:19,1708.5,162701
2021-06-21 10:21:23,1707.9,163079
2021-06-21 10:21:27,1707.15,163118
2021-06-21 10:21:31,1707.9,163130
2021-06-21 10:21:35,1707.9,163131
2021-06-21 10:21:39,1706.95,163261
2021-06-21 10:21:43,1707.85,163272
2021-06-21 10:21:47,1707.95,163276
2021-06-21 10:21:52,1707.95,163277
2021-06-21 10:21:54,1707.95,163277
2021-06-21 10:21:55,1707.15,163281
2021-06-21 10:21:56,1707.95,163291
2021-06-21 10:21:57,1707.95,163291
2021-06-21 10:21:58,1707.95,163291
2021-06-21 10:21:59,1707.95,163296
2021-06-21 10:22:00,1707.95,163297
2021-06-21 10:22:01,1707.95,163297
2021-06-21 10:22:02,1707.7,163299
2021-06-21 10:22:03,1707.7,163303
2021-06-21 10:22:04,1707.7,163303
2021-06-21 10:22:05,1707.7,163303
2021-06-21 10:22:07,1707.7,163303
2021-06-21 10:22:08,1707.65,163304
2021-06-21 10:22:09,1707.65,163304
2021-06-21 10:22:10,1707.65,163304
2021-06-21 10:22:11,1707.7,163314
2021-06-21 10:22:13,1707.0,163319
2021-06-21 10:22:14,1707.0,163319
2021-06-21 10:22:15,1707.0,163319
2021-06-21 10:22:15,1707.0,163319
2021-06-21 10:22:16,1707.0,163319
2021-06-21 10:22:17,1707.0,163319
2021-06-21 10:22:18,1707.0,163319
2021-06-21 10:22:19,1707.0,163319
2021-06-21 10:22:20,1707.0,163319
2021-06-21 10:22:22,1707.0,163319
2021-06-21 10:22:22,1707.0,163319
2021-06-21 10:22:23,1707.65,163323
2021-06-21 10:22:24,1706.95,163324
2021-06-21 10:22:25,1706.95,163324
2021-06-21 10:22:26,1706.95,163324
2021-06-21 10:22:27,1707.1,163329
2021-06-21 10:22:28,1707.1,163329
2021-06-21 10:22:29,1707.1,163329
2021-06-21 10:22:30,1707.1,163329
2021-06-21 10:22:31,1707.1,163339
2021-06-21 10:22:32,1707.1,163339
2021-06-21 10:22:33,1707.45,163340
2021-06-21 10:22:34,1707.45,163340
2021-06-21 10:22:35,1706.25,163541
2021-06-21 10:22:36,1706.9,163708
2021-06-21 10:22:37,1707.05,163709
2021-06-21 10:22:38,1707.05,163731
2021-06-21 10:22:39,1707.1,163736
2021-06-21 10:22:40,1707.1,163736
2021-06-21 10:22:41,1707.55,163738
2021-06-21 10:22:42,1706.6,163851
2021-06-21 10:22:43,1706.6,163877
2021-06-21 10:22:44,1706.6,163877
2021-06-21 10:22:45,1706.6,163877
2021-06-21 10:22:46,1707.05,163883
2021-06-21 10:22:47,1707.0,163885
2021-06-21 10:22:48,1707.1,164510
2021-06-21 10:22:49,1706.25,164515
2021-06-21 10:22:50,1707.4,164541
2021-06-21 10:22:51,1707.4,164541
2021-06-21 10:22:52,1707.5,164572
2021-06-21 10:22:53,1707.5,164584
2021-06-21 10:22:54,1706.5,164784
2021-06-21 10:22:55,1707.1,164786
2021-06-21 10:22:56,1707.1,164786
2021-06-21 10:22:57,1707.35,164986
2021-06-21 10:22:58,1707.75,164998
2021-06-21 10:22:59,1707.75,164998
2021-06-21 10:23:00,1707.75,165018
2021-06-21 10:23:01,1707.75,165018
2021-06-21 10:23:03,1707.75,165018
2021-06-21 10:23:03,1707.75,165018
2021-06-21 10:23:04,1707.75,165019
2021-06-21 10:23:05,1707.75,165019
2021-06-21 10:23:06,1707.75,165019
2021-06-21 10:23:07,1707.75,165019
2021-06-21 10:23:08,1706.6,165031
2021-06-21 10:23:09,1706.6,165031
2021-06-21 10:23:10,1706.6,165031
2021-06-21 10:23:11,1706.6,165031
2021-06-21 10:23:12,1707.25,165036
2021-06-21 10:23:13,1707.25,165036
2021-06-21 10:23:14,1707.25,165036
2021-06-21 10:23:15,1707.25,165036
2021-06-21 10:23:16,1707.25,165036
2021-06-21 10:23:18,1707.65,165103
2021-06-21 10:23:19,1707.65,165132
2021-06-21 10:23:20,1707.65,165132
2021-06-21 10:23:21,1706.75,165141
2021-06-21 10:23:22,1707.35,165145
2021-06-21 10:23:23,1707.35,165145
2021-06-21 10:23:25,1707.55,165146
2021-06-21 10:23:25,1707.55,165146
2021-06-21 10:23:26,1707.55,165146
2021-06-21 10:23:27,1707.55,165146
2021-06-21 10:23:28,1707.55,165146
2021-06-21 10:23:29,1707.55,165146
2021-06-21 10:23:30,1707.55,165146
2021-06-21 10:23:31,1707.55,165147
2021-06-21 10:23:32,1707.55,165147
2021-06-21 10:23:33,1707.55,165147
2021-06-21 10:23:34,1707.55,165147
2021-06-21 10:23:36,1707.55,165147
2021-06-21 10:23:38,1707.55,165147
2021-06-21 10:23:39,1707.55,165147
2021-06-21 10:23:39,1707.55,165147
2021-06-21 10:23:40,1707.55,165147
2021-06-21 10:23:41,1707.55,165147
2021-06-21 10:23:42,1707.55,165147
2021-06-21 10:23:43,1707.55,165147
2021-06-21 10:23:44,1707.55,165147
2021-06-21 10:23:45,1707.55,165152
2021-06-21 10:23:46,1707.55,165152
2021-06-21 10:23:48,1707.55,165152
2021-06-21 10:23:48,1707.55,165152
2021-06-21 10:23:50,1707.55,165152
2021-06-21 10:23:50,1707.55,165152
2021-06-21 10:23:51,1707.55,165152
2021-06-21 10:23:52,1707.55,165152
2021-06-21 10:23:54,1707.2,165157
2021-06-21 10:23:55,1707.0,165158
2021-06-21 10:23:56,1707.0,165169
2021-06-21 10:23:57,1707.0,165169
2021-06-21 10:23:58,1707.0,165169
2021-06-21 10:24:00,1707.0,165169
2021-06-21 10:24:01,1707.0,165173
2021-06-21 10:24:02,1707.0,165174
2021-06-21 10:24:03,1707.0,165174
2021-06-21 10:24:04,1706.95,165587
2021-06-21 10:24:04,1706.95,165587
2021-06-21 10:24:05,1706.95,165587
2021-06-21 10:24:07,1707.0,165616
2021-06-21 10:24:08,1707.0,165616
2021-06-21 10:24:09,1707.0,165617
2021-06-21 10:24:11,1707.5,165618
2021-06-21 10:24:12,1707.0,165619
2021-06-21 10:24:13,1707.45,165900
2021-06-21 10:24:13,1707.45,165900
2021-06-21 10:24:14,1707.55,165910
2021-06-21 10:24:15,1707.75,165938
2021-06-21 10:24:16,1707.9,165952
2021-06-21 10:24:17,1707.9,165952
2021-06-21 10:24:19,1708.0,165955
2021-06-21 10:24:20,1708.0,165955
2021-06-21 10:24:21,1708.0,165955
2021-06-21 10:24:22,1707.25,165972
2021-06-21 10:24:23,1707.25,165972
2021-06-21 10:24:23,1707.25,165972
2021-06-21 10:24:24,1707.25,165972
2021-06-21 10:24:25,1707.8,165973
2021-06-21 10:24:27,1707.8,165976
2021-06-21 10:24:28,1707.8,165976
2021-06-21 10:24:30,1707.8,166026
2021-06-21 10:24:30,1707.25,166239
2021-06-21 10:24:31,1707.25,166239
2021-06-21 10:24:33,1707.25,166239
2021-06-21 10:24:35,1707.25,166251
2021-06-21 10:24:35,1707.25,166251
2021-06-21 10:24:36,1707.25,166251
2021-06-21 10:24:37,1707.25,166251
2021-06-21 10:24:38,1707.25,166252
2021-06-21 10:24:39,1707.3,166367
2021-06-21 10:24:40,1707.3,166367
2021-06-21 10:24:41,1707.5,166396
2021-06-21 10:24:42,1707.5,166396
2021-06-21 10:24:43,1707.5,166402
2021-06-21 10:24:44,1707.5,166402
2021-06-21 10:24:45,1707.45,166403
2021-06-21 10:24:46,1707.45,166403
2021-06-21 10:24:47,1707.45,166406
2021-06-21 10:24:48,1707.45,166406
2021-06-21 10:24:49,1707.45,166406
2021-06-21 10:24:50,1707.45,166406
2021-06-21 10:24:51,1707.45,166406
2021-06-21 10:24:55,1707.45,166406
2021-06-21 10:24:56,1707.45,166408
2021-06-21 10:24:58,1707.45,166408
2021-06-21 10:24:59,1707.45,166408
2021-06-21 10:24:59,1707.45,166408
2021-06-21 10:25:00,1707.45,166408
2021-06-21 10:25:02,1707.45,166408
2021-06-21 10:25:03,1707.45,166408
2021-06-21 10:25:04,1707.45,166408
2021-06-21 10:25:05,1707.45,166408
2021-06-21 10:25:06,1707.45,166408
2021-06-21 10:25:08,1707.45,166408
2021-06-21 10:25:08,1707.45,166408
2021-06-21 10:25:10,1707.4,166409
2021-06-21 10:25:10,1707.4,166669
2021-06-21 10:25:11,1706.75,166771
2021-06-21 10:25:12,1706.75,166771
2021-06-21 10:25:13,1707.5,166773
2021-06-21 10:25:14,1707.5,166787
2021-06-21 10:25:15,1707.5,166787
2021-06-21 10:25:16,1707.5,166787
2021-06-21 10:25:17,1707.5,166787
2021-06-21 10:25:18,1706.45,166811
2021-06-21 10:25:20,1707.3,166817
2021-06-21 10:25:21,1707.3,166817
2021-06-21 10:25:22,1707.3,166818
2021-06-21 10:25:24,1706.45,166838
2021-06-21 10:25:25,1707.25,166839
2021-06-21 10:25:26,1707.25,166840
2021-06-21 10:25:27,1707.25,166840
2021-06-21 10:25:28,1707.25,166840
2021-06-21 10:25:29,1707.25,166840
2021-06-21 10:25:30,1707.25,166840
2021-06-21 10:25:32,1707.25,166840
2021-06-21 10:25:33,1707.25,166840
2021-06-21 10:25:33,1707.25,166840
2021-06-21 10:25:34,1707.25,166840
2021-06-21 10:25:35,1707.7,166914
2021-06-21 10:25:36,1707.9,166936
2021-06-21 10:25:37,1707.9,166936
2021-06-21 10:25:38,1707.9,166940
2021-06-21 10:25:39,1707.9,166940
2021-06-21 10:25:40,1707.9,166943
2021-06-21 10:25:41,1707.9,166943
2021-06-21 10:25:42,1707.9,166943
2021-06-21 10:25:43,1707.9,166943
2021-06-21 10:25:45,1707.9,166943
2021-06-21 10:25:46,1707.9,166943
2021-06-21 10:25:47,1707.9,166943
2021-06-21 10:25:48,1707.9,166943
2021-06-21 10:25:49,1708.0,167143
2021-06-21 10:25:50,1708.0,167143
2021-06-21 10:25:51,1708.0,167143
2021-06-21 10:25:52,1708.0,167143
2021-06-21 10:25:53,1707.9,167158
2021-06-21 10:25:55,1707.9,167160
2021-06-21 10:25:55,1707.9,167160
2021-06-21 10:25:56,1707.9,167160
2021-06-21 10:25:57,1707.95,167161
2021-06-21 10:25:58,1707.9,167163
2021-06-21 10:25:59,1707.05,167164
2021-06-21 10:26:00,1707.05,167164
2021-06-21 10:26:01,1707.05,167164
2021-06-21 10:26:03,1707.05,167164
2021-06-21 10:26:04,1707.05,167164
2021-06-21 10:26:05,1707.9,167171
2021-06-21 10:26:06,1707.9,167171
2021-06-21 10:26:07,1707.9,167171
2021-06-21 10:26:08,1707.9,167171
2021-06-21 10:26:09,1707.9,167172
2021-06-21 10:26:10,1707.9,167172
2021-06-21 10:26:11,1707.9,167172
2021-06-21 10:26:13,1707.9,167172
2021-06-21 10:26:14,1707.9,167172
2021-06-21 10:26:15,1707.9,167172
2021-06-21 10:26:16,1707.9,167172
2021-06-21 10:26:17,1707.9,167172
2021-06-21 10:26:19,1707.9,167172
2021-06-21 10:26:20,1707.9,167172
2021-06-21 10:26:21,1707.9,167172
2021-06-21 10:26:22,1707.95,167175
2021-06-21 10:26:23,1707.95,167175
2021-06-21 10:26:24,1707.95,167175
2021-06-21 10:26:25,1707.95,167175
2021-06-21 10:26:26,1708.0,167177
2021-06-21 10:26:27,1708.0,167177
2021-06-21 10:26:28,1708.0,167177
2021-06-21 10:26:29,1708.0,167179
2021-06-21 10:26:30,1707.45,167181
2021-06-21 10:26:31,1707.45,167181
2021-06-21 10:26:32,1707.45,167181
2021-06-21 10:26:33,1708.0,167182
2021-06-21 10:26:34,1708.0,167190
2021-06-21 10:26:35,1708.0,167190
2021-06-21 10:26:36,1708.0,167191
2021-06-21 10:26:37,1708.0,167191
2021-06-21 10:26:38,1708.0,167191
2021-06-21 10:26:39,1708.0,167191
2021-06-21 10:26:40,1708.0,167191
2021-06-21 10:26:41,1708.0,167191
2021-06-21 10:26:41,1708.0,167199
2021-06-21 10:26:42,1708.0,167199
2021-06-21 10:26:43,1708.0,167200
2021-06-21 10:26:44,1709.75,167754
2021-06-21 10:26:45,1709.6,167755
2021-06-21 10:26:46,1709.6,167777
2021-06-21 10:26:47,1709.6,167804
2021-06-21 10:26:48,1709.6,167804
2021-06-21 10:26:49,1709.85,167949
2021-06-21 10:26:50,1709.8,167951
2021-06-21 10:26:51,1709.85,167952
2021-06-21 10:26:53,1709.85,167959
2021-06-21 10:26:54,1709.85,167959
2021-06-21 10:26:54,1709.85,167959
2021-06-21 10:26:55,1709.85,167959
2021-06-21 10:26:56,1709.85,167960
2021-06-21 10:26:57,1708.8,168160
2021-06-21 10:26:58,1709.75,168165
2021-06-21 10:27:00,1709.75,168170
2021-06-21 10:27:01,1709.35,168180
2021-06-21 10:27:02,1709.55,168200
2021-06-21 10:27:03,1709.55,168200
2021-06-21 10:27:04,1709.6,168251
2021-06-21 10:27:05,1709.6,168281
2021-06-21 10:27:06,1709.6,168282
2021-06-21 10:27:07,1709.6,168284
2021-06-21 10:27:07,1709.6,168282
2021-06-21 10:27:08,1709.55,168287
2021-06-21 10:27:09,1709.55,168287
2021-06-21 10:27:11,1709.55,168287
2021-06-21 10:27:12,1709.55,168287
2021-06-21 10:27:14,1709.55,168287
2021-06-21 10:27:15,1708.65,168293
2021-06-21 10:27:16,1709.6,168313
2021-06-21 10:27:17,1709.5,168343
2021-06-21 10:27:18,1709.95,168474
2021-06-21 10:27:19,1710.0,168514
2021-06-21 10:27:19,1710.0,168555
2021-06-21 10:27:21,1710.0,169379
2021-06-21 10:27:22,1710.0,169467
2021-06-21 10:27:23,1710.65,169636
2021-06-21 10:27:24,1710.7,169718
2021-06-21 10:27:24,1710.8,169884
2021-06-21 10:27:25,1711.0,170000
2021-06-21 10:27:26,1711.85,170528
2021-06-21 10:27:27,1712.0,170683
2021-06-21 10:27:28,1712.0,170870
2021-06-21 10:27:30,1712.0,171108
2021-06-21 10:27:31,1712.0,171216
2021-06-21 10:27:32,1712.8,172018
2021-06-21 10:27:33,1713.4,172335
2021-06-21 10:27:33,1713.35,172230
2021-06-21 10:27:34,1713.45,172569
2021-06-21 10:27:36,1713.3,172960
2021-06-21 10:27:36,1713.45,173016
2021-06-21 10:27:37,1713.5,173188
2021-06-21 10:27:38,1712.45,173642
2021-06-21 10:27:39,1712.65,173792
2021-06-21 10:27:40,1713.25,173894
2021-06-21 10:27:41,1713.45,174032
2021-06-21 10:27:42,1712.8,174279
2021-06-21 10:27:43,1713.5,174413
2021-06-21 10:27:44,1713.7,174490
2021-06-21 10:27:45,1713.5,174948
2021-06-21 10:27:46,1713.7,174964
2021-06-21 10:27:47,1713.85,175603
2021-06-21 10:27:48,1713.85,175603
2021-06-21 10:27:49,1714.0,175613
2021-06-21 10:27:50,1713.9,175875
2021-06-21 10:27:51,1713.9,175875
2021-06-21 10:27:53,1713.5,175940
2021-06-21 10:27:53,1713.85,175941
2021-06-21 10:27:54,1713.9,175943
2021-06-21 10:27:56,1713.9,176528
2021-06-21 10:27:57,1714.25,176556
2021-06-21 10:27:57,1714.25,176556
2021-06-21 10:27:58,1714.0,176912
2021-06-21 10:27:59,1714.35,176942
2021-06-21 10:28:00,1714.0,176954
2021-06-21 10:28:02,1714.4,177000
2021-06-21 10:28:02,1714.0,177045
2021-06-21 10:28:04,1712.4,177643
2021-06-21 10:28:04,1712.25,177827
2021-06-21 10:28:05,1712.85,178175
2021-06-21 10:28:07,1713.3,178528
2021-06-21 10:28:08,1713.95,178537
2021-06-21 10:28:08,1713.95,178537
2021-06-21 10:28:09,1713.7,178562
2021-06-21 10:28:11,1713.95,178650
2021-06-21 10:28:12,1713.95,178651
2021-06-21 10:28:13,1713.95,178678
2021-06-21 10:28:14,1713.95,178681
2021-06-21 10:28:15,1713.95,178681
2021-06-21 10:28:15,1713.95,178681
2021-06-21 10:28:16,1713.5,178831
2021-06-21 10:28:18,1713.9,178883
2021-06-21 10:28:19,1713.45,179010
2021-06-21 10:28:19,1713.45,179010
2021-06-21 10:28:20,1713.5,179238
2021-06-21 10:28:22,1713.5,179448
2021-06-21 10:28:23,1713.5,179448
2021-06-21 10:28:23,1713.5,179448
2021-06-21 10:28:25,1713.75,179466
2021-06-21 10:28:25,1713.75,179476
2021-06-21 10:28:27,1713.75,179476
2021-06-21 10:28:28,1713.75,179476
2021-06-21 10:28:29,1713.75,179479
2021-06-21 10:28:29,1713.75,179481
2021-06-21 10:28:31,1713.75,180145
2021-06-21 10:28:32,1713.5,180400
2021-06-21 10:28:32,1713.5,180401
2021-06-21 10:28:33,1713.5,180401
2021-06-21 10:28:34,1713.75,180505
2021-06-21 10:28:35,1713.75,180518
2021-06-21 10:28:36,1713.5,180713
2021-06-21 10:28:37,1713.5,180805
2021-06-21 10:28:38,1713.5,180897
2021-06-21 10:28:40,1713.5,180931
2021-06-21 10:28:41,1713.6,180945
2021-06-21 10:28:42,1713.5,180958
2021-06-21 10:28:43,1713.4,181177
2021-06-21 10:28:45,1713.5,182080
2021-06-21 10:28:46,1713.5,182297
2021-06-21 10:28:46,1713.5,182419
2021-06-21 10:28:47,1712.95,182518
2021-06-21 10:28:48,1713.65,182585
2021-06-21 10:28:49,1713.7,182597
2021-06-21 10:28:51,1713.75,182602
2021-06-21 10:28:51,1713.75,182602
2021-06-21 10:28:52,1713.0,182651
2021-06-21 10:28:53,1712.6,182684
2021-06-21 10:28:54,1713.65,182687
2021-06-21 10:28:55,1713.0,183493
2021-06-21 10:28:57,1713.5,184431
2021-06-21 10:28:57,1713.35,185226
2021-06-21 10:28:58,1712.75,186625
2021-06-21 10:28:59,1712.8,187755
2021-06-21 10:29:01,1712.55,189610
2021-06-21 10:29:01,1712.65,190740
2021-06-21 10:29:02,1712.7,192255
2021-06-21 10:29:03,1712.65,193493
2021-06-21 10:29:04,1712.65,195140
2021-06-21 10:29:05,1712.6,196346
2021-06-21 10:29:06,1711.6,196347
2021-06-21 10:29:07,1711.7,197129
2021-06-21 10:29:09,1711.45,197173
2021-06-21 10:29:09,1711.45,197173
2021-06-21 10:29:10,1711.0,197183
2021-06-21 10:29:11,1711.4,197240
2021-06-21 10:29:12,1711.0,197245
2021-06-21 10:29:13,1711.0,197245
2021-06-21 10:29:14,1711.0,197245
2021-06-21 10:29:16,1710.7,197248
2021-06-21 10:29:18,1708.9,198529
2021-06-21 10:29:19,1709.45,198599
2021-06-21 10:29:19,1709.5,198646
2021-06-21 10:29:20,1709.5,198646
2021-06-21 10:29:22,1709.85,198712
2021-06-21 10:29:24,1709.85,198736
2021-06-21 10:29:25,1710.1,198739
2021-06-21 10:29:26,1710.1,198751
2021-06-21 10:29:26,1710.5,198752
2021-06-21 10:29:27,1710.5,198752
2021-06-21 10:29:28,1709.15,198847
2021-06-21 10:29:29,1710.4,198892
2021-06-21 10:29:30,1710.4,198892
2021-06-21 10:29:32,1709.1,199059
2021-06-21 10:29:33,1710.0,199078
2021-06-21 10:29:33,1710.0,199078
2021-06-21 10:29:34,1710.0,199078
2021-06-21 10:29:36,1709.9,199086
2021-06-21 10:29:37,1709.9,199087
2021-06-21 10:29:38,1709.9,199087
2021-06-21 10:29:39,1709.0,199098
2021-06-21 10:29:40,1709.0,199098
2021-06-21 10:29:41,1709.6,199206
2021-06-21 10:29:41,1709.6,199206
2021-06-21 10:29:43,1707.7,199716
2021-06-21 10:29:43,1707.7,199716
2021-06-21 10:29:45,1708.3,199999
2021-06-21 10:29:46,1708.15,200001
2021-06-21 10:29:47,1708.2,200059
2021-06-21 10:29:48,1708.9,200084
2021-06-21 10:29:49,1709.35,200098
2021-06-21 10:29:49,1709.35,200105
2021-06-21 10:29:50,1709.55,200108
2021-06-21 10:29:51,1709.55,200110
2021-06-21 10:29:53,1709.55,200110
2021-06-21 10:29:53,1709.55,200110
2021-06-21 10:29:55,1709.55,200110
2021-06-21 10:29:56,1709.95,200111
2021-06-21 10:29:57,1709.95,200111
2021-06-21 10:29:58,1709.95,200111
2021-06-21 10:29:59,1709.95,200111
2021-06-21 10:30:00,1709.95,200111
2021-06-21 10:30:01,1709.95,200111
2021-06-21 10:30:02,1709.95,200111
2021-06-21 10:30:03,1709.95,200111
2021-06-21 10:30:04,1710.0,200188
2021-06-21 10:30:05,1710.0,200258
2021-06-21 10:30:06,1710.0,200258
2021-06-21 10:30:07,1710.0,200286
2021-06-21 10:30:08,1710.0,200286
2021-06-21 10:30:09,1710.0,200289
2021-06-21 10:30:10,1710.0,200299
2021-06-21 10:30:11,1710.0,200314
2021-06-21 10:30:12,1710.0,200314
2021-06-21 10:30:13,1710.0,200319
2021-06-21 10:30:15,1710.0,200320
2021-06-21 10:30:16,1710.0,200330
2021-06-21 10:30:18,1710.0,200330
2021-06-21 10:30:19,1710.0,200331
2021-06-21 10:30:20,1710.0,200331
2021-06-21 10:30:21,1710.0,200331
2021-06-21 10:30:22,1710.0,200351
2021-06-21 10:30:23,1710.0,200351
2021-06-21 10:30:24,1710.0,200351
2021-06-21 10:30:25,1710.0,200352
2021-06-21 10:30:26,1710.0,200352
2021-06-21 10:30:27,1710.0,200352
2021-06-21 10:30:28,1710.0,200352
2021-06-21 10:30:29,1710.0,200352
2021-06-21 10:30:30,1710.0,200352
2021-06-21 10:30:31,1710.0,200354
2021-06-21 10:30:32,1710.0,200354
2021-06-21 10:30:33,1710.0,200354
2021-06-21 10:30:34,1710.0,200354
2021-06-21 10:30:35,1710.0,200354
2021-06-21 10:30:36,1710.0,200354
2021-06-21 10:30:37,1710.0,200354
2021-06-21 10:30:38,1710.1,200414
2021-06-21 10:30:39,1710.1,200414
2021-06-21 10:30:40,1710.1,200414
2021-06-21 10:30:41,1710.1,200425
2021-06-21 10:30:42,1710.1,200428
2021-06-21 10:30:43,1710.1,200428
2021-06-21 10:30:44,1710.1,200428
2021-06-21 10:30:45,1710.1,200429
2021-06-21 10:30:47,1709.35,200434
2021-06-21 10:30:48,1709.35,200434
2021-06-21 10:30:49,1709.35,200434
2021-06-21 10:30:50,1710.1,200444
2021-06-21 10:30:51,1710.1,201197
2021-06-21 10:30:52,1710.25,201221
2021-06-21 10:30:53,1710.25,201221
2021-06-21 10:30:54,1710.25,201242
2021-06-21 10:30:56,1710.25,201280
2021-06-21 10:30:57,1710.25,201280
2021-06-21 10:30:58,1710.25,201281
2021-06-21 10:30:59,1710.55,201283
2021-06-21 10:31:00,1710.6,201285
2021-06-21 10:31:01,1710.6,201285
2021-06-21 10:31:02,1709.6,201316
2021-06-21 10:31:03,1709.6,201316
2021-06-21 10:31:04,1709.6,201316
2021-06-21 10:31:05,1710.6,201332
2021-06-21 10:31:06,1710.6,201333
2021-06-21 10:31:07,1710.6,201333
2021-06-21 10:31:08,1710.6,201335
2021-06-21 10:31:09,1710.6,201335
2021-06-21 10:31:10,1710.6,201337
2021-06-21 10:31:12,1710.6,201337
2021-06-21 10:31:13,1710.6,201338
2021-06-21 10:31:14,1710.6,201338
2021-06-21 10:31:15,1710.6,201354
2021-06-21 10:31:16,1709.6,201355
2021-06-21 10:31:17,1709.6,201355
2021-06-21 10:31:18,1709.6,201355
2021-06-21 10:31:19,1709.6,201355
2021-06-21 10:31:20,1709.6,201355
2021-06-21 10:31:21,1711.1,201358
2021-06-21 10:31:22,1711.45,201359
2021-06-21 10:31:23,1711.45,201359
2021-06-21 10:31:24,1711.45,201359
2021-06-21 10:31:25,1711.45,201359
2021-06-21 10:31:26,1711.5,201375
2021-06-21 10:31:27,1711.5,201375
2021-06-21 10:31:28,1711.5,201375
2021-06-21 10:31:29,1710.5,201576
2021-06-21 10:31:30,1710.5,201576
2021-06-21 10:31:31,1711.35,201578
2021-06-21 10:31:32,1711.35,201578
2021-06-21 10:31:33,1710.85,201583
2021-06-21 10:31:34,1711.4,201596
2021-06-21 10:31:35,1710.35,201737
2021-06-21 10:31:36,1711.25,201766
2021-06-21 10:31:37,1711.25,201774
2021-06-21 10:31:38,1711.3,201787
2021-06-21 10:31:40,1711.4,201829
2021-06-21 10:31:41,1711.4,201839
2021-06-21 10:31:42,1711.4,201844
2021-06-21 10:31:43,1711.4,201846
2021-06-21 10:31:44,1711.4,201846
2021-06-21 10:31:45,1711.45,201863
2021-06-21 10:31:46,1711.45,201863
2021-06-21 10:31:47,1711.3,201888
2021-06-21 10:31:48,1711.3,201888
2021-06-21 10:31:49,1711.3,201888
2021-06-21 10:31:50,1711.25,201907
2021-06-21 10:31:51,1711.25,201907
2021-06-21 10:31:52,1711.3,201957
2021-06-21 10:31:53,1711.3,201957
2021-06-21 10:31:54,1711.25,201985
2021-06-21 10:31:55,1711.25,202003
2021-06-21 10:31:56,1711.25,202003
2021-06-21 10:31:57,1710.5,202014
2021-06-21 10:31:58,1710.5,202014
2021-06-21 10:31:59,1711.15,202051
2021-06-21 10:32:00,1711.15,202051
2021-06-21 10:32:01,1711.15,202054
2021-06-21 10:32:02,1711.2,202085
2021-06-21 10:32:03,1711.2,202087
2021-06-21 10:32:04,1711.2,202087
2021-06-21 10:32:05,1711.2,202092
2021-06-21 10:32:06,1710.3,202133
2021-06-21 10:32:07,1710.3,202133
2021-06-21 10:32:08,1711.2,202134
2021-06-21 10:32:09,1711.3,202195
2021-06-21 10:32:10,1711.3,202198
2021-06-21 10:32:12,1711.3,202198
2021-06-21 10:32:12,1711.3,202198
2021-06-21 10:32:13,1711.3,202201
2021-06-21 10:32:14,1711.3,202201
2021-06-21 10:32:15,1711.3,202201
2021-06-21 10:32:16,1711.3,202217
2021-06-21 10:32:17,1710.35,202219
2021-06-21 10:32:18,1711.25,202222
2021-06-21 10:32:19,1711.25,202222
2021-06-21 10:32:20,1711.25,202225
2021-06-21 10:32:21,1711.0,202226
2021-06-21 10:32:23,1711.0,202275
2021-06-21 10:32:23,1711.0,202275
2021-06-21 10:32:24,1711.3,202375
2021-06-21 10:32:25,1711.5,202391
2021-06-21 10:32:26,1711.9,202393
2021-06-21 10:32:27,1711.9,202425
2021-06-21 10:32:28,1712.0,202426
2021-06-21 10:32:29,1712.0,202426
2021-06-21 10:32:30,1711.85,202478
2021-06-21 10:32:31,1711.75,202480
2021-06-21 10:32:32,1711.15,202534
2021-06-21 10:32:33,1711.95,202536
2021-06-21 10:32:34,1711.95,202536
2021-06-21 10:32:35,1711.75,202552
2021-06-21 10:32:36,1711.75,202555
2021-06-21 10:32:37,1711.75,202555
2021-06-21 10:32:38,1711.9,202556
2021-06-21 10:32:39,1711.9,202556
2021-06-21 10:32:40,1711.95,202558
2021-06-21 10:32:42,1711.95,202566
2021-06-21 10:32:42,1711.95,202566
2021-06-21 10:32:43,1711.95,202566
2021-06-21 10:32:44,1711.9,202650
2021-06-21 10:32:45,1712.0,202667
2021-06-21 10:32:46,1712.0,202667
2021-06-21 10:32:47,1711.85,202671
2021-06-21 10:32:48,1711.75,202672
2021-06-21 10:32:49,1711.85,202687
2021-06-21 10:32:50,1712.0,202759
2021-06-21 10:32:52,1712.0,202759
2021-06-21 10:32:52,1712.0,202759
2021-06-21 10:32:53,1711.75,202763
2021-06-21 10:32:54,1711.8,202767
2021-06-21 10:32:55,1711.8,202783
2021-06-21 10:32:56,1710.65,202883
2021-06-21 10:32:57,1711.65,202888
2021-06-21 10:32:58,1711.65,202889
2021-06-21 10:33:00,1711.7,202900
2021-06-21 10:33:00,1711.75,202902
2021-06-21 10:33:01,1711.75,202902
2021-06-21 10:33:03,1711.75,202902
2021-06-21 10:33:03,1711.9,202903
2021-06-21 10:33:04,1711.9,202904
2021-06-21 10:33:05,1711.9,202921
2021-06-21 10:33:06,1711.9,202921
2021-06-21 10:33:07,1711.15,202931
2021-06-21 10:33:08,1711.95,202960
2021-06-21 10:33:09,1711.95,202960
2021-06-21 10:33:11,1712.0,202962
2021-06-21 10:33:12,1712.0,202964
2021-06-21 10:33:13,1712.0,202964
2021-06-21 10:33:15,1711.9,202966
2021-06-21 10:33:15,1711.9,202966
2021-06-21 10:33:16,1711.95,202982
2021-06-21 10:33:17,1711.95,202982
2021-06-21 10:33:18,1711.95,203033
2021-06-21 10:33:19,1711.95,203034
2021-06-21 10:33:20,1711.95,203037
2021-06-21 10:33:21,1711.95,203038
2021-06-21 10:33:22,1711.95,203041
2021-06-21 10:33:23,1711.95,203041
2021-06-21 10:33:24,1711.95,203041
2021-06-21 10:33:26,1711.95,203057
2021-06-21 10:33:26,1711.95,203057
2021-06-21 10:33:27,1711.25,203058
2021-06-21 10:33:28,1711.95,203060
2021-06-21 10:33:29,1711.95,203061
2021-06-21 10:33:30,1711.95,203063
2021-06-21 10:33:31,1711.95,203063
2021-06-21 10:33:33,1711.95,203063
2021-06-21 10:33:35,1712.0,203079
2021-06-21 10:33:36,1711.25,203129
2021-06-21 10:33:38,1711.25,203129
2021-06-21 10:33:39,1712.0,203130
2021-06-21 10:33:39,1711.95,203231
2021-06-21 10:33:40,1712.0,203235
2021-06-21 10:33:41,1711.9,203263
2021-06-21 10:33:43,1711.0,203320
2021-06-21 10:33:44,1711.0,203320
2021-06-21 10:33:46,1711.3,203336
2021-06-21 10:33:46,1711.55,203436
2021-06-21 10:33:47,1711.85,203479
2021-06-21 10:33:48,1711.25,203533
2021-06-21 10:33:49,1711.8,203534
2021-06-21 10:33:50,1711.75,203580
2021-06-21 10:33:51,1711.75,203580
2021-06-21 10:33:52,1711.8,203630
2021-06-21 10:33:53,1711.9,203632
2021-06-21 10:33:54,1711.9,203632
2021-06-21 10:33:55,1711.95,203660
2021-06-21 10:33:56,1711.95,203660
2021-06-21 10:33:58,1711.95,203660
2021-06-21 10:33:58,1711.95,203660
2021-06-21 10:33:59,1712.0,203662
2021-06-21 10:34:00,1712.0,203664
2021-06-21 10:34:01,1710.2,204164
2021-06-21 10:34:02,1711.35,204182
2021-06-21 10:34:03,1711.35,204182
2021-06-21 10:34:04,1711.35,204182
2021-06-21 10:34:05,1711.4,204223
2021-06-21 10:34:06,1711.25,204228
2021-06-21 10:34:07,1711.25,204228
2021-06-21 10:34:08,1711.3,204248
2021-06-21 10:34:09,1711.1,204279
2021-06-21 10:34:10,1711.15,204281
2021-06-21 10:34:11,1711.15,204281
2021-06-21 10:34:12,1711.2,204282
2021-06-21 10:34:13,1710.0,204484
2021-06-21 10:34:14,1710.0,204484
2021-06-21 10:34:16,1710.85,204500
2021-06-21 10:34:17,1711.0,204510
2021-06-21 10:34:20,1711.1,204571
2021-06-21 10:34:20,1711.1,204574
2021-06-21 10:34:21,1711.1,204574
2021-06-21 10:34:22,1711.1,204574
2021-06-21 10:34:23,1711.1,204578
2021-06-21 10:34:24,1710.4,204730
2021-06-21 10:34:25,1711.3,204746
2021-06-21 10:34:26,1711.3,204746
2021-06-21 10:34:27,1711.3,204753
2021-06-21 10:34:28,1711.4,204754
2021-06-21 10:34:29,1711.4,204754
2021-06-21 10:34:31,1711.45,204757
2021-06-21 10:34:32,1711.45,204757
2021-06-21 10:34:33,1711.45,204758
2021-06-21 10:34:33,1711.45,204758
2021-06-21 10:34:34,1711.45,204758
2021-06-21 10:34:35,1711.45,204775
2021-06-21 10:34:36,1711.45,204775
2021-06-21 10:34:37,1711.45,204775
2021-06-21 10:34:38,1711.55,205276
2021-06-21 10:34:39,1710.55,205340
2021-06-21 10:34:40,1711.35,205366
2021-06-21 10:34:41,1711.35,205400
2021-06-21 10:34:42,1711.35,205400
2021-06-21 10:34:43,1711.4,205403
2021-06-21 10:34:44,1710.5,205414
2021-06-21 10:34:45,1711.45,205431
2021-06-21 10:34:46,1711.45,205431
2021-06-21 10:34:47,1711.45,205432
2021-06-21 10:34:48,1711.35,205433
2021-06-21 10:34:49,1711.3,205434
2021-06-21 10:34:50,1711.35,205436
2021-06-21 10:34:51,1711.35,205437
2021-06-21 10:34:52,1711.35,205438
2021-06-21 10:34:53,1711.35,205438
2021-06-21 10:34:55,1711.4,205454
2021-06-21 10:34:56,1711.45,205487
2021-06-21 10:34:57,1711.45,205487
2021-06-21 10:34:58,1711.45,205487
2021-06-21 10:34:59,1711.4,205488
2021-06-21 10:35:01,1711.4,205491
2021-06-21 10:35:02,1711.4,205491
2021-06-21 10:35:03,1711.4,205491
2021-06-21 10:35:03,1711.4,205491
2021-06-21 10:35:05,1711.4,205508
2021-06-21 10:35:06,1711.4,205508
2021-06-21 10:35:07,1711.4,205509
2021-06-21 10:35:08,1711.4,205609
2021-06-21 10:35:09,1711.4,205609
2021-06-21 10:35:10,1711.45,205611
2021-06-21 10:35:11,1711.45,205611
2021-06-21 10:35:12,1711.45,205616
2021-06-21 10:35:13,1711.45,205616
2021-06-21 10:35:14,1711.45,205616
2021-06-21 10:35:16,1711.45,205635
2021-06-21 10:35:17,1711.45,205635
2021-06-21 10:35:18,1711.45,205635
2021-06-21 10:35:18,1711.45,205635
2021-06-21 10:35:19,1711.45,205639
2021-06-21 10:35:20,1711.45,205667
2021-06-21 10:35:21,1711.45,205667
2021-06-21 10:35:22,1711.45,205669
2021-06-21 10:35:24,1711.45,205670
2021-06-21 10:35:24,1711.45,205670
2021-06-21 10:35:25,1711.45,205686
2021-06-21 10:35:26,1711.45,205686
2021-06-21 10:35:27,1711.45,205687
2021-06-21 10:35:29,1711.45,205703
2021-06-21 10:35:30,1711.45,205703
2021-06-21 10:35:31,1711.45,205705
2021-06-21 10:35:32,1711.45,205761
2021-06-21 10:35:32,1711.45,205761
2021-06-21 10:35:33,1711.45,205761
2021-06-21 10:35:34,1711.45,205761
2021-06-21 10:35:35,1711.55,205855
2021-06-21 10:35:36,1711.55,205855
2021-06-21 10:35:38,1711.55,205855
2021-06-21 10:35:39,1711.55,205860
2021-06-21 10:35:40,1711.55,205862
2021-06-21 10:35:41,1711.55,205875
2021-06-21 10:35:42,1711.55,205897
2021-06-21 10:35:43,1711.55,205897
2021-06-21 10:35:44,1711.55,205897
2021-06-21 10:35:45,1711.35,205898
2021-06-21 10:35:46,1711.55,205922
2021-06-21 10:35:46,1711.55,205937
2021-06-21 10:35:47,1711.55,205940
2021-06-21 10:35:48,1711.55,205940
2021-06-21 10:35:49,1711.55,205943
2021-06-21 10:35:50,1711.55,205946
2021-06-21 10:35:52,1711.55,205946
2021-06-21 10:35:53,1711.55,205977
2021-06-21 10:35:53,1711.55,205977
2021-06-21 10:35:55,1711.55,205977
2021-06-21 10:35:56,1711.55,205993
2021-06-21 10:35:57,1711.55,205995
2021-06-21 10:35:57,1711.75,206000
2021-06-21 10:35:58,1711.75,206000
2021-06-21 10:35:59,1711.75,206001
2021-06-21 10:36:00,1711.7,206005
2021-06-21 10:36:01,1711.7,206005
2021-06-21 10:36:03,1711.75,206006
2021-06-21 10:36:04,1711.75,206006
2021-06-21 10:36:04,1711.75,206006
2021-06-21 10:36:05,1711.75,206022
2021-06-21 10:36:06,1711.75,206022
2021-06-21 10:36:07,1711.75,206022
2021-06-21 10:36:08,1711.75,206022
2021-06-21 10:36:11,1711.65,206026
2021-06-21 10:36:12,1711.65,206026
2021-06-21 10:36:12,1711.0,206037
2021-06-21 10:36:13,1711.0,206037
2021-06-21 10:36:14,1711.0,206037
2021-06-21 10:36:15,1711.55,206055
2021-06-21 10:36:16,1710.5,206061
2021-06-21 10:36:17,1710.5,206061
2021-06-21 10:36:18,1710.5,206061
2021-06-21 10:36:19,1710.5,206061
2021-06-21 10:36:20,1710.85,206064
2021-06-21 10:36:21,1710.85,206064
2021-06-21 10:36:24,1710.9,206075
2021-06-21 10:36:24,1710.9,206075
2021-06-21 10:36:26,1711.05,206091
2021-06-21 10:36:27,1711.05,206091
2021-06-21 10:36:28,1711.05,206091
2021-06-21 10:36:29,1711.0,206092
2021-06-21 10:36:30,1711.0,206092
2021-06-21 10:36:31,1710.9,206138
2021-06-21 10:36:32,1710.9,206138
2021-06-21 10:36:34,1710.9,206138
2021-06-21 10:36:35,1710.0,206249
2021-06-21 10:36:36,1709.75,206265
2021-06-21 10:36:37,1709.75,206265
2021-06-21 10:36:38,1709.7,206271
2021-06-21 10:36:38,1709.7,206271
2021-06-21 10:36:39,1709.1,206273
2021-06-21 10:36:40,1709.75,206275
2021-06-21 10:36:41,1709.85,206283
2021-06-21 10:36:43,1709.85,206285
2021-06-21 10:36:44,1708.75,206385
2021-06-21 10:36:45,1709.15,206415
2021-06-21 10:36:46,1709.3,206431
2021-06-21 10:36:47,1709.3,206431
2021-06-21 10:36:49,1709.75,206433
2021-06-21 10:36:50,1709.8,206440
2021-06-21 10:36:50,1709.8,206440
2021-06-21 10:36:51,1709.8,206440
2021-06-21 10:36:53,1709.3,206445
2021-06-21 10:36:54,1709.3,206445
2021-06-21 10:36:55,1709.85,206461
2021-06-21 10:36:55,1709.85,206461
2021-06-21 10:36:57,1709.85,206461
2021-06-21 10:36:58,1709.9,206462
2021-06-21 10:36:59,1709.0,206512
2021-06-21 10:37:00,1709.6,206515
2021-06-21 10:37:01,1709.6,206515
2021-06-21 10:37:02,1709.6,206515
2021-06-21 10:37:03,1709.6,206517
2021-06-21 10:37:05,1709.0,206519
2021-06-21 10:37:06,1708.95,206536
2021-06-21 10:37:07,1708.95,206536
2021-06-21 10:37:08,1708.95,206554
2021-06-21 10:37:09,1708.95,206554
2021-06-21 10:37:10,1709.0,206555
2021-06-21 10:37:11,1709.0,206559
2021-06-21 10:37:11,1709.0,206559
2021-06-21 10:37:12,1708.5,206569
2021-06-21 10:37:13,1708.4,206572
2021-06-21 10:37:14,1708.4,206572
2021-06-21 10:37:16,1708.45,206623
2021-06-21 10:37:17,1709.15,206624
2021-06-21 10:37:18,1708.4,206625
2021-06-21 10:37:18,1708.4,206625
2021-06-21 10:37:19,1708.3,206665
2021-06-21 10:37:21,1709.25,207033
2021-06-21 10:37:22,1708.4,207068
2021-06-21 10:37:23,1709.6,207070
2021-06-21 10:37:24,1709.5,207090
2021-06-21 10:37:25,1709.5,207109
2021-06-21 10:37:26,1709.55,207127
2021-06-21 10:37:27,1709.55,207128
2021-06-21 10:37:27,1709.55,207128
2021-06-21 10:37:28,1709.55,207129
2021-06-21 10:37:29,1709.55,207130
2021-06-21 10:37:30,1709.6,207144
2021-06-21 10:37:31,1709.6,207144
2021-06-21 10:37:34,1708.65,207187
2021-06-21 10:37:35,1708.65,207187
2021-06-21 10:37:36,1708.8,207203
2021-06-21 10:37:37,1708.8,207205
2021-06-21 10:37:38,1708.8,207205
2021-06-21 10:37:39,1708.8,207206
2021-06-21 10:37:40,1708.8,207208
2021-06-21 10:37:41,1708.8,207219
2021-06-21 10:37:41,1708.8,207219
2021-06-21 10:37:42,1708.8,207219
2021-06-21 10:37:43,1708.8,207219
2021-06-21 10:37:44,1709.75,207230
2021-06-21 10:37:45,1709.75,207304
2021-06-21 10:37:46,1709.75,207304
2021-06-21 10:37:48,1708.9,207441
2021-06-21 10:37:49,1709.65,207444
2021-06-21 10:37:50,1709.9,207476
2021-06-21 10:37:51,1709.9,207476
2021-06-21 10:37:52,1709.9,207483
2021-06-21 10:37:53,1709.05,207484
2021-06-21 10:37:54,1709.9,207486
2021-06-21 10:37:55,1709.05,207489
2021-06-21 10:37:56,1709.9,207505
2021-06-21 10:37:56,1709.9,207505
2021-06-21 10:37:57,1709.9,207505
2021-06-21 10:37:58,1709.9,207505
2021-06-21 10:38:00,1710.45,207506
2021-06-21 10:38:01,1710.75,207508
2021-06-21 10:38:02,1710.75,207508
2021-06-21 10:38:03,1709.25,207515
2021-06-21 10:38:04,1710.0,207545
2021-06-21 10:38:05,1709.6,207555
2021-06-21 10:38:06,1709.65,207613
2021-06-21 10:38:07,1710.4,207614
2021-06-21 10:38:08,1709.95,207615
2021-06-21 10:38:09,1708.95,207729
2021-06-21 10:38:10,1709.75,207731
2021-06-21 10:38:10,1709.75,207731
2021-06-21 10:38:11,1709.75,207781
2021-06-21 10:38:13,1709.8,207786
2021-06-21 10:38:14,1709.8,207786
2021-06-21 10:38:15,1709.9,207789
2021-06-21 10:38:16,1709.85,207805
2021-06-21 10:38:17,1709.85,207805
2021-06-21 10:38:18,1709.85,207805
2021-06-21 10:38:19,1709.8,207808
2021-06-21 10:38:19,1708.75,207818
2021-06-21 10:38:21,1709.8,207821
2021-06-21 10:38:22,1709.8,207821
2021-06-21 10:38:23,1709.8,207822
2021-06-21 10:38:24,1708.8,207922
2021-06-21 10:38:25,1709.8,207949
2021-06-21 10:38:26,1709.9,207965
2021-06-21 10:38:26,1709.9,207965
2021-06-21 10:38:27,1709.25,207980
2021-06-21 10:38:28,1709.9,207981
2021-06-21 10:38:30,1709.9,207984
2021-06-21 10:38:31,1709.9,207985
2021-06-21 10:38:32,1709.9,207985
2021-06-21 10:38:33,1709.9,207985
2021-06-21 10:38:34,1709.9,207985
2021-06-21 10:38:35,1709.9,208001
2021-06-21 10:38:35,1709.9,208001
2021-06-21 10:38:36,1709.9,208001
2021-06-21 10:38:37,1709.9,208001
2021-06-21 10:38:39,1709.9,208017
2021-06-21 10:38:40,1709.9,208019
2021-06-21 10:38:41,1709.9,208027
2021-06-21 10:38:42,1709.9,208028
2021-06-21 10:38:44,1709.9,208028
2021-06-21 10:38:45,1709.9,208044
2021-06-21 10:38:45,1709.9,208044
2021-06-21 10:38:47,1709.9,208044
2021-06-21 10:38:48,1709.9,208044
2021-06-21 10:38:49,1709.9,208045
2021-06-21 10:38:50,1709.9,208047
2021-06-21 10:38:51,1709.9,208047
2021-06-21 10:38:52,1709.9,208047
2021-06-21 10:38:53,1709.9,208047
2021-06-21 10:38:54,1709.25,208062
2021-06-21 10:38:55,1709.25,208062
2021-06-21 10:38:56,1709.9,208078
2021-06-21 10:38:56,1709.9,208078
2021-06-21 10:38:57,1710.5,208079
2021-06-21 10:38:58,1710.5,208079
2021-06-21 10:38:59,1710.5,208081
2021-06-21 10:39:01,1710.45,208083
2021-06-21 10:39:04,1710.45,208084
2021-06-21 10:39:05,1710.45,208084
2021-06-21 10:39:06,1710.45,208100
2021-06-21 10:39:07,1710.45,208100
2021-06-21 10:39:08,1710.45,208100
2021-06-21 10:39:09,1710.45,208101
2021-06-21 10:39:09,1709.65,208106
2021-06-21 10:39:10,1710.1,208108
2021-06-21 10:39:11,1710.1,208108
2021-06-21 10:39:12,1710.1,208108
2021-06-21 10:39:14,1710.1,208108
2021-06-21 10:39:15,1710.05,208124
2021-06-21 10:39:16,1710.05,208124
2021-06-21 10:39:17,1710.05,208124
2021-06-21 10:39:18,1710.05,208124
2021-06-21 10:39:18,1710.05,208125
2021-06-21 10:39:19,1710.05,208163
2021-06-21 10:39:21,1709.55,208176
2021-06-21 10:39:23,1709.55,208176
2021-06-21 10:39:23,1709.55,208176
2021-06-21 10:39:24,1709.55,208176
2021-06-21 10:39:26,1710.4,208192
2021-06-21 10:39:27,1709.95,208202
2021-06-21 10:39:28,1709.95,208202
2021-06-21 10:39:28,1709.95,208202
2021-06-21 10:39:30,1709.1,208220
2021-06-21 10:39:31,1709.0,208228
2021-06-21 10:39:32,1709.0,208297
2021-06-21 10:39:33,1709.0,208297
2021-06-21 10:39:34,1709.0,208297
2021-06-21 10:39:35,1709.0,208297
2021-06-21 10:39:36,1709.65,208317
2021-06-21 10:39:37,1709.65,208317
2021-06-21 10:39:38,1709.9,208366
