timestamp,ltp,volume
2021-06-21 09:16:41,790.55,173972
2021-06-21 09:16:41,790.55,173972
2021-06-21 09:16:42,790.5,174001
2021-06-21 09:16:43,790.0,174026
2021-06-21 09:16:44,790.5,174178
2021-06-21 09:16:45,791.2,177756
2021-06-21 09:16:46,791.1,178630
2021-06-21 09:16:47,791.35,178904
2021-06-21 09:16:48,791.35,178934
2021-06-21 09:16:49,791.75,179599
2021-06-21 09:16:50,791.85,179902
2021-06-21 09:16:51,791.9,180362
2021-06-21 09:16:53,791.85,180530
2021-06-21 09:16:54,791.95,180686
2021-06-21 09:16:55,791.55,184498
2021-06-21 09:16:56,791.85,184631
2021-06-21 09:16:58,792.0,187122
2021-06-21 09:17:00,792.3,187748
2021-06-21 09:17:01,792.3,187881
2021-06-21 09:17:02,792.25,189582
2021-06-21 09:17:03,791.7,189734
2021-06-21 09:17:04,791.3,190603
2021-06-21 09:17:05,791.8,190741
2021-06-21 09:17:06,791.2,190745
2021-06-21 09:17:07,791.65,190846
2021-06-21 09:17:08,791.65,190846
2021-06-21 09:17:09,791.1,192134
2021-06-21 09:17:11,791.55,196061
2021-06-21 09:17:12,791.6,196101
2021-06-21 09:17:13,791.05,196226
2021-06-21 09:17:14,791.35,196231
2021-06-21 09:17:15,791.0,198133
2021-06-21 09:17:16,790.5,198233
2021-06-21 09:17:17,790.5,198234
2021-06-21 09:17:18,790.55,198428
2021-06-21 09:17:19,790.95,198525
2021-06-21 09:17:20,790.95,198700
2021-06-21 09:17:21,791.0,201336
2021-06-21 09:17:22,790.55,201766
2021-06-21 09:17:23,791.05,201966
2021-06-21 09:17:24,790.9,203953
2021-06-21 09:17:25,790.3,204681
2021-06-21 09:17:26,790.3,205043
2021-06-21 09:17:27,790.55,205319
2021-06-21 09:17:28,790.2,209590
2021-06-21 09:17:29,790.0,209666
2021-06-21 09:17:30,789.8,211640
2021-06-21 09:17:31,791.0,212255
2021-06-21 09:17:32,790.8,212272
2021-06-21 09:17:33,790.0,212342
2021-06-21 09:17:34,790.65,213042
2021-06-21 09:17:35,790.6,213078
2021-06-21 09:17:36,790.75,214162
2021-06-21 09:17:37,790.3,214382
2021-06-21 09:17:38,790.8,214634
2021-06-21 09:17:39,790.45,214919
2021-06-21 09:17:40,790.9,215044
2021-06-21 09:17:42,790.4,215368
2021-06-21 09:17:43,790.25,215607
2021-06-21 09:17:43,790.25,215787
2021-06-21 09:17:45,790.2,217627
2021-06-21 09:17:46,790.65,218806
2021-06-21 09:17:47,790.35,219195
2021-06-21 09:17:47,790.95,219445
2021-06-21 09:17:48,790.85,219470
2021-06-21 09:17:49,790.3,219476
2021-06-21 09:17:50,792.0,223090
2021-06-21 09:17:51,791.4,223173
2021-06-21 09:17:53,791.45,224161
2021-06-21 09:17:53,792.15,225010
2021-06-21 09:17:54,792.65,225310
2021-06-21 09:17:55,791.95,225376
2021-06-21 09:17:56,792.05,225426
2021-06-21 09:17:57,792.5,225639
2021-06-21 09:17:58,792.7,225676
2021-06-21 09:18:00,791.9,226814
2021-06-21 09:18:01,791.95,226824
2021-06-21 09:18:03,792.2,227414
2021-06-21 09:18:04,791.65,228329
2021-06-21 09:18:07,790.75,231232
2021-06-21 09:18:08,790.8,231467
2021-06-21 09:18:09,790.35,231494
2021-06-21 09:18:09,790.75,232554
2021-06-21 09:18:10,790.35,232666
2021-06-21 09:18:11,790.8,232692
2021-06-21 09:18:12,790.5,233317
2021-06-21 09:18:13,791.05,233781
2021-06-21 09:18:14,791.0,234046
2021-06-21 09:18:16,791.1,235267
2021-06-21 09:18:16,791.1,235156
2021-06-21 09:18:17,791.45,235536
2021-06-21 09:18:18,790.75,235618
2021-06-21 09:18:19,790.6,237365
2021-06-21 09:18:20,790.8,239237
2021-06-21 09:18:21,790.85,239369
2021-06-21 09:18:22,790.5,239480
2021-06-21 09:18:23,790.8,240234
2021-06-21 09:18:24,790.8,240359
2021-06-21 09:18:27,791.0,241654
2021-06-21 09:18:28,790.7,242118
2021-06-21 09:18:29,790.7,242342
2021-06-21 09:18:30,790.8,243003
2021-06-21 09:18:31,790.7,243065
2021-06-21 09:18:32,790.35,247080
2021-06-21 09:18:33,789.95,248565
2021-06-21 09:18:35,790.35,248600
2021-06-21 09:18:35,790.35,249126
2021-06-21 09:18:36,790.0,249141
2021-06-21 09:18:37,789.95,249312
2021-06-21 09:18:38,789.7,249998
2021-06-21 09:18:39,789.55,250067
2021-06-21 09:18:40,789.55,250745
2021-06-21 09:18:41,789.55,250827
2021-06-21 09:18:42,789.2,251037
2021-06-21 09:18:43,789.7,252517
2021-06-21 09:18:44,789.45,253190
2021-06-21 09:18:45,789.3,254024
2021-06-21 09:18:46,789.7,254259
2021-06-21 09:18:47,789.8,254319
2021-06-21 09:18:48,789.8,255018
2021-06-21 09:18:49,789.5,255547
2021-06-21 09:18:50,789.75,255819
2021-06-21 09:18:51,789.55,257660
2021-06-21 09:18:52,789.5,258630
2021-06-21 09:18:53,789.85,259000
2021-06-21 09:18:54,790.0,259489
2021-06-21 09:18:55,790.0,259500
2021-06-21 09:18:56,789.65,259633
2021-06-21 09:18:57,789.2,260884
2021-06-21 09:18:58,789.85,260915
2021-06-21 09:18:59,789.7,260973
2021-06-21 09:19:00,789.2,261097
2021-06-21 09:19:02,789.75,261455
2021-06-21 09:19:02,789.75,261455
2021-06-21 09:19:03,790.0,262613
2021-06-21 09:19:04,790.35,262699
2021-06-21 09:19:05,789.7,263961
2021-06-21 09:19:06,789.7,264888
2021-06-21 09:19:07,789.6,264948
2021-06-21 09:19:09,791.3,266675
2021-06-21 09:19:10,791.3,267181
2021-06-21 09:19:11,791.35,267202
2021-06-21 09:19:12,790.75,267210
2021-06-21 09:19:13,791.35,268043
2021-06-21 09:19:14,790.85,268147
2021-06-21 09:19:15,791.35,268197
2021-06-21 09:19:16,791.35,268286
2021-06-21 09:19:17,791.35,268289
2021-06-21 09:19:18,791.0,268375
2021-06-21 09:19:19,791.35,268683
2021-06-21 09:19:20,791.35,268700
2021-06-21 09:19:21,791.6,269055
2021-06-21 09:19:22,791.0,269998
2021-06-21 09:19:23,791.3,270177
2021-06-21 09:19:24,791.3,270252
2021-06-21 09:19:26,791.0,271538
2021-06-21 09:19:26,791.0,271538
2021-06-21 09:19:28,791.6,272044
2021-06-21 09:19:28,791.7,272099
2021-06-21 09:19:30,791.7,272099
2021-06-21 09:19:30,791.7,272243
2021-06-21 09:19:31,792.75,279242
2021-06-21 09:19:32,792.75,279242
2021-06-21 09:19:34,792.75,280372
2021-06-21 09:19:35,792.3,280547
2021-06-21 09:19:37,792.7,280769
2021-06-21 09:19:38,792.2,280839
2021-06-21 09:19:39,792.15,281415
2021-06-21 09:19:40,792.65,281535
2021-06-21 09:19:41,792.3,282859
2021-06-21 09:19:41,792.15,283056
2021-06-21 09:19:43,792.1,283412
2021-06-21 09:19:43,792.1,283412
2021-06-21 09:19:44,791.5,283599
2021-06-21 09:19:45,791.5,284067
2021-06-21 09:19:47,791.9,284081
2021-06-21 09:19:47,791.45,284115
2021-06-21 09:19:48,791.35,284678
2021-06-21 09:19:51,791.95,285592
2021-06-21 09:19:51,791.95,285592
2021-06-21 09:19:53,791.35,286563
2021-06-21 09:19:54,791.8,286855
2021-06-21 09:19:54,791.8,286955
2021-06-21 09:19:56,791.65,287661
2021-06-21 09:19:58,791.65,288722
2021-06-21 09:20:00,791.65,288993
2021-06-21 09:20:00,791.55,289139
2021-06-21 09:20:02,791.55,292246
2021-06-21 09:20:03,791.0,292388
2021-06-21 09:20:04,791.5,292609
2021-06-21 09:20:05,791.0,292610
2021-06-21 09:20:07,791.2,293485
2021-06-21 09:20:08,791.3,293588
2021-06-21 09:20:08,791.4,293841
2021-06-21 09:20:09,790.8,294160
2021-06-21 09:20:11,790.8,294585
2021-06-21 09:20:11,790.8,294585
2021-06-21 09:20:13,790.8,294842
2021-06-21 09:20:14,790.4,294972
2021-06-21 09:20:15,790.05,295252
2021-06-21 09:20:16,789.8,300682
2021-06-21 09:20:17,790.05,300833
2021-06-21 09:20:17,789.8,302904
2021-06-21 09:20:19,790.25,302915
2021-06-21 09:20:20,789.95,304608
2021-06-21 09:20:21,789.75,307132
2021-06-21 09:20:22,790.25,307405
2021-06-21 09:20:23,790.3,308800
2021-06-21 09:20:24,789.8,309386
2021-06-21 09:20:25,790.25,309551
2021-06-21 09:20:26,790.3,310040
2021-06-21 09:20:26,791.0,314059
2021-06-21 09:20:28,790.95,314143
2021-06-21 09:20:29,791.2,320906
2021-06-21 09:20:30,790.95,322048
2021-06-21 09:20:30,791.55,322243
2021-06-21 09:20:31,791.65,323716
2021-06-21 09:20:32,791.3,323948
2021-06-21 09:20:33,791.8,324320
2021-06-21 09:20:34,791.35,324399
2021-06-21 09:20:35,792.35,328957
2021-06-21 09:20:36,791.85,328996
2021-06-21 09:20:38,792.35,330097
2021-06-21 09:20:39,792.35,330097
2021-06-21 09:20:40,792.0,330117
2021-06-21 09:20:40,792.15,330137
2021-06-21 09:20:41,792.25,330267
2021-06-21 09:20:42,792.25,331222
2021-06-21 09:20:43,792.25,331322
2021-06-21 09:20:45,792.25,331645
2021-06-21 09:20:45,791.85,331675
2021-06-21 09:20:46,792.75,336193
2021-06-21 09:20:47,792.75,336316
2021-06-21 09:20:48,792.6,336335
2021-06-21 09:20:51,793.0,339456
2021-06-21 09:20:53,793.0,340637
2021-06-21 09:20:55,792.95,341504
2021-06-21 09:20:56,793.1,342442
2021-06-21 09:20:56,792.55,342607
2021-06-21 09:20:58,792.45,343184
2021-06-21 09:20:58,792.45,343691
2021-06-21 09:20:59,792.9,343864
2021-06-21 09:21:00,793.0,344259
2021-06-21 09:21:01,792.7,344519
2021-06-21 09:21:03,793.9,346878
2021-06-21 09:21:05,793.4,347023
2021-06-21 09:21:05,793.4,347247
2021-06-21 09:21:08,793.9,349548
2021-06-21 09:21:09,793.75,349578
2021-06-21 09:21:10,793.55,349688
2021-06-21 09:21:11,793.7,349735
2021-06-21 09:21:11,793.9,350050
2021-06-21 09:21:13,794.15,350800
2021-06-21 09:21:15,794.1,350890
2021-06-21 09:21:16,794.2,351735
2021-06-21 09:21:17,794.15,351754
2021-06-21 09:21:18,794.0,351822
2021-06-21 09:21:19,794.15,352935
2021-06-21 09:21:20,793.6,354115
2021-06-21 09:21:21,794.25,355494
2021-06-21 09:21:23,794.15,356540
2021-06-21 09:21:24,794.2,356926
2021-06-21 09:21:24,794.15,356664
2021-06-21 09:21:25,794.2,356926
2021-06-21 09:21:26,794.15,357014
2021-06-21 09:21:28,794.15,357389
2021-06-21 09:21:30,794.05,359182
2021-06-21 09:21:31,794.0,359831
2021-06-21 09:21:32,794.0,359951
2021-06-21 09:21:33,793.75,360926
2021-06-21 09:21:34,793.7,361027
2021-06-21 09:21:35,793.9,361119
2021-06-21 09:21:36,793.7,361185
2021-06-21 09:21:36,793.7,361194
2021-06-21 09:21:37,793.8,361603
2021-06-21 09:21:38,794.15,361742
2021-06-21 09:21:40,793.8,362097
2021-06-21 09:21:41,794.0,362668
2021-06-21 09:21:41,794.0,362668
2021-06-21 09:21:42,794.0,362677
2021-06-21 09:21:43,793.85,362700
2021-06-21 09:21:44,794.15,362759
2021-06-21 09:21:45,793.6,363107
2021-06-21 09:21:46,793.9,363410
2021-06-21 09:21:48,793.4,364502
2021-06-21 09:21:49,793.8,364545
2021-06-21 09:21:50,793.5,364570
2021-06-21 09:21:50,793.5,364570
2021-06-21 09:21:52,793.85,364885
2021-06-21 09:21:53,793.85,365334
2021-06-21 09:21:53,793.85,365394
2021-06-21 09:21:54,793.85,366092
2021-06-21 09:21:55,793.95,366123
2021-06-21 09:21:56,793.95,366296
2021-06-21 09:21:57,794.0,366306
2021-06-21 09:21:58,793.95,366485
2021-06-21 09:21:59,793.95,366602
2021-06-21 09:22:00,794.0,367070
2021-06-21 09:22:01,793.8,367101
2021-06-21 09:22:02,793.85,367136
2021-06-21 09:22:03,793.85,369467
2021-06-21 09:22:04,793.9,369490
2021-06-21 09:22:05,793.95,370019
2021-06-21 09:22:06,793.95,370288
2021-06-21 09:22:07,793.65,370545
2021-06-21 09:22:09,793.95,370648
2021-06-21 09:22:10,793.95,370674
2021-06-21 09:22:10,793.95,370922
2021-06-21 09:22:12,793.9,371863
2021-06-21 09:22:13,793.95,371884
2021-06-21 09:22:13,793.95,371946
2021-06-21 09:22:14,793.6,376785
2021-06-21 09:22:15,793.6,376788
2021-06-21 09:22:16,793.6,377937
2021-06-21 09:22:18,793.6,378001
2021-06-21 09:22:19,793.6,378204
2021-06-21 09:22:20,793.65,378704
2021-06-21 09:22:21,793.7,378803
2021-06-21 09:22:23,793.7,378804
2021-06-21 09:22:25,794.0,380472
2021-06-21 09:22:26,794.6,384449
2021-06-21 09:22:27,794.8,384480
2021-06-21 09:22:28,794.5,384582
2021-06-21 09:22:30,794.6,385275
2021-06-21 09:22:31,794.6,385294
2021-06-21 09:22:32,794.6,385294
2021-06-21 09:22:33,794.9,385666
2021-06-21 09:22:34,794.9,385666
2021-06-21 09:22:35,795.2,391985
2021-06-21 09:22:36,795.65,393952
2021-06-21 09:22:37,795.55,394486
2021-06-21 09:22:38,795.0,395856
2021-06-21 09:22:38,794.9,395999
2021-06-21 09:22:39,795.0,396537
2021-06-21 09:22:40,795.0,397209
2021-06-21 09:22:41,795.0,397427
2021-06-21 09:22:42,795.0,398180
2021-06-21 09:22:43,794.9,398395
2021-06-21 09:22:44,794.85,399992
2021-06-21 09:22:45,794.05,408027
2021-06-21 09:22:46,793.5,408048
2021-06-21 09:22:48,793.75,409633
2021-06-21 09:22:49,793.3,410216
2021-06-21 09:22:50,793.95,415489
2021-06-21 09:22:51,794.7,415577
2021-06-21 09:22:52,794.2,415843
2021-06-21 09:22:53,794.2,415843
2021-06-21 09:22:54,794.05,416022
2021-06-21 09:22:56,794.0,416401
2021-06-21 09:22:57,793.95,416458
2021-06-21 09:22:58,794.65,420160
2021-06-21 09:22:59,794.65,420270
2021-06-21 09:23:00,794.15,420470
2021-06-21 09:23:01,794.65,420585
2021-06-21 09:23:02,794.65,420691
2021-06-21 09:23:03,794.65,420900
2021-06-21 09:23:04,794.8,421061
2021-06-21 09:23:05,794.85,421152
2021-06-21 09:23:06,794.8,423079
2021-06-21 09:23:07,794.8,423079
2021-06-21 09:23:08,794.6,423180
2021-06-21 09:23:09,794.95,423285
2021-06-21 09:23:11,794.8,423330
2021-06-21 09:23:11,794.9,423369
2021-06-21 09:23:12,794.4,424107
2021-06-21 09:23:13,794.45,424588
2021-06-21 09:23:14,793.55,427728
2021-06-21 09:23:15,793.5,428056
2021-06-21 09:23:17,793.9,428186
2021-06-21 09:23:18,793.9,428236
2021-06-21 09:23:19,793.9,428251
2021-06-21 09:23:20,793.9,428254
2021-06-21 09:23:21,793.9,428795
2021-06-21 09:23:23,793.65,430605
2021-06-21 09:23:27,793.65,430951
2021-06-21 09:23:28,793.65,430961
2021-06-21 09:23:29,793.3,431420
2021-06-21 09:23:30,793.3,431837
2021-06-21 09:23:31,793.3,431854
2021-06-21 09:23:32,793.25,432064
2021-06-21 09:23:34,793.65,432191
2021-06-21 09:23:34,793.65,432191
2021-06-21 09:23:36,793.5,432288
2021-06-21 09:23:37,793.55,432299
2021-06-21 09:23:38,793.65,432508
2021-06-21 09:23:39,793.65,432513
2021-06-21 09:23:40,793.65,432518
2021-06-21 09:23:42,793.65,433040
2021-06-21 09:23:43,793.65,433180
2021-06-21 09:23:44,793.55,433205
2021-06-21 09:23:45,793.55,433985
2021-06-21 09:23:46,793.55,434138
2021-06-21 09:23:46,793.55,434138
2021-06-21 09:23:47,793.5,434153
2021-06-21 09:23:48,793.5,434171
2021-06-21 09:23:49,793.35,435171
2021-06-21 09:23:50,793.5,435932
2021-06-21 09:23:51,793.5,435940
2021-06-21 09:23:52,793.35,436055
2021-06-21 09:23:53,793.25,436218
2021-06-21 09:23:54,793.25,436288
2021-06-21 09:23:55,793.2,436295
2021-06-21 09:23:56,793.2,436295
2021-06-21 09:23:58,793.25,437958
2021-06-21 09:23:58,793.5,438058
2021-06-21 09:24:00,793.2,438318
2021-06-21 09:24:01,793.2,438318
2021-06-21 09:24:02,793.25,438340
2021-06-21 09:24:03,793.2,438480
2021-06-21 09:24:05,793.5,438494
2021-06-21 09:24:06,792.9,442857
2021-06-21 09:24:07,793.2,442911
2021-06-21 09:24:08,793.15,442965
2021-06-21 09:24:09,792.75,443005
2021-06-21 09:24:10,792.6,444594
2021-06-21 09:24:11,792.55,444604
2021-06-21 09:24:12,792.15,445339
2021-06-21 09:24:13,792.5,445489
2021-06-21 09:24:14,792.15,447470
2021-06-21 09:24:14,792.15,447410
2021-06-21 09:24:15,792.15,447892
2021-06-21 09:24:17,791.2,458478
2021-06-21 09:24:20,790.8,458906
2021-06-21 09:24:21,790.55,458909
2021-06-21 09:24:22,790.5,459034
2021-06-21 09:24:23,790.55,459036
2021-06-21 09:24:24,790.8,468420
2021-06-21 09:24:25,790.65,468644
2021-06-21 09:24:26,791.1,468894
2021-06-21 09:24:27,791.0,469417
2021-06-21 09:24:28,790.55,469827
2021-06-21 09:24:29,790.55,469827
2021-06-21 09:24:29,791.3,470753
2021-06-21 09:24:31,791.25,472381
2021-06-21 09:24:32,791.8,473072
2021-06-21 09:24:33,791.8,473192
2021-06-21 09:24:34,791.8,473218
2021-06-21 09:24:35,791.75,473468
2021-06-21 09:24:36,791.7,473611
2021-06-21 09:24:37,791.85,473861
2021-06-21 09:24:38,791.85,473861
2021-06-21 09:24:39,791.45,473921
2021-06-21 09:24:40,791.45,473922
2021-06-21 09:24:42,792.1,474263
2021-06-21 09:24:43,792.15,474583
2021-06-21 09:24:44,792.15,475158
2021-06-21 09:24:46,792.15,475176
2021-06-21 09:24:47,792.0,475203
2021-06-21 09:24:49,792.6,482381
2021-06-21 09:24:50,792.6,482381
2021-06-21 09:24:51,792.6,482763
2021-06-21 09:24:52,792.3,482972
2021-06-21 09:24:53,792.35,483791
2021-06-21 09:24:54,792.2,483809
2021-06-21 09:24:55,791.85,483915
2021-06-21 09:24:56,792.45,484425
2021-06-21 09:24:57,792.45,484428
2021-06-21 09:24:58,792.0,484528
2021-06-21 09:24:59,792.6,485028
2021-06-21 09:25:00,792.1,485103
2021-06-21 09:25:01,792.5,486198
2021-06-21 09:25:02,792.2,486261
2021-06-21 09:25:03,792.2,486955
2021-06-21 09:25:04,792.2,486955
2021-06-21 09:25:05,792.6,487057
2021-06-21 09:25:07,792.8,487473
2021-06-21 09:25:08,792.45,487629
2021-06-21 09:25:09,793.0,487684
2021-06-21 09:25:10,793.0,487684
2021-06-21 09:25:11,792.2,488189
2021-06-21 09:25:12,792.8,488209
2021-06-21 09:25:13,793.0,488213
2021-06-21 09:25:14,792.5,489103
2021-06-21 09:25:15,792.5,489134
2021-06-21 09:25:16,792.5,489590
2021-06-21 09:25:18,792.5,489830
2021-06-21 09:25:20,792.2,491128
2021-06-21 09:25:21,792.2,491494
2021-06-21 09:25:22,792.35,491499
2021-06-21 09:25:23,792.45,491841
2021-06-21 09:25:24,792.45,491861
2021-06-21 09:25:25,792.45,491861
2021-06-21 09:25:26,792.45,492011
2021-06-21 09:25:27,792.45,492015
2021-06-21 09:25:28,792.5,492829
2021-06-21 09:25:29,792.75,492889
2021-06-21 09:25:30,792.75,493125
2021-06-21 09:25:31,792.75,494198
2021-06-21 09:25:32,792.75,494377
2021-06-21 09:25:33,792.75,494379
2021-06-21 09:25:34,792.75,494379
2021-06-21 09:25:35,792.75,494409
2021-06-21 09:25:36,792.5,494673
2021-06-21 09:25:37,792.75,494728
2021-06-21 09:25:38,792.75,494755
2021-06-21 09:25:39,792.75,495030
2021-06-21 09:25:40,792.45,495130
2021-06-21 09:25:41,792.75,495282
2021-06-21 09:25:42,792.75,495382
2021-06-21 09:25:43,792.5,495523
2021-06-21 09:25:44,792.5,495525
2021-06-21 09:25:45,792.5,495656
2021-06-21 09:25:46,792.5,496166
2021-06-21 09:25:47,792.35,496176
2021-06-21 09:25:48,792.5,496207
2021-06-21 09:25:49,792.5,496317
2021-06-21 09:25:50,792.5,496344
2021-06-21 09:25:51,792.5,496504
2021-06-21 09:25:53,792.45,496567
2021-06-21 09:25:54,792.5,496967
2021-06-21 09:25:55,792.35,497068
2021-06-21 09:25:56,792.5,497082
2021-06-21 09:25:57,792.35,497182
2021-06-21 09:25:58,792.5,497214
2021-06-21 09:25:59,792.75,497314
2021-06-21 09:26:00,792.5,497369
2021-06-21 09:26:01,792.75,497372
2021-06-21 09:26:02,792.5,497433
2021-06-21 09:26:03,792.5,497433
2021-06-21 09:26:04,792.75,497751
2021-06-21 09:26:05,792.55,497854
2021-06-21 09:26:05,792.55,497854
2021-06-21 09:26:06,792.5,497919
2021-06-21 09:26:07,792.4,498207
2021-06-21 09:26:08,792.4,498207
2021-06-21 09:26:09,792.75,498209
2021-06-21 09:26:10,792.75,498221
2021-06-21 09:26:12,792.75,498223
2021-06-21 09:26:13,792.75,498230
2021-06-21 09:26:14,792.55,498236
2021-06-21 09:26:15,792.55,498236
2021-06-21 09:26:16,792.5,498384
2021-06-21 09:26:17,792.75,498430
2021-06-21 09:26:18,791.85,506073
2021-06-21 09:26:19,791.85,506184
2021-06-21 09:26:20,791.85,506977
2021-06-21 09:26:21,791.85,507130
2021-06-21 09:26:22,791.85,507135
2021-06-21 09:26:23,791.85,507638
2021-06-21 09:26:24,791.85,507638
2021-06-21 09:26:25,791.85,507694
2021-06-21 09:26:26,791.85,507709
2021-06-21 09:26:27,791.85,507709
2021-06-21 09:26:28,791.6,507973
2021-06-21 09:26:29,791.85,508013
2021-06-21 09:26:30,791.55,508113
2021-06-21 09:26:31,791.4,508520
2021-06-21 09:26:32,791.85,508545
2021-06-21 09:26:33,791.85,508545
2021-06-21 09:26:34,791.85,508545
2021-06-21 09:26:35,791.55,508595
2021-06-21 09:26:36,791.55,508595
2021-06-21 09:26:37,791.85,508651
2021-06-21 09:26:38,791.85,508657
2021-06-21 09:26:39,792.0,509810
2021-06-21 09:26:40,792.0,509810
2021-06-21 09:26:41,792.0,509811
2021-06-21 09:26:42,792.0,509916
2021-06-21 09:26:43,792.0,509916
2021-06-21 09:26:45,792.0,509946
2021-06-21 09:26:46,792.0,509951
2021-06-21 09:26:47,791.9,510599
2021-06-21 09:26:48,791.9,510616
2021-06-21 09:26:49,791.4,511141
2021-06-21 09:26:50,791.4,511190
2021-06-21 09:26:51,791.0,511365
2021-06-21 09:26:52,791.4,511515
2021-06-21 09:26:53,791.4,511822
2021-06-21 09:26:54,791.4,512027
2021-06-21 09:26:55,791.0,512032
2021-06-21 09:26:56,791.0,512596
2021-06-21 09:26:57,791.4,512650
2021-06-21 09:26:58,790.85,514846
2021-06-21 09:26:59,791.2,515146
2021-06-21 09:27:00,791.15,515356
2021-06-21 09:27:01,791.3,516387
2021-06-21 09:27:02,791.05,516492
2021-06-21 09:27:03,791.2,516514
2021-06-21 09:27:04,791.1,518835
2021-06-21 09:27:05,791.4,519193
2021-06-21 09:27:06,792.6,524060
2021-06-21 09:27:07,792.65,524077
2021-06-21 09:27:08,792.25,524177
2021-06-21 09:27:09,792.65,524699
2021-06-21 09:27:10,792.25,525025
2021-06-21 09:27:11,792.6,525161
2021-06-21 09:27:13,792.55,525277
2021-06-21 09:27:14,792.55,525310
2021-06-21 09:27:19,791.8,525506
2021-06-21 09:27:20,792.1,525580
2021-06-21 09:27:21,791.55,525585
2021-06-21 09:27:22,792.1,525686
2021-06-21 09:27:23,791.65,525696
2021-06-21 09:27:26,792.0,526444
2021-06-21 09:27:27,792.0,526494
2021-06-21 09:27:28,791.75,526504
2021-06-21 09:27:29,792.05,527665
2021-06-21 09:27:30,792.25,527716
2021-06-21 09:27:31,792.25,528562
2021-06-21 09:27:32,792.05,528571
2021-06-21 09:27:33,792.05,528571
2021-06-21 09:27:34,792.55,528744
2021-06-21 09:27:35,792.55,528744
2021-06-21 09:27:36,792.5,529396
2021-06-21 09:27:37,792.5,529396
2021-06-21 09:27:38,792.75,529706
2021-06-21 09:27:39,792.5,529761
2021-06-21 09:27:40,792.65,529942
2021-06-21 09:27:41,792.65,530019
2021-06-21 09:27:42,792.65,530026
2021-06-21 09:27:43,792.1,530366
2021-06-21 09:27:44,792.4,530539
2021-06-21 09:27:45,791.4,532607
2021-06-21 09:27:46,791.25,532608
2021-06-21 09:27:47,791.75,532683
2021-06-21 09:27:49,791.05,533140
2021-06-21 09:27:50,791.05,533148
2021-06-21 09:27:51,791.05,533189
2021-06-21 09:27:52,791.05,533189
2021-06-21 09:27:53,791.05,533194
2021-06-21 09:27:54,791.4,534345
2021-06-21 09:27:55,791.4,534478
2021-06-21 09:27:56,791.4,534482
2021-06-21 09:27:57,790.9,535178
2021-06-21 09:27:58,791.0,535295
2021-06-21 09:27:59,791.05,536460
2021-06-21 09:28:00,791.15,536575
2021-06-21 09:28:01,790.95,538685
2021-06-21 09:28:02,790.8,539316
2021-06-21 09:28:03,790.8,539316
2021-06-21 09:28:04,790.9,539679
2021-06-21 09:28:05,791.0,539700
2021-06-21 09:28:06,790.8,540307
2021-06-21 09:28:07,790.8,540307
2021-06-21 09:28:08,790.85,541750
2021-06-21 09:28:09,790.4,542089
2021-06-21 09:28:10,790.3,543187
2021-06-21 09:28:11,790.7,543188
2021-06-21 09:28:12,790.15,552488
2021-06-21 09:28:13,790.0,552959
2021-06-21 09:28:14,789.8,554228
2021-06-21 09:28:15,789.4,554819
2021-06-21 09:28:16,789.8,554969
2021-06-21 09:28:17,789.8,555091
2021-06-21 09:28:18,789.7,555301
2021-06-21 09:28:19,789.7,555731
2021-06-21 09:28:20,789.8,564320
2021-06-21 09:28:21,789.7,564337
2021-06-21 09:28:22,789.65,564359
2021-06-21 09:28:23,790.0,564411
2021-06-21 09:28:24,790.0,564646
2021-06-21 09:28:25,790.0,564796
2021-06-21 09:28:26,790.0,564799
2021-06-21 09:28:27,790.0,565113
2021-06-21 09:28:28,790.0,565115
2021-06-21 09:28:29,790.0,565139
2021-06-21 09:28:30,790.0,565939
2021-06-21 09:28:31,790.0,565954
2021-06-21 09:28:32,790.0,565961
2021-06-21 09:28:33,790.0,565963
2021-06-21 09:28:34,790.0,566056
2021-06-21 09:28:35,789.7,566065
2021-06-21 09:28:36,790.0,567268
2021-06-21 09:28:37,790.4,567413
2021-06-21 09:28:39,790.3,567823
2021-06-21 09:28:40,790.3,567828
2021-06-21 09:28:41,790.0,568049
2021-06-21 09:28:42,790.3,568119
2021-06-21 09:28:43,790.0,569429
2021-06-21 09:28:44,790.45,569809
2021-06-21 09:28:45,790.45,569809
2021-06-21 09:28:46,790.0,569904
2021-06-21 09:28:47,789.75,570217
2021-06-21 09:28:48,789.9,576281
2021-06-21 09:28:49,789.5,576531
2021-06-21 09:28:50,789.75,576532
2021-06-21 09:28:51,789.55,577484
2021-06-21 09:28:52,790.0,577507
2021-06-21 09:28:53,790.05,578451
2021-06-21 09:28:54,790.4,578454
2021-06-21 09:28:55,790.45,578504
2021-06-21 09:28:56,790.0,578685
2021-06-21 09:28:57,790.0,579334
2021-06-21 09:28:58,790.45,579364
2021-06-21 09:28:59,790.45,579464
2021-06-21 09:29:00,789.95,579781
2021-06-21 09:29:01,789.9,579849
2021-06-21 09:29:02,790.4,579859
2021-06-21 09:29:03,790.1,585046
2021-06-21 09:29:05,790.75,585096
2021-06-21 09:29:05,790.0,585128
2021-06-21 09:29:06,790.0,585148
2021-06-21 09:29:07,789.75,587332
2021-06-21 09:29:08,789.95,588222
2021-06-21 09:29:09,789.95,588432
2021-06-21 09:29:11,790.0,588633
2021-06-21 09:29:12,789.7,589050
2021-06-21 09:29:13,789.5,589060
2021-06-21 09:29:14,789.7,589593
2021-06-21 09:29:15,789.5,589626
2021-06-21 09:29:16,789.7,590462
2021-06-21 09:29:18,789.3,591383
2021-06-21 09:29:19,789.7,591395
2021-06-21 09:29:20,789.95,591704
2021-06-21 09:29:22,789.5,591734
2021-06-21 09:29:22,789.9,591844
2021-06-21 09:29:23,789.9,591980
2021-06-21 09:29:24,789.65,593337
2021-06-21 09:29:25,789.65,593357
2021-06-21 09:29:26,789.65,593607
2021-06-21 09:29:27,789.65,593623
2021-06-21 09:29:28,789.65,593876
2021-06-21 09:29:29,789.65,593913
2021-06-21 09:29:30,789.65,593964
2021-06-21 09:29:31,789.65,595082
2021-06-21 09:29:32,789.95,597293
2021-06-21 09:29:33,789.5,597338
2021-06-21 09:29:34,789.65,597344
2021-06-21 09:29:35,789.55,597499
2021-06-21 09:29:36,789.85,597501
2021-06-21 09:29:37,789.5,597504
2021-06-21 09:29:39,790.0,597542
2021-06-21 09:29:40,789.9,597544
2021-06-21 09:29:40,789.9,597583
2021-06-21 09:29:41,789.9,598887
2021-06-21 09:29:42,789.9,598887
2021-06-21 09:29:43,790.05,600689
2021-06-21 09:29:45,790.45,601671
2021-06-21 09:29:46,790.45,601671
2021-06-21 09:29:47,790.3,601852
2021-06-21 09:29:49,789.45,604116
2021-06-21 09:29:50,789.95,604141
2021-06-21 09:29:51,789.95,604142
2021-06-21 09:29:52,789.75,604454
2021-06-21 09:29:53,790.05,605465
2021-06-21 09:29:54,790.05,605851
2021-06-21 09:29:55,790.0,605854
2021-06-21 09:29:56,790.0,605864
2021-06-21 09:29:57,790.0,605874
2021-06-21 09:29:58,789.65,606323
2021-06-21 09:29:59,789.25,606842
2021-06-21 09:30:00,789.3,607097
2021-06-21 09:30:01,789.7,607822
2021-06-21 09:30:02,789.7,610653
2021-06-21 09:30:03,789.25,610730
2021-06-21 09:30:04,789.65,611090
2021-06-21 09:30:05,789.15,611207
2021-06-21 09:30:07,789.1,611309
2021-06-21 09:30:08,789.25,611551
2021-06-21 09:30:09,789.1,611553
2021-06-21 09:30:10,789.25,611573
2021-06-21 09:30:11,789.05,611663
2021-06-21 09:30:12,789.25,612162
2021-06-21 09:30:13,789.25,613167
2021-06-21 09:30:14,789.25,613328
2021-06-21 09:30:15,789.05,622540
2021-06-21 09:30:16,789.05,622705
2021-06-21 09:30:17,789.05,624043
2021-06-21 09:30:18,789.05,624064
2021-06-21 09:30:20,788.95,624198
2021-06-21 09:30:21,788.95,628673
2021-06-21 09:30:22,789.05,629053
2021-06-21 09:30:23,789.05,629163
2021-06-21 09:30:24,789.35,629610
2021-06-21 09:30:25,788.9,629716
2021-06-21 09:30:28,789.3,629791
2021-06-21 09:30:29,789.0,630120
2021-06-21 09:30:30,789.05,630200
2021-06-21 09:30:31,789.3,630295
2021-06-21 09:30:31,789.3,630645
2021-06-21 09:30:32,789.0,630853
2021-06-21 09:30:33,789.0,630853
2021-06-21 09:30:34,789.4,631085
2021-06-21 09:30:37,789.5,636343
2021-06-21 09:30:38,789.75,636557
2021-06-21 09:30:39,789.4,636584
2021-06-21 09:30:41,789.05,636939
2021-06-21 09:30:44,789.25,638206
2021-06-21 09:30:45,788.6,638369
2021-06-21 09:30:47,788.2,648269
2021-06-21 09:30:48,788.45,648479
2021-06-21 09:30:49,788.0,648484
2021-06-21 09:30:49,787.65,648984
2021-06-21 09:30:50,787.9,652197
2021-06-21 09:30:51,787.6,652797
2021-06-21 09:30:52,787.7,652912
2021-06-21 09:30:53,788.2,659870
2021-06-21 09:30:54,788.15,660786
2021-06-21 09:30:56,788.45,661652
2021-06-21 09:30:57,788.45,662249
2021-06-21 09:30:58,788.45,662429
2021-06-21 09:30:59,788.3,662759
2021-06-21 09:30:59,788.1,662959
2021-06-21 09:31:01,788.0,663059
2021-06-21 09:31:02,788.0,663127
2021-06-21 09:31:03,787.8,663310
2021-06-21 09:31:04,788.25,669010
2021-06-21 09:31:05,788.1,669668
2021-06-21 09:31:06,788.65,669728
2021-06-21 09:31:07,788.65,669814
2021-06-21 09:31:08,788.4,670570
2021-06-21 09:31:08,787.8,671073
2021-06-21 09:31:09,788.3,671352
2021-06-21 09:31:10,788.0,671629
2021-06-21 09:31:11,788.3,671901
2021-06-21 09:31:12,788.3,671918
2021-06-21 09:31:13,788.0,671983
2021-06-21 09:31:14,787.65,672262
2021-06-21 09:31:15,787.65,672886
2021-06-21 09:31:16,787.65,672942
2021-06-21 09:31:17,787.6,672949
2021-06-21 09:31:18,787.6,673537
2021-06-21 09:31:19,787.8,673742
2021-06-21 09:31:20,787.8,673742
2021-06-21 09:31:21,787.8,673864
2021-06-21 09:31:22,787.65,675819
2021-06-21 09:31:23,787.6,676156
2021-06-21 09:31:24,787.6,677291
2021-06-21 09:31:25,787.2,677390
2021-06-21 09:31:27,787.1,678071
2021-06-21 09:31:27,787.6,678381
2021-06-21 09:31:28,787.6,678839
2021-06-21 09:31:29,787.6,678927
2021-06-21 09:31:31,787.0,683934
2021-06-21 09:31:32,786.2,687008
2021-06-21 09:31:33,786.3,687803
2021-06-21 09:31:34,786.2,688134
2021-06-21 09:31:35,786.15,688462
2021-06-21 09:31:36,786.15,688654
2021-06-21 09:31:37,786.55,688992
2021-06-21 09:31:38,786.5,689380
2021-06-21 09:31:39,786.4,690594
2021-06-21 09:31:40,786.4,691211
2021-06-21 09:31:41,786.15,691314
2021-06-21 09:31:42,786.4,691448
2021-06-21 09:31:43,786.0,693499
2021-06-21 09:31:44,786.1,693969
2021-06-21 09:31:45,786.5,703250
2021-06-21 09:31:46,786.5,703638
2021-06-21 09:31:47,786.45,703863
2021-06-21 09:31:49,786.0,703993
2021-06-21 09:31:50,785.5,708037
2021-06-21 09:31:51,786.35,709767
2021-06-21 09:31:52,785.75,709956
2021-06-21 09:31:53,786.2,710651
2021-06-21 09:31:53,785.7,710744
2021-06-21 09:31:54,786.15,711374
2021-06-21 09:31:55,785.65,711441
2021-06-21 09:31:56,786.0,711771
2021-06-21 09:31:57,785.65,711869
2021-06-21 09:31:58,786.15,712332
2021-06-21 09:31:59,786.15,712368
2021-06-21 09:32:00,785.75,713031
2021-06-21 09:32:01,785.75,713227
2021-06-21 09:32:02,786.0,714296
2021-06-21 09:32:03,786.05,714504
2021-06-21 09:32:04,786.0,715535
2021-06-21 09:32:06,786.0,716433
2021-06-21 09:32:07,786.1,717605
2021-06-21 09:32:08,785.75,717881
2021-06-21 09:32:09,785.8,717896
2021-06-21 09:32:10,786.65,720320
2021-06-21 09:32:13,786.6,720771
2021-06-21 09:32:14,786.05,721130
2021-06-21 09:32:14,786.1,721030
2021-06-21 09:32:15,786.5,721361
2021-06-21 09:32:16,786.0,721422
2021-06-21 09:32:17,786.5,721559
2021-06-21 09:32:18,786.35,722663
2021-06-21 09:32:19,786.2,722856
2021-06-21 09:32:20,786.8,723106
2021-06-21 09:32:21,786.5,723725
2021-06-21 09:32:22,786.25,723754
2021-06-21 09:32:23,786.75,724304
2021-06-21 09:32:24,786.75,724393
2021-06-21 09:32:26,786.5,725360
2021-06-21 09:32:27,786.8,725368
2021-06-21 09:32:27,786.8,725368
2021-06-21 09:32:28,786.5,725375
2021-06-21 09:32:30,786.45,725757
2021-06-21 09:32:31,786.85,726234
2021-06-21 09:32:32,786.75,727375
2021-06-21 09:32:33,786.5,727656
2021-06-21 09:32:34,786.95,727712
2021-06-21 09:32:35,786.7,728136
2021-06-21 09:32:37,786.65,729638
2021-06-21 09:32:38,786.55,730001
2021-06-21 09:32:38,786.95,730316
2021-06-21 09:32:39,786.95,730370
2021-06-21 09:32:40,786.55,730587
2021-06-21 09:32:41,786.95,732689
2021-06-21 09:32:43,786.85,732831
2021-06-21 09:32:44,786.1,735132
2021-06-21 09:32:45,786.05,735340
2021-06-21 09:32:46,786.4,736525
2021-06-21 09:32:47,786.5,737245
2021-06-21 09:32:48,786.5,737249
2021-06-21 09:32:50,786.45,737418
2021-06-21 09:32:51,786.45,737420
2021-06-21 09:32:52,786.0,742426
2021-06-21 09:32:53,785.6,744732
2021-06-21 09:32:54,785.85,744799
2021-06-21 09:32:55,785.55,745282
2021-06-21 09:32:56,785.5,746249
2021-06-21 09:32:57,785.3,746669
2021-06-21 09:32:58,785.85,746877
2021-06-21 09:32:58,785.85,746877
2021-06-21 09:32:59,785.4,746974
2021-06-21 09:33:00,785.75,747000
2021-06-21 09:33:02,785.7,747267
2021-06-21 09:33:03,785.75,748784
2021-06-21 09:33:06,785.75,749610
2021-06-21 09:33:07,785.75,750053
2021-06-21 09:33:08,785.6,750209
2021-06-21 09:33:09,785.55,750322
2021-06-21 09:33:10,785.5,750580
2021-06-21 09:33:11,785.3,751041
2021-06-21 09:33:11,785.25,751157
2021-06-21 09:33:12,785.45,751349
2021-06-21 09:33:13,785.3,752697
2021-06-21 09:33:14,785.3,753416
2021-06-21 09:33:15,785.5,753488
2021-06-21 09:33:16,785.3,753508
2021-06-21 09:33:17,785.0,755982
2021-06-21 09:33:18,785.0,756367
2021-06-21 09:33:19,785.0,756636
2021-06-21 09:33:20,785.05,763592
2021-06-21 09:33:21,785.0,764175
2021-06-21 09:33:22,785.0,765223
2021-06-21 09:33:24,785.0,765563
2021-06-21 09:33:25,784.6,765621
2021-06-21 09:33:25,785.0,766143
2021-06-21 09:33:26,785.0,766254
2021-06-21 09:33:28,784.45,768344
2021-06-21 09:33:29,784.95,768581
2021-06-21 09:33:30,784.95,769810
2021-06-21 09:33:30,784.75,775550
2021-06-21 09:33:31,785.0,776087
2021-06-21 09:33:33,785.1,776668
2021-06-21 09:33:33,785.0,776774
2021-06-21 09:33:34,785.1,777225
2021-06-21 09:33:36,785.65,779910
2021-06-21 09:33:37,785.65,780183
2021-06-21 09:33:38,785.75,780902
2021-06-21 09:33:39,786.25,783379
2021-06-21 09:33:40,786.05,783810
2021-06-21 09:33:41,786.5,783928
2021-06-21 09:33:41,786.5,783929
2021-06-21 09:33:42,786.95,784762
2021-06-21 09:33:43,786.95,784812
2021-06-21 09:33:44,786.95,785102
2021-06-21 09:33:46,786.5,785351
2021-06-21 09:33:47,786.95,785572
2021-06-21 09:33:47,786.95,785872
2021-06-21 09:33:49,787.65,799629
2021-06-21 09:33:50,787.15,800519
2021-06-21 09:33:51,787.0,801739
2021-06-21 09:33:52,786.95,801749
2021-06-21 09:33:53,786.9,802207
2021-06-21 09:33:54,786.85,803813
2021-06-21 09:33:55,786.95,804279
2021-06-21 09:33:56,786.9,805478
2021-06-21 09:33:57,786.85,805682
2021-06-21 09:33:57,786.85,805791
2021-06-21 09:33:59,786.8,806073
2021-06-21 09:34:00,786.8,806416
2021-06-21 09:34:01,786.3,806565
2021-06-21 09:34:02,786.2,806753
2021-06-21 09:34:03,786.3,808279
2021-06-21 09:34:04,786.75,808325
2021-06-21 09:34:05,786.1,809825
2021-06-21 09:34:06,786.05,810035
2021-06-21 09:34:07,786.1,810170
2021-06-21 09:34:08,786.35,810479
2021-06-21 09:34:09,786.35,810731
2021-06-21 09:34:11,786.2,811285
2021-06-21 09:34:12,786.2,811421
2021-06-21 09:34:13,786.2,811630
2021-06-21 09:34:14,786.3,812157
2021-06-21 09:34:16,786.25,812359
2021-06-21 09:34:17,786.45,817416
2021-06-21 09:34:19,786.15,820295
2021-06-21 09:34:19,786.0,820340
2021-06-21 09:34:20,786.0,820418
2021-06-21 09:34:21,786.0,821374
2021-06-21 09:34:22,785.65,821901
2021-06-21 09:34:24,785.6,821978
2021-06-21 09:34:25,785.5,822083
2021-06-21 09:34:26,785.55,823484
2021-06-21 09:34:27,785.75,824518
2021-06-21 09:34:27,785.45,824568
2021-06-21 09:34:28,785.3,824935
2021-06-21 09:34:30,785.65,824955
2021-06-21 09:34:30,786.0,829921
2021-06-21 09:34:31,785.75,830103
2021-06-21 09:34:32,785.7,830353
2021-06-21 09:34:34,785.65,830586
2021-06-21 09:34:35,786.0,831232
2021-06-21 09:34:36,785.95,832514
2021-06-21 09:34:36,785.95,832519
2021-06-21 09:34:37,786.45,834048
2021-06-21 09:34:38,786.1,835448
2021-06-21 09:34:39,786.45,835651
2021-06-21 09:34:40,786.1,835763
2021-06-21 09:34:41,786.0,835888
2021-06-21 09:34:42,786.4,836134
2021-06-21 09:34:44,786.0,836291
2021-06-21 09:34:45,785.95,836351
2021-06-21 09:34:46,786.0,836701
2021-06-21 09:34:47,786.0,836742
2021-06-21 09:34:48,786.0,836863
2021-06-21 09:34:50,786.1,837055
2021-06-21 09:34:51,786.4,837083
2021-06-21 09:34:51,786.1,837123
2021-06-21 09:34:52,786.1,837150
2021-06-21 09:34:53,786.1,837156
2021-06-21 09:34:55,786.1,838130
2021-06-21 09:34:56,786.1,838830
2021-06-21 09:34:57,786.1,838885
2021-06-21 09:34:58,786.0,839163
2021-06-21 09:34:59,786.35,839504
2021-06-21 09:35:00,786.05,839539
2021-06-21 09:35:01,786.7,841093
2021-06-21 09:35:01,786.7,841093
2021-06-21 09:35:02,786.3,841141
2021-06-21 09:35:03,786.1,841570
2021-06-21 09:35:04,786.2,842156
2021-06-21 09:35:07,786.5,843023
2021-06-21 09:35:08,786.75,848992
2021-06-21 09:35:09,787.2,849144
2021-06-21 09:35:10,786.55,849244
2021-06-21 09:35:11,787.0,849346
2021-06-21 09:35:12,787.0,850054
2021-06-21 09:35:13,787.0,850077
2021-06-21 09:35:14,786.55,850552
2021-06-21 09:35:16,786.95,851598
2021-06-21 09:35:17,787.0,852184
2021-06-21 09:35:18,787.0,852769
2021-06-21 09:35:19,787.0,852907
2021-06-21 09:35:20,787.0,853626
2021-06-21 09:35:21,787.35,855744
2021-06-21 09:35:22,786.9,855774
2021-06-21 09:35:22,787.35,855808
2021-06-21 09:35:23,786.75,856307
2021-06-21 09:35:25,786.65,856458
2021-06-21 09:35:26,786.6,858036
2021-06-21 09:35:27,786.55,858138
2021-06-21 09:35:28,786.5,859429
2021-06-21 09:35:29,786.5,860019
2021-06-21 09:35:30,786.85,861074
2021-06-21 09:35:32,786.5,865856
2021-06-21 09:35:33,786.2,866820
2021-06-21 09:35:34,786.2,866968
2021-06-21 09:35:35,786.15,867619
2021-06-21 09:35:36,786.15,867783
2021-06-21 09:35:36,786.5,867883
2021-06-21 09:35:39,786.1,868121
2021-06-21 09:35:40,786.1,868192
2021-06-21 09:35:41,786.2,868246
2021-06-21 09:35:42,786.05,868437
2021-06-21 09:35:43,786.2,868796
2021-06-21 09:35:44,786.15,869060
2021-06-21 09:35:45,786.15,869227
2021-06-21 09:35:48,786.0,874052
2021-06-21 09:35:49,785.5,875403
2021-06-21 09:35:49,785.5,875408
2021-06-21 09:35:50,785.95,875758
2021-06-21 09:35:52,785.95,875770
2021-06-21 09:35:53,785.95,875996
2021-06-21 09:35:54,785.95,876107
2021-06-21 09:35:55,785.5,876240
2021-06-21 09:35:56,785.5,876327
2021-06-21 09:35:57,785.7,876503
2021-06-21 09:35:58,785.5,878324
2021-06-21 09:35:59,785.7,878523
2021-06-21 09:36:00,785.35,880167
2021-06-21 09:36:00,785.7,880169
2021-06-21 09:36:02,785.7,880292
2021-06-21 09:36:03,785.7,881058
2021-06-21 09:36:04,785.5,881203
2021-06-21 09:36:05,785.5,881204
2021-06-21 09:36:06,785.6,883253
2021-06-21 09:36:07,785.3,883269
2021-06-21 09:36:08,785.5,883377
2021-06-21 09:36:09,785.5,883731
2021-06-21 09:36:10,785.35,884001
2021-06-21 09:36:12,785.25,884682
2021-06-21 09:36:13,785.5,884933
2021-06-21 09:36:14,785.3,885010
2021-06-21 09:36:16,785.5,885242
2021-06-21 09:36:17,785.35,885598
2021-06-21 09:36:18,785.3,885690
2021-06-21 09:36:19,785.45,885990
2021-06-21 09:36:20,785.45,886059
2021-06-21 09:36:21,785.45,886109
2021-06-21 09:36:22,785.5,886479
2021-06-21 09:36:23,785.65,886679
2021-06-21 09:36:24,785.8,888066
2021-06-21 09:36:25,785.5,888209
2021-06-21 09:36:26,785.5,888246
2021-06-21 09:36:27,785.7,889307
2021-06-21 09:36:28,785.15,889508
2021-06-21 09:36:29,785.5,889518
2021-06-21 09:36:30,785.5,889968
2021-06-21 09:36:31,785.45,890271
2021-06-21 09:36:32,785.5,890503
2021-06-21 09:36:33,785.5,890505
2021-06-21 09:36:34,785.5,890780
2021-06-21 09:36:35,785.15,890797
2021-06-21 09:36:36,785.1,890881
2021-06-21 09:36:37,785.25,890974
2021-06-21 09:36:38,785.15,891140
2021-06-21 09:36:39,785.45,891570
2021-06-21 09:36:40,785.3,893967
2021-06-21 09:36:43,785.6,895459
2021-06-21 09:36:44,785.2,896806
2021-06-21 09:36:47,784.8,915551
2021-06-21 09:36:48,784.3,915879
2021-06-21 09:36:49,784.3,915885
2021-06-21 09:36:50,784.15,916146
2021-06-21 09:36:52,784.3,917769
2021-06-21 09:36:53,784.05,918628
2021-06-21 09:36:54,784.0,921243
2021-06-21 09:36:55,784.3,921635
2021-06-21 09:36:56,784.05,921837
2021-06-21 09:36:57,784.0,921874
2021-06-21 09:36:58,784.25,921877
2021-06-21 09:36:59,784.25,922229
2021-06-21 09:37:00,784.3,934377
2021-06-21 09:37:01,784.2,936368
2021-06-21 09:37:02,784.05,937195
2021-06-21 09:37:03,784.45,937502
2021-06-21 09:37:04,784.65,938002
2021-06-21 09:37:05,784.25,939765
2021-06-21 09:37:06,784.6,939984
2021-06-21 09:37:07,784.25,940065
2021-06-21 09:37:08,784.25,940351
2021-06-21 09:37:09,784.5,940756
2021-06-21 09:37:10,784.5,940756
2021-06-21 09:37:11,784.5,941181
2021-06-21 09:37:12,784.4,941293
2021-06-21 09:37:13,784.4,941470
2021-06-21 09:37:14,784.65,941618
2021-06-21 09:37:15,784.1,942632
2021-06-21 09:37:16,784.25,943164
2021-06-21 09:37:17,784.5,943285
2021-06-21 09:37:19,784.0,946812
2021-06-21 09:37:20,784.05,947250
2021-06-21 09:37:21,784.25,948157
2021-06-21 09:37:22,784.0,948327
2021-06-21 09:37:23,784.3,948665
2021-06-21 09:37:24,784.35,948768
2021-06-21 09:37:25,784.05,948878
2021-06-21 09:37:26,784.1,949879
2021-06-21 09:37:27,784.25,950073
2021-06-21 09:37:28,784.4,950187
2021-06-21 09:37:30,784.05,952373
2021-06-21 09:37:31,783.85,952574
2021-06-21 09:37:32,784.05,953195
2021-06-21 09:37:33,784.0,954746
2021-06-21 09:37:34,783.9,957263
2021-06-21 09:37:35,783.9,957263
2021-06-21 09:37:36,784.4,957574
2021-06-21 09:37:37,783.8,958283
2021-06-21 09:37:38,784.1,959583
2021-06-21 09:37:39,784.1,960189
2021-06-21 09:37:40,784.0,960997
2021-06-21 09:37:41,783.7,961216
2021-06-21 09:37:42,783.75,961356
2021-06-21 09:37:43,783.6,962760
2021-06-21 09:37:44,784.1,964200
2021-06-21 09:37:45,783.6,964521
2021-06-21 09:37:46,783.8,964994
2021-06-21 09:37:47,783.9,965306
2021-06-21 09:37:48,783.65,965522
2021-06-21 09:37:49,783.6,968688
2021-06-21 09:37:50,783.5,968892
2021-06-21 09:37:51,783.5,968911
2021-06-21 09:37:52,783.6,968938
2021-06-21 09:37:53,783.55,969065
2021-06-21 09:37:54,783.9,969137
2021-06-21 09:37:55,784.0,969347
2021-06-21 09:37:56,784.0,970461
2021-06-21 09:37:57,783.55,971622
2021-06-21 09:37:58,783.55,971978
2021-06-21 09:37:59,784.1,975233
2021-06-21 09:38:00,784.7,983383
2021-06-21 09:38:01,785.5,983654
2021-06-21 09:38:02,785.5,983654
2021-06-21 09:38:03,784.7,984041
2021-06-21 09:38:04,784.25,984483
2021-06-21 09:38:05,784.6,984648
2021-06-21 09:38:06,784.0,984732
2021-06-21 09:38:07,784.55,984873
2021-06-21 09:38:08,784.55,985274
2021-06-21 09:38:09,784.5,985379
2021-06-21 09:38:10,784.5,985753
2021-06-21 09:38:11,784.5,986571
2021-06-21 09:38:12,784.5,987071
2021-06-21 09:38:13,784.45,987416
2021-06-21 09:38:14,784.45,987759
2021-06-21 09:38:15,784.45,988000
2021-06-21 09:38:16,784.0,989008
2021-06-21 09:38:17,784.0,989008
2021-06-21 09:38:18,784.35,989087
2021-06-21 09:38:19,784.05,989333
2021-06-21 09:38:20,784.4,989558
2021-06-21 09:38:21,784.4,989818
2021-06-21 09:38:22,784.4,989818
2021-06-21 09:38:23,784.35,990258
2021-06-21 09:38:24,784.05,990268
2021-06-21 09:38:25,784.4,990480
2021-06-21 09:38:26,784.7,997071
2021-06-21 09:38:27,785.0,997301
2021-06-21 09:38:28,785.0,997875
2021-06-21 09:38:30,784.7,998057
2021-06-21 09:38:31,784.85,999517
2021-06-21 09:38:32,784.7,999518
2021-06-21 09:38:33,785.0,1002020
2021-06-21 09:38:34,784.8,1002039
2021-06-21 09:38:35,784.9,1002120
2021-06-21 09:38:36,784.95,1002344
2021-06-21 09:38:37,784.55,1002596
2021-06-21 09:38:38,784.45,1002697
2021-06-21 09:38:40,784.4,1002872
2021-06-21 09:38:39,784.4,1002866
2021-06-21 09:38:41,784.55,1003016
2021-06-21 09:38:42,784.55,1003040
2021-06-21 09:38:43,784.9,1003100
2021-06-21 09:38:44,784.4,1003424
2021-06-21 09:38:45,784.85,1004133
2021-06-21 09:38:46,784.85,1004133
2021-06-21 09:38:47,784.85,1004276
2021-06-21 09:38:48,785.0,1005342
2021-06-21 09:38:49,785.0,1005350
2021-06-21 09:38:50,784.55,1005428
2021-06-21 09:38:52,784.55,1005647
2021-06-21 09:38:53,784.55,1005728
2021-06-21 09:38:54,784.65,1005759
2021-06-21 09:38:55,784.8,1007019
2021-06-21 09:38:56,784.8,1007019
2021-06-21 09:38:57,784.95,1007213
2021-06-21 09:38:58,784.95,1007313
2021-06-21 09:38:59,784.9,1018450
2021-06-21 09:39:00,784.55,1018457
2021-06-21 09:39:02,784.7,1018564
2021-06-21 09:39:02,784.7,1018582
2021-06-21 09:39:03,784.8,1018615
2021-06-21 09:39:04,784.8,1018650
2021-06-21 09:39:05,785.0,1028942
2021-06-21 09:39:06,785.3,1029084
2021-06-21 09:39:08,784.95,1030515
2021-06-21 09:39:09,785.2,1031563
2021-06-21 09:39:10,785.4,1032014
2021-06-21 09:39:11,785.4,1032150
2021-06-21 09:39:13,785.05,1037754
2021-06-21 09:39:13,785.05,1037824
2021-06-21 09:39:15,785.15,1038105
2021-06-21 09:39:16,785.5,1039182
2021-06-21 09:39:17,785.2,1039232
2021-06-21 09:39:18,785.5,1039373
2021-06-21 09:39:20,785.25,1039449
2021-06-21 09:39:20,785.25,1039449
2021-06-21 09:39:21,785.25,1040301
2021-06-21 09:39:22,785.5,1040547
2021-06-21 09:39:23,785.3,1041109
2021-06-21 09:39:24,785.5,1043275
2021-06-21 09:39:25,785.45,1043614
2021-06-21 09:39:26,785.05,1043823
2021-06-21 09:39:27,784.95,1049761
2021-06-21 09:39:28,785.0,1050198
2021-06-21 09:39:29,785.05,1052209
2021-06-21 09:39:30,785.5,1052473
2021-06-21 09:39:31,785.05,1052570
2021-06-21 09:39:32,785.3,1052870
2021-06-21 09:39:33,785.0,1053188
2021-06-21 09:39:35,785.45,1054181
2021-06-21 09:39:35,785.45,1054181
2021-06-21 09:39:36,785.45,1054211
2021-06-21 09:39:37,785.45,1054236
2021-06-21 09:39:38,785.25,1054366
2021-06-21 09:39:39,785.25,1054907
2021-06-21 09:39:40,785.3,1055500
2021-06-21 09:39:41,784.8,1059360
2021-06-21 09:39:43,784.95,1059794
2021-06-21 09:39:44,784.95,1060094
2021-06-21 09:39:45,784.95,1060233
2021-06-21 09:39:46,784.9,1060383
2021-06-21 09:39:47,784.55,1060482
2021-06-21 09:39:48,784.9,1060779
2021-06-21 09:39:49,784.9,1060811
2021-06-21 09:39:49,784.55,1060862
2021-06-21 09:39:50,784.9,1060896
2021-06-21 09:39:51,784.6,1061779
2021-06-21 09:39:53,784.9,1062013
2021-06-21 09:39:54,784.9,1062032
2021-06-21 09:39:55,784.6,1062082
2021-06-21 09:39:56,784.95,1062504
2021-06-21 09:39:57,784.6,1062559
2021-06-21 09:39:58,784.6,1063011
2021-06-21 09:39:59,784.95,1063057
2021-06-21 09:40:00,784.55,1064636
2021-06-21 09:40:01,784.6,1065182
2021-06-21 09:40:02,784.8,1065523
2021-06-21 09:40:03,784.95,1065543
2021-06-21 09:40:04,785.0,1065993
2021-06-21 09:40:05,785.0,1066056
2021-06-21 09:40:06,785.0,1066373
2021-06-21 09:40:07,785.0,1066438
2021-06-21 09:40:08,784.8,1066607
2021-06-21 09:40:09,785.0,1066609
2021-06-21 09:40:10,784.9,1067458
2021-06-21 09:40:11,785.0,1067973
2021-06-21 09:40:12,785.0,1068140
2021-06-21 09:40:14,785.0,1068801
2021-06-21 09:40:15,785.0,1069032
2021-06-21 09:40:16,784.7,1069553
2021-06-21 09:40:17,785.0,1069573
2021-06-21 09:40:18,784.75,1069611
2021-06-21 09:40:18,785.0,1069576
2021-06-21 09:40:19,785.0,1069847
2021-06-21 09:40:20,785.0,1071071
2021-06-21 09:40:21,784.75,1071165
2021-06-21 09:40:22,785.0,1071309
2021-06-21 09:40:23,785.0,1071909
2021-06-21 09:40:24,785.0,1071987
2021-06-21 09:40:25,784.9,1072043
2021-06-21 09:40:26,784.7,1072408
2021-06-21 09:40:27,784.3,1075820
2021-06-21 09:40:28,784.4,1076021
2021-06-21 09:40:29,784.45,1076451
2021-06-21 09:40:30,784.45,1076538
2021-06-21 09:40:31,784.45,1076605
2021-06-21 09:40:32,784.45,1076956
2021-06-21 09:40:33,784.45,1076994
2021-06-21 09:40:35,784.1,1077562
2021-06-21 09:40:36,784.45,1077642
2021-06-21 09:40:36,784.45,1077584
2021-06-21 09:40:37,784.1,1077786
2021-06-21 09:40:38,784.45,1078162
2021-06-21 09:40:39,784.1,1078392
2021-06-21 09:40:40,784.45,1078422
2021-06-21 09:40:41,784.1,1078847
2021-06-21 09:40:42,784.45,1078880
2021-06-21 09:40:43,784.45,1078983
2021-06-21 09:40:44,784.45,1078983
2021-06-21 09:40:45,784.45,1079242
2021-06-21 09:40:46,784.45,1079681
2021-06-21 09:40:47,784.45,1079731
2021-06-21 09:40:48,784.3,1080032
2021-06-21 09:40:49,784.3,1080336
2021-06-21 09:40:50,784.15,1080337
2021-06-21 09:40:51,784.1,1080447
2021-06-21 09:40:55,784.45,1081349
2021-06-21 09:40:56,784.15,1081504
2021-06-21 09:40:57,784.1,1081798
2021-06-21 09:40:58,784.5,1081913
2021-06-21 09:40:59,784.45,1081972
2021-06-21 09:41:00,784.55,1082392
2021-06-21 09:41:01,784.45,1082393
2021-06-21 09:41:02,784.4,1084728
2021-06-21 09:41:03,784.65,1084739
2021-06-21 09:41:04,784.5,1084891
2021-06-21 09:41:06,784.15,1085548
2021-06-21 09:41:07,784.65,1088011
2021-06-21 09:41:08,784.65,1088336
2021-06-21 09:41:09,784.25,1088358
2021-06-21 09:41:10,784.65,1088523
2021-06-21 09:41:11,784.25,1088623
2021-06-21 09:41:12,784.25,1088877
2021-06-21 09:41:13,784.65,1088879
2021-06-21 09:41:14,784.65,1088906
2021-06-21 09:41:15,784.65,1088933
2021-06-21 09:41:17,784.65,1092808
2021-06-21 09:41:19,784.65,1092856
2021-06-21 09:41:20,784.65,1092908
2021-06-21 09:41:22,784.65,1092926
2021-06-21 09:41:23,784.65,1092941
2021-06-21 09:41:24,784.65,1092941
2021-06-21 09:41:25,784.65,1093001
2021-06-21 09:41:26,784.8,1103222
2021-06-21 09:41:27,784.75,1103273
2021-06-21 09:41:28,785.0,1103287
2021-06-21 09:41:30,785.0,1103287
2021-06-21 09:41:31,785.0,1104343
2021-06-21 09:41:31,785.0,1104343
2021-06-21 09:41:32,784.8,1104406
2021-06-21 09:41:35,785.0,1105596
2021-06-21 09:41:36,785.0,1105596
2021-06-21 09:41:37,785.35,1112199
2021-06-21 09:41:38,785.35,1112400
2021-06-21 09:41:40,785.35,1112460
2021-06-21 09:41:41,785.0,1112515
2021-06-21 09:41:42,785.0,1112821
2021-06-21 09:41:42,785.0,1112821
2021-06-21 09:41:43,785.05,1112848
2021-06-21 09:41:44,785.25,1115308
2021-06-21 09:41:45,785.25,1116448
2021-06-21 09:41:46,785.25,1116655
2021-06-21 09:41:47,785.25,1116907
2021-06-21 09:41:49,785.25,1117172
2021-06-21 09:41:50,785.25,1117248
2021-06-21 09:41:51,785.35,1118298
2021-06-21 09:41:51,785.35,1118298
2021-06-21 09:41:52,785.0,1119316
2021-06-21 09:41:54,785.2,1119317
2021-06-21 09:41:54,785.2,1119402
2021-06-21 09:41:55,785.2,1119923
2021-06-21 09:41:56,785.2,1119925
2021-06-21 09:41:57,785.0,1121365
2021-06-21 09:41:58,785.35,1126332
2021-06-21 09:41:59,785.5,1130495
2021-06-21 09:42:01,785.2,1130795
2021-06-21 09:42:02,785.2,1130941
2021-06-21 09:42:03,785.3,1131018
2021-06-21 09:42:04,785.3,1133273
2021-06-21 09:42:05,785.5,1133817
2021-06-21 09:42:06,785.5,1133833
2021-06-21 09:42:07,785.5,1133834
2021-06-21 09:42:08,785.3,1133847
2021-06-21 09:42:09,785.5,1135369
2021-06-21 09:42:09,785.5,1135359
2021-06-21 09:42:10,785.5,1135409
2021-06-21 09:42:11,785.5,1135659
2021-06-21 09:42:12,785.5,1135679
2021-06-21 09:42:13,785.5,1135846
2021-06-21 09:42:14,785.5,1137251
2021-06-21 09:42:16,785.5,1137913
2021-06-21 09:42:17,785.5,1138077
2021-06-21 09:42:18,785.5,1138084
2021-06-21 09:42:19,785.5,1138092
2021-06-21 09:42:19,785.5,1138092
2021-06-21 09:42:21,785.4,1141607
2021-06-21 09:42:23,785.5,1143134
2021-06-21 09:42:24,785.15,1143460
2021-06-21 09:42:25,785.1,1143510
2021-06-21 09:42:26,785.5,1143783
2021-06-21 09:42:27,785.5,1143839
2021-06-21 09:42:28,785.45,1143926
2021-06-21 09:42:29,785.5,1144058
2021-06-21 09:42:30,785.5,1149504
2021-06-21 09:42:31,785.5,1149704
2021-06-21 09:42:32,785.5,1149958
2021-06-21 09:42:33,785.25,1150984
2021-06-21 09:42:34,784.9,1152067
2021-06-21 09:42:35,785.35,1152447
2021-06-21 09:42:36,785.35,1152472
2021-06-21 09:42:37,785.35,1152572
2021-06-21 09:42:38,785.35,1152572
2021-06-21 09:42:39,785.35,1152648
2021-06-21 09:42:39,785.35,1152648
2021-06-21 09:42:40,785.0,1156973
2021-06-21 09:42:41,785.0,1160125
2021-06-21 09:42:42,785.5,1160434
2021-06-21 09:42:44,785.35,1161057
2021-06-21 09:42:45,785.3,1161112
2021-06-21 09:42:46,785.0,1161332
2021-06-21 09:42:47,785.35,1161427
2021-06-21 09:42:48,785.35,1161435
2021-06-21 09:42:49,785.0,1161457
2021-06-21 09:42:50,785.2,1161538
2021-06-21 09:42:51,785.2,1161914
2021-06-21 09:42:52,785.15,1162886
2021-06-21 09:42:53,784.8,1162896
2021-06-21 09:42:54,785.15,1162955
2021-06-21 09:42:56,784.8,1163204
2021-06-21 09:42:57,785.2,1165214
2021-06-21 09:42:57,785.15,1165264
2021-06-21 09:42:58,785.05,1166588
2021-06-21 09:42:59,785.2,1166618
2021-06-21 09:43:00,785.2,1166652
2021-06-21 09:43:02,785.2,1167959
2021-06-21 09:43:03,785.2,1167989
2021-06-21 09:43:04,785.05,1168580
2021-06-21 09:43:05,785.2,1168583
2021-06-21 09:43:06,785.2,1168645
2021-06-21 09:43:06,785.2,1168645
2021-06-21 09:43:08,785.2,1173967
2021-06-21 09:43:09,785.2,1173967
2021-06-21 09:43:10,785.5,1174262
2021-06-21 09:43:12,785.5,1174352
2021-06-21 09:43:13,785.5,1174373
2021-06-21 09:43:14,785.3,1174391
2021-06-21 09:43:16,785.5,1174561
2021-06-21 09:43:17,785.5,1176200
2021-06-21 09:43:17,785.5,1176200
2021-06-21 09:43:18,785.5,1176413
2021-06-21 09:43:19,785.5,1179019
2021-06-21 09:43:20,785.5,1179026
2021-06-21 09:43:21,785.5,1180556
2021-06-21 09:43:22,785.5,1181648
2021-06-21 09:43:23,785.3,1183083
2021-06-21 09:43:24,785.5,1183118
2021-06-21 09:43:25,785.5,1183323
2021-06-21 09:43:26,785.5,1183425
2021-06-21 09:43:27,785.5,1183427
2021-06-21 09:43:28,785.5,1183532
2021-06-21 09:43:29,785.5,1183898
2021-06-21 09:43:30,785.5,1183943
2021-06-21 09:43:31,785.5,1184003
2021-06-21 09:43:32,785.7,1189284
2021-06-21 09:43:33,786.0,1189818
2021-06-21 09:43:34,786.0,1190023
2021-06-21 09:43:35,786.0,1190075
2021-06-21 09:43:36,785.65,1190250
2021-06-21 09:43:37,785.6,1190888
2021-06-21 09:43:38,785.5,1193063
2021-06-21 09:43:39,785.5,1193353
2021-06-21 09:43:40,785.5,1193514
2021-06-21 09:43:41,786.0,1200944
2021-06-21 09:43:43,785.95,1202412
2021-06-21 09:43:44,785.9,1202630
2021-06-21 09:43:46,785.5,1206359
2021-06-21 09:43:47,785.5,1206868
2021-06-21 09:43:48,785.5,1207378
2021-06-21 09:43:49,785.5,1207697
2021-06-21 09:43:49,785.5,1207697
2021-06-21 09:43:50,785.5,1207833
2021-06-21 09:43:51,785.5,1209634
2021-06-21 09:43:52,785.5,1209762
2021-06-21 09:43:55,785.5,1211821
2021-06-21 09:43:55,785.9,1211823
2021-06-21 09:43:56,785.95,1212000
2021-06-21 09:43:57,786.1,1227509
2021-06-21 09:43:59,785.7,1227514
2021-06-21 09:43:59,786.1,1227734
2021-06-21 09:44:00,786.1,1227745
2021-06-21 09:44:01,785.55,1228445
2021-06-21 09:44:02,786.0,1228517
2021-06-21 09:44:03,785.85,1229120
2021-06-21 09:44:04,785.85,1229381
2021-06-21 09:44:05,785.5,1229888
2021-06-21 09:44:06,785.85,1229980
2021-06-21 09:44:07,785.85,1230048
2021-06-21 09:44:08,785.9,1230169
2021-06-21 09:44:09,785.85,1230334
2021-06-21 09:44:11,785.85,1230471
2021-06-21 09:44:12,786.0,1232089
2021-06-21 09:44:12,786.0,1232089
2021-06-21 09:44:13,786.0,1232119
2021-06-21 09:44:15,785.75,1232449
2021-06-21 09:44:16,785.75,1233400
2021-06-21 09:44:16,785.75,1233400
2021-06-21 09:44:18,785.0,1241309
2021-06-21 09:44:19,784.95,1248875
2021-06-21 09:44:20,784.95,1249124
2021-06-21 09:44:21,784.95,1253728
2021-06-21 09:44:22,784.95,1253728
2021-06-21 09:44:23,784.7,1253861
2021-06-21 09:44:23,784.7,1253861
2021-06-21 09:44:24,784.7,1253893
2021-06-21 09:44:26,784.7,1254096
2021-06-21 09:44:27,784.95,1254306
2021-06-21 09:44:27,784.95,1254306
2021-06-21 09:44:29,785.0,1254386
2021-06-21 09:44:30,784.9,1256270
2021-06-21 09:44:31,785.0,1256290
2021-06-21 09:44:32,785.0,1256440
2021-06-21 09:44:33,785.0,1256481
2021-06-21 09:44:33,785.0,1256481
2021-06-21 09:44:34,785.0,1256696
2021-06-21 09:44:35,785.0,1256697
2021-06-21 09:44:36,785.0,1256798
2021-06-21 09:44:37,784.95,1256922
2021-06-21 09:44:39,784.95,1256935
2021-06-21 09:44:40,784.95,1256935
2021-06-21 09:44:40,784.9,1256955
2021-06-21 09:44:41,785.0,1257461
2021-06-21 09:44:42,785.0,1257483
2021-06-21 09:44:43,785.0,1257483
2021-06-21 09:44:44,785.3,1257901
2021-06-21 09:44:45,785.5,1257975
2021-06-21 09:44:46,785.5,1257986
2021-06-21 09:44:47,785.1,1259874
2021-06-21 09:44:49,785.4,1260279
2021-06-21 09:44:50,785.1,1260499
2021-06-21 09:44:51,785.45,1261934
2021-06-21 09:44:52,785.45,1261936
2021-06-21 09:44:53,785.3,1262260
2021-06-21 09:44:54,785.05,1262310
2021-06-21 09:44:55,785.3,1262360
2021-06-21 09:44:56,784.95,1263077
2021-06-21 09:44:57,784.9,1263534
2021-06-21 09:44:58,784.95,1265054
2021-06-21 09:44:59,784.95,1265216
2021-06-21 09:45:00,784.5,1271065
2021-06-21 09:45:01,784.45,1272920
2021-06-21 09:45:01,784.6,1272922
2021-06-21 09:45:02,784.6,1272952
2021-06-21 09:45:03,784.5,1273695
2021-06-21 09:45:04,784.5,1273816
2021-06-21 09:45:05,784.1,1274063
2021-06-21 09:45:06,784.1,1274928
2021-06-21 09:45:07,784.1,1275219
2021-06-21 09:45:08,784.1,1275247
2021-06-21 09:45:10,784.4,1275511
2021-06-21 09:45:12,784.1,1275850
2021-06-21 09:45:13,784.1,1276863
2021-06-21 09:45:14,784.4,1277048
2021-06-21 09:45:14,784.4,1277088
2021-06-21 09:45:15,784.35,1277314
2021-06-21 09:45:16,782.9,1312922
2021-06-21 09:45:17,783.3,1315013
2021-06-21 09:45:18,783.1,1318294
2021-06-21 09:45:20,782.3,1329454
2021-06-21 09:45:21,782.5,1332195
2021-06-21 09:45:22,782.5,1332263
2021-06-21 09:45:23,782.0,1335392
2021-06-21 09:45:23,782.55,1337913
2021-06-21 09:45:25,783.5,1341343
2021-06-21 09:45:26,783.2,1342983
2021-06-21 09:45:27,783.45,1343115
2021-06-21 09:45:28,782.85,1343329
2021-06-21 09:45:29,782.6,1343494
2021-06-21 09:45:30,783.0,1343865
2021-06-21 09:45:31,782.55,1344570
2021-06-21 09:45:33,782.9,1346065
2021-06-21 09:45:34,782.95,1346633
2021-06-21 09:45:35,782.9,1346962
2021-06-21 09:45:36,782.8,1348240
2021-06-21 09:45:37,782.1,1349892
2021-06-21 09:45:38,782.1,1349969
2021-06-21 09:45:38,782.4,1349995
2021-06-21 09:45:39,782.1,1350895
2021-06-21 09:45:41,781.5,1361657
2021-06-21 09:45:41,781.15,1364666
2021-06-21 09:45:42,781.6,1365461
2021-06-21 09:45:43,781.45,1367211
2021-06-21 09:45:46,780.6,1379239
2021-06-21 09:45:47,781.05,1380195
2021-06-21 09:45:48,780.55,1381784
2021-06-21 09:45:48,780.6,1381936
2021-06-21 09:45:52,780.9,1386338
2021-06-21 09:45:54,780.9,1388049
2021-06-21 09:45:55,780.8,1389044
2021-06-21 09:45:57,780.9,1389610
2021-06-21 09:45:57,780.9,1390274
2021-06-21 09:45:58,780.9,1391029
2021-06-21 09:45:59,780.9,1391462
2021-06-21 09:46:00,781.05,1395864
2021-06-21 09:46:02,781.1,1396496
2021-06-21 09:46:02,781.1,1396696
2021-06-21 09:46:03,781.4,1396938
2021-06-21 09:46:04,781.4,1396944
2021-06-21 09:46:06,781.3,1398783
2021-06-21 09:46:07,781.4,1399123
2021-06-21 09:46:08,781.6,1401759
2021-06-21 09:46:08,781.6,1401759
2021-06-21 09:46:09,781.15,1402774
2021-06-21 09:46:10,781.15,1402841
2021-06-21 09:46:12,781.5,1404141
2021-06-21 09:46:12,782.0,1405908
2021-06-21 09:46:14,781.75,1406629
2021-06-21 09:46:15,782.1,1406775
2021-06-21 09:46:16,781.75,1407028
2021-06-21 09:46:17,782.05,1408925
2021-06-21 09:46:17,781.5,1409675
2021-06-21 09:46:19,781.85,1410318
2021-06-21 09:46:20,781.8,1410636
2021-06-21 09:46:21,781.5,1410809
2021-06-21 09:46:22,781.55,1411190
2021-06-21 09:46:23,781.15,1411628
2021-06-21 09:46:24,781.7,1412140
2021-06-21 09:46:24,781.4,1412160
2021-06-21 09:46:26,781.7,1412512
2021-06-21 09:46:27,781.55,1412677
2021-06-21 09:46:27,781.55,1412677
2021-06-21 09:46:28,781.5,1412764
2021-06-21 09:46:29,781.6,1412828
2021-06-21 09:46:30,781.55,1413257
2021-06-21 09:46:31,781.7,1413572
2021-06-21 09:46:32,781.7,1413622
2021-06-21 09:46:34,781.7,1413869
2021-06-21 09:46:35,781.4,1414071
2021-06-21 09:46:36,781.35,1414354
2021-06-21 09:46:37,781.6,1414661
2021-06-21 09:46:37,781.5,1414757
2021-06-21 09:46:39,781.5,1414868
2021-06-21 09:46:40,781.15,1415222
2021-06-21 09:46:40,781.1,1415246
2021-06-21 09:46:42,781.1,1415995
2021-06-21 09:46:43,781.5,1416151
2021-06-21 09:46:44,781.45,1416206
2021-06-21 09:46:44,781.1,1416208
2021-06-21 09:46:45,781.7,1418597
2021-06-21 09:46:46,781.3,1419158
2021-06-21 09:46:47,781.7,1419317
2021-06-21 09:46:49,781.5,1419593
2021-06-21 09:46:50,781.3,1419783
2021-06-21 09:46:51,781.15,1420277
2021-06-21 09:46:51,781.5,1420377
2021-06-21 09:46:52,781.3,1420823
2021-06-21 09:46:54,781.15,1421648
2021-06-21 09:46:55,781.6,1421844
2021-06-21 09:46:56,781.6,1422318
2021-06-21 09:46:57,781.25,1422434
2021-06-21 09:47:01,781.75,1423660
2021-06-21 09:47:01,781.7,1423661
2021-06-21 09:47:02,781.55,1424380
2021-06-21 09:47:03,781.95,1424430
2021-06-21 09:47:04,781.55,1424958
2021-06-21 09:47:06,782.0,1425869
2021-06-21 09:47:07,781.95,1426023
2021-06-21 09:47:08,781.6,1426179
2021-06-21 09:47:09,781.6,1426373
2021-06-21 09:47:09,781.95,1426393
2021-06-21 09:47:12,782.0,1431350
2021-06-21 09:47:14,781.95,1432265
2021-06-21 09:47:15,781.55,1433217
2021-06-21 09:47:16,781.5,1433948
2021-06-21 09:47:17,781.3,1435177
2021-06-21 09:47:17,781.65,1435477
2021-06-21 09:47:18,781.6,1436196
2021-06-21 09:47:20,781.15,1436723
2021-06-21 09:47:21,781.15,1437014
2021-06-21 09:47:22,781.15,1437141
2021-06-21 09:47:23,781.5,1437676
2021-06-21 09:47:23,781.5,1437677
2021-06-21 09:47:25,781.2,1439160
2021-06-21 09:47:26,781.55,1439290
2021-06-21 09:47:27,781.5,1439380
2021-06-21 09:47:28,781.55,1443388
2021-06-21 09:47:29,781.15,1444454
2021-06-21 09:47:30,781.1,1445123
2021-06-21 09:47:31,781.15,1445862
2021-06-21 09:47:32,781.15,1446187
2021-06-21 09:47:33,781.15,1446187
2021-06-21 09:47:34,781.7,1447229
2021-06-21 09:47:35,782.0,1447722
2021-06-21 09:47:36,782.0,1447827
2021-06-21 09:47:37,781.7,1448834
2021-06-21 09:47:38,781.65,1448878
2021-06-21 09:47:39,781.7,1449395
2021-06-21 09:47:40,781.3,1449756
2021-06-21 09:47:41,781.25,1449930
2021-06-21 09:47:42,781.55,1449996
2021-06-21 09:47:43,781.7,1450709
2021-06-21 09:47:44,781.7,1450832
2021-06-21 09:47:45,781.7,1450885
2021-06-21 09:47:46,781.65,1450943
2021-06-21 09:47:47,781.65,1451097
2021-06-21 09:47:48,781.3,1451197
2021-06-21 09:47:49,781.3,1451197
2021-06-21 09:47:50,781.3,1451811
2021-06-21 09:47:51,781.6,1452326
2021-06-21 09:47:52,781.7,1452839
2021-06-21 09:47:53,781.7,1452981
2021-06-21 09:47:54,781.7,1453098
2021-06-21 09:47:55,781.35,1453247
2021-06-21 09:47:56,781.35,1453406
2021-06-21 09:47:57,781.7,1453436
2021-06-21 09:47:58,782.0,1453559
2021-06-21 09:47:59,781.9,1453961
2021-06-21 09:48:00,781.7,1454325
2021-06-21 09:48:01,781.65,1454356
2021-06-21 09:48:02,781.65,1454504
2021-06-21 09:48:03,781.65,1454838
2021-06-21 09:48:04,781.35,1455038
2021-06-21 09:48:05,781.3,1455450
2021-06-21 09:48:06,781.65,1455455
2021-06-21 09:48:07,781.65,1455781
2021-06-21 09:48:08,781.7,1455886
2021-06-21 09:48:09,781.7,1455888
2021-06-21 09:48:10,781.25,1456023
2021-06-21 09:48:11,781.65,1456211
2021-06-21 09:48:12,781.7,1456368
2021-06-21 09:48:13,781.65,1456643
2021-06-21 09:48:14,781.9,1456701
2021-06-21 09:48:15,782.0,1459772
2021-06-21 09:48:16,782.0,1459772
2021-06-21 09:48:17,782.2,1460703
2021-06-21 09:48:18,782.0,1460837
2021-06-21 09:48:20,782.05,1463342
2021-06-21 09:48:21,781.65,1466303
2021-06-21 09:48:22,781.85,1466824
2021-06-21 09:48:23,781.55,1467208
2021-06-21 09:48:24,781.55,1467208
2021-06-21 09:48:25,781.55,1467309
2021-06-21 09:48:26,781.9,1467460
2021-06-21 09:48:27,781.7,1467461
2021-06-21 09:48:28,781.85,1467628
2021-06-21 09:48:29,781.85,1467644
2021-06-21 09:48:30,781.6,1467707
2021-06-21 09:48:31,781.9,1468817
2021-06-21 09:48:32,782.0,1468897
2021-06-21 09:48:33,781.7,1469129
2021-06-21 09:48:34,782.0,1469336
2021-06-21 09:48:35,781.7,1469395
2021-06-21 09:48:36,781.7,1469395
2021-06-21 09:48:37,781.85,1469741
2021-06-21 09:48:38,781.7,1469762
2021-06-21 09:48:39,781.85,1469887
2021-06-21 09:48:40,781.95,1470558
2021-06-21 09:48:41,781.95,1470613
2021-06-21 09:48:42,781.95,1470825
2021-06-21 09:48:43,781.65,1470912
2021-06-21 09:48:44,782.0,1471656
2021-06-21 09:48:45,781.95,1472032
2021-06-21 09:48:46,781.95,1472032
2021-06-21 09:48:47,781.95,1472032
2021-06-21 09:48:48,781.9,1472222
2021-06-21 09:48:49,781.8,1472380
2021-06-21 09:48:50,781.7,1472652
2021-06-21 09:48:51,782.0,1472845
2021-06-21 09:48:52,782.0,1473942
2021-06-21 09:48:53,782.0,1473954
2021-06-21 09:48:54,782.1,1474085
2021-06-21 09:48:55,782.0,1474421
2021-06-21 09:48:56,781.7,1476858
2021-06-21 09:48:57,781.95,1476883
2021-06-21 09:48:58,781.7,1477397
2021-06-21 09:48:59,781.7,1477539
2021-06-21 09:49:01,781.9,1480411
2021-06-21 09:49:02,781.9,1481681
2021-06-21 09:49:03,781.7,1481807
2021-06-21 09:49:04,781.65,1481938
2021-06-21 09:49:05,781.8,1482344
2021-06-21 09:49:07,781.45,1486606
2021-06-21 09:49:08,781.35,1487075
2021-06-21 09:49:09,781.35,1487477
2021-06-21 09:49:10,781.15,1488278
2021-06-21 09:49:11,781.35,1488339
2021-06-21 09:49:12,781.05,1489198
2021-06-21 09:49:13,781.3,1489338
2021-06-21 09:49:14,781.3,1489552
2021-06-21 09:49:15,781.0,1489615
2021-06-21 09:49:16,781.35,1489977
2021-06-21 09:49:17,781.3,1490654
2021-06-21 09:49:18,781.3,1490800
2021-06-21 09:49:19,781.3,1490800
2021-06-21 09:49:21,781.5,1491016
2021-06-21 09:49:22,781.5,1492557
2021-06-21 09:49:23,781.3,1492757
2021-06-21 09:49:24,781.45,1492958
2021-06-21 09:49:26,781.25,1493929
2021-06-21 09:49:27,781.15,1494639
2021-06-21 09:49:28,781.0,1501247
2021-06-21 09:49:29,781.05,1501937
2021-06-21 09:49:30,780.8,1502974
2021-06-21 09:49:31,780.9,1504288
2021-06-21 09:49:32,780.6,1505344
2021-06-21 09:49:33,780.6,1505350
2021-06-21 09:49:34,780.5,1506387
2021-06-21 09:49:35,780.5,1506519
2021-06-21 09:49:36,780.5,1506649
2021-06-21 09:49:37,780.5,1506942
2021-06-21 09:49:38,780.75,1507179
2021-06-21 09:49:39,780.75,1507201
2021-06-21 09:49:43,781.45,1510751
2021-06-21 09:49:44,781.25,1510765
2021-06-21 09:49:46,780.85,1512163
2021-06-21 09:49:46,781.35,1512167
2021-06-21 09:49:48,781.3,1512610
2021-06-21 09:49:48,781.3,1512615
2021-06-21 09:49:49,780.8,1513662
2021-06-21 09:49:50,780.85,1514910
2021-06-21 09:49:51,781.3,1514937
2021-06-21 09:49:53,781.3,1515656
2021-06-21 09:49:55,781.4,1516313
2021-06-21 09:49:55,781.4,1516313
2021-06-21 09:49:56,781.05,1516739
2021-06-21 09:49:57,781.05,1516744
2021-06-21 09:49:58,781.3,1517025
2021-06-21 09:49:59,781.25,1517057
2021-06-21 09:50:00,781.3,1518242
2021-06-21 09:50:01,781.3,1518420
2021-06-21 09:50:03,781.2,1519020
2021-06-21 09:50:03,781.2,1519020
2021-06-21 09:50:04,780.85,1520362
2021-06-21 09:50:05,780.85,1520411
2021-06-21 09:50:07,780.6,1522741
2021-06-21 09:50:08,780.5,1522753
2021-06-21 09:50:09,780.35,1531706
2021-06-21 09:50:10,780.2,1532184
2021-06-21 09:50:12,779.2,1563085
2021-06-21 09:50:12,779.65,1563165
2021-06-21 09:50:14,780.55,1571966
2021-06-21 09:50:14,779.7,1578872
2021-06-21 09:50:16,779.9,1580639
2021-06-21 09:50:17,779.8,1581705
2021-06-21 09:50:18,779.55,1581750
2021-06-21 09:50:19,780.05,1582950
2021-06-21 09:50:19,780.05,1582950
2021-06-21 09:50:21,780.05,1584368
2021-06-21 09:50:22,779.45,1586253
2021-06-21 09:50:22,779.0,1586286
2021-06-21 09:50:23,779.55,1587508
2021-06-21 09:50:25,779.05,1589805
2021-06-21 09:50:26,779.0,1590530
2021-06-21 09:50:27,779.1,1590789
2021-06-21 09:50:28,779.4,1590842
2021-06-21 09:50:30,779.2,1592362
2021-06-21 09:50:31,779.1,1593330
2021-06-21 09:50:32,779.35,1594465
2021-06-21 09:50:33,779.2,1594778
2021-06-21 09:50:34,779.15,1598520
2021-06-21 09:50:36,779.6,1598916
2021-06-21 09:50:36,779.15,1599019
2021-06-21 09:50:37,779.65,1600007
2021-06-21 09:50:38,779.4,1600172
2021-06-21 09:50:39,779.35,1600408
2021-06-21 09:50:40,779.2,1601312
2021-06-21 09:50:41,779.7,1601509
2021-06-21 09:50:43,779.9,1602176
2021-06-21 09:50:43,779.9,1602201
2021-06-21 09:50:44,779.55,1613977
2021-06-21 09:50:45,779.9,1615265
2021-06-21 09:50:47,779.85,1616137
2021-06-21 09:50:47,779.65,1616167
2021-06-21 09:50:49,780.0,1617656
2021-06-21 09:50:49,780.0,1617686
2021-06-21 09:50:51,779.7,1617913
2021-06-21 09:50:51,779.7,1617913
2021-06-21 09:50:52,779.7,1618773
2021-06-21 09:50:53,779.7,1619213
2021-06-21 09:50:54,779.7,1619299
2021-06-21 09:50:55,779.8,1619399
2021-06-21 09:50:57,779.8,1620030
2021-06-21 09:50:57,779.8,1620036
2021-06-21 09:50:59,780.2,1631779
2021-06-21 09:50:59,780.2,1631789
2021-06-21 09:51:00,779.7,1632036
2021-06-21 09:51:01,779.95,1632117
2021-06-21 09:51:02,779.85,1632153
2021-06-21 09:51:03,779.75,1634237
2021-06-21 09:51:05,780.0,1634337
2021-06-21 09:51:05,780.0,1634349
2021-06-21 09:51:06,779.8,1634888
2021-06-21 09:51:07,779.95,1635118
2021-06-21 09:51:08,779.35,1635633
2021-06-21 09:51:09,779.75,1636228
2021-06-21 09:51:10,779.65,1636247
2021-06-21 09:51:11,779.15,1636824
2021-06-21 09:51:13,779.15,1638647
2021-06-21 09:51:13,779.15,1638648
2021-06-21 09:51:14,779.35,1638656
2021-06-21 09:51:15,779.65,1639401
2021-06-21 09:51:16,779.3,1640060
2021-06-21 09:51:17,779.75,1640653
2021-06-21 09:51:18,779.8,1641181
2021-06-21 09:51:19,779.8,1641221
2021-06-21 09:51:20,779.8,1641470
2021-06-21 09:51:21,779.85,1642571
2021-06-21 09:51:22,779.65,1642622
2021-06-21 09:51:24,779.75,1642822
2021-06-21 09:51:24,779.75,1642822
2021-06-21 09:51:25,779.85,1643182
2021-06-21 09:51:26,779.85,1643465
2021-06-21 09:51:27,779.5,1643505
2021-06-21 09:51:29,779.8,1644783
2021-06-21 09:51:31,779.5,1646120
2021-06-21 09:51:31,779.55,1647120
2021-06-21 09:51:32,779.5,1647335
2021-06-21 09:51:33,779.3,1647398
2021-06-21 09:51:34,779.35,1647602
2021-06-21 09:51:35,779.35,1647813
2021-06-21 09:51:36,779.35,1647987
2021-06-21 09:51:37,779.05,1648220
2021-06-21 09:51:38,778.6,1653889
2021-06-21 09:51:40,779.0,1654602
2021-06-21 09:51:41,778.95,1655165
2021-06-21 09:51:42,779.0,1655429
2021-06-21 09:51:42,778.5,1655825
2021-06-21 09:51:44,778.95,1656453
2021-06-21 09:51:45,778.5,1657196
2021-06-21 09:51:45,778.9,1657197
2021-06-21 09:51:46,778.5,1657592
2021-06-21 09:51:47,778.95,1657815
2021-06-21 09:51:48,778.95,1658033
2021-06-21 09:51:49,778.55,1658453
2021-06-21 09:51:50,778.9,1658655
2021-06-21 09:51:52,778.6,1660299
2021-06-21 09:51:53,778.6,1661619
2021-06-21 09:51:55,778.0,1668266
2021-06-21 09:51:56,778.6,1669481
2021-06-21 09:51:56,778.5,1669482
2021-06-21 09:51:57,778.55,1669540
2021-06-21 09:52:00,778.65,1672431
2021-06-21 09:52:01,778.75,1674535
2021-06-21 09:52:02,778.0,1676471
2021-06-21 09:52:03,778.35,1676791
2021-06-21 09:52:04,778.2,1676972
2021-06-21 09:52:05,777.55,1688438
2021-06-21 09:52:08,778.0,1689640
2021-06-21 09:52:09,778.2,1691165
2021-06-21 09:52:10,778.05,1692848
2021-06-21 09:52:10,778.05,1692848
2021-06-21 09:52:11,778.35,1692993
2021-06-21 09:52:12,778.45,1694613
2021-06-21 09:52:14,778.4,1695139
2021-06-21 09:52:15,779.15,1702576
2021-06-21 09:52:15,779.15,1702576
2021-06-21 09:52:16,778.9,1705195
2021-06-21 09:52:17,778.4,1705702
2021-06-21 09:52:18,778.4,1705843
2021-06-21 09:52:20,778.35,1706343
2021-06-21 09:52:21,778.7,1707347
2021-06-21 09:52:22,778.75,1710395
2021-06-21 09:52:23,778.7,1710562
2021-06-21 09:52:24,778.8,1710894
2021-06-21 09:52:26,778.8,1711218
2021-06-21 09:52:29,778.45,1712744
2021-06-21 09:52:30,778.9,1712916
2021-06-21 09:52:31,778.4,1713194
2021-06-21 09:52:33,778.8,1713336
2021-06-21 09:52:34,778.9,1714550
2021-06-21 09:52:35,778.95,1715140
2021-06-21 09:52:36,778.5,1716148
2021-06-21 09:52:38,778.9,1716893
2021-06-21 09:52:39,778.9,1716936
2021-06-21 09:52:39,778.55,1716937
2021-06-21 09:52:40,779.4,1719764
2021-06-21 09:52:41,778.65,1719943
2021-06-21 09:52:43,778.9,1720703
2021-06-21 09:52:44,778.65,1721029
2021-06-21 09:52:44,778.9,1721050
2021-06-21 09:52:45,779.1,1721305
2021-06-21 09:52:46,779.15,1721963
2021-06-21 09:52:48,779.1,1722269
2021-06-21 09:52:49,779.45,1722296
2021-06-21 09:52:49,779.45,1722307
2021-06-21 09:52:50,779.6,1722493
2021-06-21 09:52:51,779.2,1722598
2021-06-21 09:52:53,778.95,1722900
2021-06-21 09:52:54,779.4,1723392
2021-06-21 09:52:55,779.4,1723527
2021-06-21 09:52:55,779.4,1723525
2021-06-21 09:52:56,779.4,1723561
2021-06-21 09:52:58,778.15,1742618
2021-06-21 09:53:00,778.5,1742914
2021-06-21 09:53:01,778.5,1742935
2021-06-21 09:53:01,778.3,1743407
2021-06-21 09:53:03,778.2,1746006
2021-06-21 09:53:05,778.2,1746411
2021-06-21 09:53:06,778.15,1747175
2021-06-21 09:53:07,777.75,1747285
2021-06-21 09:53:07,778.0,1747304
2021-06-21 09:53:08,778.0,1747494
2021-06-21 09:53:09,778.15,1747600
2021-06-21 09:53:10,778.2,1748465
2021-06-21 09:53:12,778.1,1748930
2021-06-21 09:53:13,777.65,1749058
2021-06-21 09:53:14,777.8,1749158
2021-06-21 09:53:15,777.7,1750366
2021-06-21 09:53:16,778.2,1750452
2021-06-21 09:53:18,778.2,1750560
2021-06-21 09:53:19,778.3,1750588
2021-06-21 09:53:20,778.0,1751506
2021-06-21 09:53:20,778.0,1751506
2021-06-21 09:53:21,778.2,1751741
2021-06-21 09:53:22,778.0,1752131
2021-06-21 09:53:23,778.3,1752164
2021-06-21 09:53:25,778.0,1752172
2021-06-21 09:53:26,778.15,1752764
2021-06-21 09:53:26,778.0,1752765
2021-06-21 09:53:27,778.0,1753595
2021-06-21 09:53:28,777.7,1755200
2021-06-21 09:53:30,778.2,1755316
2021-06-21 09:53:31,777.7,1755572
2021-06-21 09:53:32,778.3,1755734
2021-06-21 09:53:33,777.7,1756852
2021-06-21 09:53:33,778.25,1756853
2021-06-21 09:53:34,778.0,1757160
2021-06-21 09:53:35,778.25,1757501
2021-06-21 09:53:37,777.75,1758074
2021-06-21 09:53:38,778.0,1760610
2021-06-21 09:53:39,777.8,1760712
2021-06-21 09:53:39,777.8,1760712
2021-06-21 09:53:40,778.0,1760810
2021-06-21 09:53:41,778.1,1761176
2021-06-21 09:53:43,778.1,1761176
2021-06-21 09:53:44,778.15,1761315
2021-06-21 09:53:45,778.1,1761821
2021-06-21 09:53:45,778.1,1761923
2021-06-21 09:53:46,778.1,1762109
2021-06-21 09:53:47,778.05,1762134
2021-06-21 09:53:49,777.9,1762255
2021-06-21 09:53:50,777.9,1762303
2021-06-21 09:53:51,777.95,1763434
2021-06-21 09:53:52,777.95,1763435
2021-06-21 09:53:54,777.95,1764202
2021-06-21 09:53:55,777.95,1764342
2021-06-21 09:53:56,777.95,1764368
2021-06-21 09:53:56,777.9,1764418
2021-06-21 09:53:57,777.95,1764451
2021-06-21 09:53:58,778.0,1764797
2021-06-21 09:54:00,778.1,1768565
2021-06-21 09:54:01,778.6,1768891
2021-06-21 09:54:02,778.1,1769160
2021-06-21 09:54:02,778.5,1769170
2021-06-21 09:54:03,778.15,1769391
2021-06-21 09:54:04,778.65,1769740
2021-06-21 09:54:06,778.2,1769980
2021-06-21 09:54:07,777.95,1771391
2021-06-21 09:54:08,778.35,1771428
2021-06-21 09:54:09,778.4,1771554
2021-06-21 09:54:10,778.05,1775278
2021-06-21 09:54:11,778.0,1775599
2021-06-21 09:54:11,777.95,1775958
2021-06-21 09:54:13,778.0,1776884
2021-06-21 09:54:13,777.95,1776891
2021-06-21 09:54:14,778.0,1777064
2021-06-21 09:54:15,778.0,1780930
2021-06-21 09:54:17,777.15,1791449
2021-06-21 09:54:18,776.6,1794362
2021-06-21 09:54:19,776.35,1795626
2021-06-21 09:54:20,776.4,1796475
2021-06-21 09:54:21,776.65,1796585
2021-06-21 09:54:21,776.65,1796749
2021-06-21 09:54:24,776.55,1798182
2021-06-21 09:54:25,776.85,1798484
2021-06-21 09:54:26,776.95,1802477
2021-06-21 09:54:27,776.9,1803497
2021-06-21 09:54:27,776.9,1803497
2021-06-21 09:54:28,776.75,1804571
2021-06-21 09:54:30,776.65,1804775
2021-06-21 09:54:31,776.55,1804851
2021-06-21 09:54:32,776.65,1805408
2021-06-21 09:54:33,776.7,1805963
2021-06-21 09:54:34,776.75,1806995
2021-06-21 09:54:36,776.6,1808297
2021-06-21 09:54:37,776.4,1811805
2021-06-21 09:54:38,776.45,1812984
2021-06-21 09:54:38,776.1,1813075
2021-06-21 09:54:39,776.0,1813680
2021-06-21 09:54:40,776.3,1814378
2021-06-21 09:54:42,776.4,1814985
2021-06-21 09:54:43,776.9,1815856
2021-06-21 09:54:44,776.9,1816386
2021-06-21 09:54:45,776.95,1818137
2021-06-21 09:54:45,777.1,1818267
2021-06-21 09:54:46,776.9,1819684
2021-06-21 09:54:48,776.85,1820124
2021-06-21 09:54:49,776.65,1820826
2021-06-21 09:54:50,776.85,1820893
2021-06-21 09:54:51,776.85,1821393
2021-06-21 09:54:52,776.85,1821396
2021-06-21 09:54:54,777.25,1823171
2021-06-21 09:54:56,777.25,1823377
2021-06-21 09:54:57,776.95,1823528
2021-06-21 09:54:58,777.3,1824011
2021-06-21 09:54:59,777.25,1824314
2021-06-21 09:54:59,777.3,1824320
2021-06-21 09:55:00,777.15,1825373
2021-06-21 09:55:02,777.1,1825528
2021-06-21 09:55:03,777.0,1825843
2021-06-21 09:55:04,777.3,1826186
2021-06-21 09:55:05,777.3,1827527
2021-06-21 09:55:06,776.9,1830119
2021-06-21 09:55:07,777.3,1830271
2021-06-21 09:55:07,777.35,1830338
2021-06-21 09:55:08,777.4,1831078
2021-06-21 09:55:10,777.3,1831499
2021-06-21 09:55:11,777.3,1831571
2021-06-21 09:55:12,777.25,1831809
2021-06-21 09:55:12,777.0,1832310
2021-06-21 09:55:13,777.4,1832839
2021-06-21 09:55:15,777.4,1833890
2021-06-21 09:55:16,777.0,1838849
2021-06-21 09:55:17,777.3,1839247
2021-06-21 09:55:17,777.7,1839267
2021-06-21 09:55:19,777.6,1840190
2021-06-21 09:55:21,777.6,1840437
2021-06-21 09:55:23,777.5,1842104
2021-06-21 09:55:23,777.4,1842102
2021-06-21 09:55:24,777.15,1842164
2021-06-21 09:55:26,777.5,1843663
2021-06-21 09:55:27,777.25,1843893
2021-06-21 09:55:28,777.25,1843972
2021-06-21 09:55:29,777.25,1843973
2021-06-21 09:55:30,777.25,1844187
2021-06-21 09:55:31,777.25,1844254
2021-06-21 09:55:32,777.7,1849200
2021-06-21 09:55:32,777.7,1849200
2021-06-21 09:55:33,777.7,1849266
2021-06-21 09:55:34,777.3,1849423
2021-06-21 09:55:35,777.3,1849703
2021-06-21 09:55:38,777.25,1851066
2021-06-21 09:55:39,777.25,1851251
2021-06-21 09:55:39,777.25,1851281
2021-06-21 09:55:42,777.4,1852479
2021-06-21 09:55:43,777.05,1852669
2021-06-21 09:55:44,777.05,1852772
2021-06-21 09:55:44,777.0,1856009
2021-06-21 09:55:45,777.15,1856020
2021-06-21 09:55:47,777.05,1856585
2021-06-21 09:55:48,777.05,1856590
2021-06-21 09:55:49,777.3,1856894
2021-06-21 09:55:50,777.5,1858235
2021-06-21 09:55:50,777.15,1858265
2021-06-21 09:55:51,777.3,1858302
2021-06-21 09:55:52,777.5,1858596
2021-06-21 09:55:54,777.5,1858664
2021-06-21 09:55:55,777.3,1858870
2021-06-21 09:55:56,777.35,1860650
2021-06-21 09:55:57,777.5,1861272
2021-06-21 09:55:57,777.5,1861272
2021-06-21 09:55:58,777.5,1863330
2021-06-21 09:56:00,777.3,1863601
2021-06-21 09:56:01,777.3,1863800
2021-06-21 09:56:02,777.4,1864536
2021-06-21 09:56:02,777.4,1863857
2021-06-21 09:56:03,777.4,1865104
2021-06-21 09:56:05,777.4,1865300
2021-06-21 09:56:06,777.4,1865372
2021-06-21 09:56:07,777.4,1865522
2021-06-21 09:56:08,777.4,1865683
2021-06-21 09:56:09,777.4,1865716
2021-06-21 09:56:10,777.4,1865931
2021-06-21 09:56:11,777.5,1865937
2021-06-21 09:56:12,777.5,1865941
2021-06-21 09:56:13,777.5,1866621
2021-06-21 09:56:14,777.4,1867071
2021-06-21 09:56:15,777.5,1867624
2021-06-21 09:56:16,777.3,1867712
2021-06-21 09:56:16,777.3,1867709
2021-06-21 09:56:18,777.5,1868139
2021-06-21 09:56:21,777.5,1870556
2021-06-21 09:56:22,776.7,1877631
2021-06-21 09:56:22,777.0,1877632
2021-06-21 09:56:24,777.0,1878168
2021-06-21 09:56:26,776.85,1880282
2021-06-21 09:56:27,776.65,1880493
2021-06-21 09:56:28,776.9,1882181
2021-06-21 09:56:29,777.0,1884133
2021-06-21 09:56:31,777.0,1884262
2021-06-21 09:56:32,777.0,1886843
2021-06-21 09:56:33,776.75,1891248
2021-06-21 09:56:34,777.0,1891345
2021-06-21 09:56:34,776.65,1891355
2021-06-21 09:56:35,777.0,1891569
2021-06-21 09:56:37,777.0,1892091
2021-06-21 09:56:38,777.35,1893744
2021-06-21 09:56:39,777.4,1894659
2021-06-21 09:56:40,777.45,1894689
2021-06-21 09:56:41,777.0,1894799
2021-06-21 09:56:41,776.9,1895219
2021-06-21 09:56:43,777.3,1895238
2021-06-21 09:56:44,777.25,1895243
2021-06-21 09:56:45,777.3,1895475
2021-06-21 09:56:46,777.3,1895492
2021-06-21 09:56:47,777.3,1911977
2021-06-21 09:56:48,777.4,1912989
2021-06-21 09:56:49,777.35,1913007
2021-06-21 09:56:49,777.4,1913063
2021-06-21 09:56:53,777.5,1913545
2021-06-21 09:56:54,777.4,1914082
2021-06-21 09:56:55,777.35,1914151
2021-06-21 09:56:55,777.3,1914154
2021-06-21 09:56:56,777.15,1914633
2021-06-21 09:56:57,777.35,1914635
2021-06-21 09:56:58,777.5,1914636
2021-06-21 09:57:00,777.55,1917462
2021-06-21 09:57:01,778.05,1925581
2021-06-21 09:57:02,778.0,1926042
2021-06-21 09:57:03,778.25,1926658
2021-06-21 09:57:04,778.8,1927163
2021-06-21 09:57:04,778.8,1927164
2021-06-21 09:57:05,778.4,1935820
2021-06-21 09:57:07,778.5,1945539
2021-06-21 09:57:08,778.15,1947858
2021-06-21 09:57:09,778.15,1948373
2021-06-21 09:57:10,777.55,1949067
2021-06-21 09:57:11,777.95,1949931
2021-06-21 09:57:12,777.55,1949989
2021-06-21 09:57:13,777.95,1949997
2021-06-21 09:57:14,778.15,1950360
2021-06-21 09:57:14,778.15,1950360
2021-06-21 09:57:16,778.15,1950484
2021-06-21 09:57:17,778.15,1950536
2021-06-21 09:57:18,778.15,1950548
2021-06-21 09:57:19,778.1,1950778
2021-06-21 09:57:19,777.75,1950813
2021-06-21 09:57:21,778.15,1951059
2021-06-21 09:57:22,778.0,1951361
2021-06-21 09:57:23,778.0,1951534
2021-06-21 09:57:24,778.0,1951655
2021-06-21 09:57:25,778.0,1951839
2021-06-21 09:57:26,778.0,1952732
2021-06-21 09:57:27,777.95,1952844
2021-06-21 09:57:28,778.0,1953779
2021-06-21 09:57:30,778.0,1954886
2021-06-21 09:57:31,778.0,1962859
2021-06-21 09:57:32,778.5,1963064
2021-06-21 09:57:34,778.2,1964415
2021-06-21 09:57:35,778.5,1964427
2021-06-21 09:57:35,778.5,1964527
2021-06-21 09:57:36,778.25,1974678
2021-06-21 09:57:38,778.35,1975030
2021-06-21 09:57:39,778.75,1979177
2021-06-21 09:57:40,778.6,1979272
2021-06-21 09:57:41,778.35,1980855
2021-06-21 09:57:42,778.75,1982229
2021-06-21 09:57:43,778.6,1982450
2021-06-21 09:57:44,778.65,1982550
2021-06-21 09:57:45,778.6,1982605
2021-06-21 09:57:47,778.9,1984338
2021-06-21 09:57:48,778.9,1984445
2021-06-21 09:57:50,778.95,1986403
2021-06-21 09:57:51,778.7,1988746
2021-06-21 09:57:52,778.85,1990242
2021-06-21 09:57:52,778.55,1989842
2021-06-21 09:57:54,778.85,1990529
2021-06-21 09:57:55,778.8,1990581
2021-06-21 09:57:56,778.7,1990666
2021-06-21 09:57:57,778.55,1990906
2021-06-21 09:57:58,778.25,1992091
2021-06-21 09:57:59,778.6,1992375
2021-06-21 09:58:01,778.6,1992610
2021-06-21 09:58:02,778.25,1992809
2021-06-21 09:58:03,778.35,1993670
2021-06-21 09:58:04,778.35,1993802
2021-06-21 09:58:05,778.35,1995111
2021-06-21 09:58:06,778.5,1995362
2021-06-21 09:58:07,778.5,1995866
2021-06-21 09:58:08,778.4,1996096
2021-06-21 09:58:10,778.35,1996107
2021-06-21 09:58:11,778.1,1996143
2021-06-21 09:58:12,778.35,1996317
2021-06-21 09:58:13,778.3,1996440
2021-06-21 09:58:14,778.3,1996534
2021-06-21 09:58:15,778.3,1996583
2021-06-21 09:58:16,778.45,1997708
2021-06-21 09:58:17,778.3,1997920
2021-06-21 09:58:18,778.25,1998174
2021-06-21 09:58:19,778.25,1998175
2021-06-21 09:58:20,778.0,1999290
2021-06-21 09:58:21,778.1,1999298
2021-06-21 09:58:22,778.45,1999508
2021-06-21 09:58:23,778.0,2003899
2021-06-21 09:58:24,778.0,2003934
2021-06-21 09:58:25,777.9,2004352
2021-06-21 09:58:26,778.0,2004592
2021-06-21 09:58:27,778.0,2004892
2021-06-21 09:58:28,778.0,2008118
2021-06-21 09:58:29,777.9,2008335
2021-06-21 09:58:30,778.0,2008337
2021-06-21 09:58:31,777.9,2008387
2021-06-21 09:58:33,777.75,2009372
2021-06-21 09:58:34,777.9,2009544
2021-06-21 09:58:35,777.9,2009567
2021-06-21 09:58:36,777.9,2009626
2021-06-21 09:58:37,777.9,2010061
2021-06-21 09:58:38,777.9,2010061
2021-06-21 09:58:39,777.7,2010073
2021-06-21 09:58:40,777.75,2010239
2021-06-21 09:58:42,777.85,2010711
2021-06-21 09:58:43,777.85,2010722
2021-06-21 09:58:46,777.95,2011396
2021-06-21 09:58:47,777.75,2011558
2021-06-21 09:58:48,777.55,2011860
2021-06-21 09:58:49,777.5,2012530
2021-06-21 09:58:50,777.9,2012582
2021-06-21 09:58:51,777.95,2012984
2021-06-21 09:58:52,777.85,2013084
2021-06-21 09:58:53,777.75,2013086
2021-06-21 09:58:54,777.95,2013204
2021-06-21 09:58:55,777.7,2013255
2021-06-21 09:58:56,777.95,2013258
2021-06-21 09:58:58,777.7,2013269
2021-06-21 09:58:57,777.75,2013264
2021-06-21 09:58:59,777.9,2013380
2021-06-21 09:59:00,777.9,2013416
2021-06-21 09:59:02,778.45,2015224
2021-06-21 09:59:03,778.5,2017090
2021-06-21 09:59:04,778.5,2017090
2021-06-21 09:59:05,778.5,2017092
2021-06-21 09:59:06,778.5,2017270
2021-06-21 09:59:07,778.25,2017277
2021-06-21 09:59:08,778.45,2017304
2021-06-21 09:59:09,778.3,2017764
2021-06-21 09:59:10,778.3,2017764
2021-06-21 09:59:11,778.5,2018271
2021-06-21 09:59:12,778.5,2018431
2021-06-21 09:59:13,778.5,2018431
2021-06-21 09:59:14,778.4,2018502
2021-06-21 09:59:15,778.3,2018767
2021-06-21 09:59:16,778.45,2019686
2021-06-21 09:59:17,778.45,2019756
2021-06-21 09:59:19,778.5,2019880
2021-06-21 09:59:20,778.5,2019963
2021-06-21 09:59:21,778.4,2020074
2021-06-21 09:59:22,778.5,2020274
2021-06-21 09:59:23,778.45,2020376
2021-06-21 09:59:24,778.5,2020394
2021-06-21 09:59:25,778.5,2020924
2021-06-21 09:59:26,778.75,2023774
2021-06-21 09:59:27,778.75,2023814
2021-06-21 09:59:28,778.75,2023869
2021-06-21 09:59:29,778.75,2023974
2021-06-21 09:59:30,778.75,2024599
2021-06-21 09:59:31,778.55,2024722
2021-06-21 09:59:32,778.75,2024739
2021-06-21 09:59:33,778.7,2024750
2021-06-21 09:59:34,778.15,2025963
2021-06-21 09:59:35,778.25,2026303
2021-06-21 09:59:36,778.75,2026828
2021-06-21 09:59:37,778.75,2026919
2021-06-21 09:59:38,778.75,2026939
2021-06-21 09:59:39,778.75,2026939
2021-06-21 09:59:40,778.8,2027661
2021-06-21 09:59:41,778.9,2028209
2021-06-21 09:59:42,778.5,2028409
2021-06-21 09:59:43,778.9,2028612
2021-06-21 09:59:44,778.9,2028662
2021-06-21 09:59:45,778.95,2029740
2021-06-21 09:59:46,778.95,2029745
2021-06-21 09:59:47,778.95,2029750
2021-06-21 09:59:48,778.75,2029800
2021-06-21 09:59:49,778.95,2029920
2021-06-21 09:59:50,778.95,2030086
2021-06-21 09:59:51,778.95,2030398
2021-06-21 09:59:52,778.95,2034865
2021-06-21 09:59:53,778.95,2042131
2021-06-21 09:59:54,778.6,2044228
2021-06-21 09:59:55,778.95,2044284
2021-06-21 09:59:56,778.95,2044284
2021-06-21 09:59:57,778.65,2045657
2021-06-21 09:59:58,778.65,2045657
2021-06-21 09:59:59,778.95,2046268
2021-06-21 10:00:00,778.95,2046309
2021-06-21 10:00:01,778.95,2047035
2021-06-21 10:00:02,778.95,2047320
2021-06-21 10:00:03,778.55,2047801
2021-06-21 10:00:05,778.8,2050197
2021-06-21 10:00:06,778.8,2050207
2021-06-21 10:00:08,779.0,2063854
2021-06-21 10:00:09,779.0,2064044
2021-06-21 10:00:10,779.0,2064390
2021-06-21 10:00:11,779.0,2064390
2021-06-21 10:00:12,779.0,2064548
2021-06-21 10:00:13,779.0,2064651
2021-06-21 10:00:14,779.0,2064794
2021-06-21 10:00:16,779.0,2065642
2021-06-21 10:00:16,779.0,2065644
2021-06-21 10:00:17,779.0,2066257
2021-06-21 10:00:18,779.0,2066278
2021-06-21 10:00:19,779.0,2066318
2021-06-21 10:00:20,779.0,2067373
2021-06-21 10:00:21,778.95,2067804
2021-06-21 10:00:24,779.8,2069465
2021-06-21 10:00:24,779.8,2069565
2021-06-21 10:00:25,779.55,2069678
2021-06-21 10:00:26,779.0,2072225
2021-06-21 10:00:27,779.0,2072723
2021-06-21 10:00:28,778.95,2073730
2021-06-21 10:00:29,778.75,2074984
2021-06-21 10:00:31,778.75,2075150
2021-06-21 10:00:31,778.75,2075150
2021-06-21 10:00:32,778.35,2075848
2021-06-21 10:00:33,778.5,2078202
2021-06-21 10:00:34,778.45,2078360
2021-06-21 10:00:37,778.45,2078575
2021-06-21 10:00:38,778.0,2083957
2021-06-21 10:00:39,777.9,2084436
2021-06-21 10:00:40,777.9,2084553
2021-06-21 10:00:41,777.9,2084669
2021-06-21 10:00:43,777.4,2090779
2021-06-21 10:00:43,777.4,2090779
2021-06-21 10:00:44,777.25,2090825
2021-06-21 10:00:45,777.05,2090915
2021-06-21 10:00:46,777.25,2097969
2021-06-21 10:00:47,777.25,2102114
2021-06-21 10:00:48,777.4,2102404
2021-06-21 10:00:49,777.6,2103304
2021-06-21 10:00:50,777.7,2103314
2021-06-21 10:00:51,777.25,2103359
2021-06-21 10:00:53,778.0,2103764
2021-06-21 10:00:54,778.0,2103790
2021-06-21 10:00:54,778.0,2103815
2021-06-21 10:00:55,778.0,2104816
2021-06-21 10:00:56,778.0,2104831
2021-06-21 10:00:57,778.0,2105151
2021-06-21 10:00:59,778.0,2105303
2021-06-21 10:01:00,778.0,2105569
2021-06-21 10:01:01,778.0,2106202
2021-06-21 10:01:02,778.0,2106210
2021-06-21 10:01:03,777.55,2106412
2021-06-21 10:01:04,778.0,2106462
2021-06-21 10:01:05,778.0,2106788
2021-06-21 10:01:06,777.6,2106901
2021-06-21 10:01:07,777.95,2106981
2021-06-21 10:01:08,777.95,2107101
2021-06-21 10:01:10,777.8,2111694
2021-06-21 10:01:11,777.7,2111706
2021-06-21 10:01:12,777.55,2112078
2021-06-21 10:01:12,777.55,2112278
2021-06-21 10:01:13,777.55,2112278
2021-06-21 10:01:14,777.75,2112577
2021-06-21 10:01:15,777.6,2112626
2021-06-21 10:01:16,778.0,2113930
2021-06-21 10:01:17,778.0,2114730
2021-06-21 10:01:18,778.0,2115155
2021-06-21 10:01:19,777.6,2115166
2021-06-21 10:01:22,778.0,2115293
2021-06-21 10:01:22,778.0,2115293
2021-06-21 10:01:23,778.0,2115398
2021-06-21 10:01:24,778.0,2115447
2021-06-21 10:01:25,777.55,2115725
2021-06-21 10:01:26,777.95,2115737
2021-06-21 10:01:27,777.95,2115824
2021-06-21 10:01:28,777.95,2116043
2021-06-21 10:01:29,777.95,2116089
2021-06-21 10:01:31,778.0,2117004
2021-06-21 10:01:31,777.95,2116299
2021-06-21 10:01:33,778.0,2117695
2021-06-21 10:01:34,777.95,2117982
2021-06-21 10:01:35,777.95,2118007
2021-06-21 10:01:36,778.0,2118027
2021-06-21 10:01:37,778.0,2118084
2021-06-21 10:01:39,777.55,2121192
2021-06-21 10:01:39,777.55,2122242
2021-06-21 10:01:40,778.2,2122383
2021-06-21 10:01:42,778.2,2122575
2021-06-21 10:01:43,778.1,2122641
2021-06-21 10:01:44,778.0,2122744
2021-06-21 10:01:45,778.0,2122755
2021-06-21 10:01:46,777.75,2122955
2021-06-21 10:01:47,778.1,2122963
2021-06-21 10:01:49,778.1,2123094
2021-06-21 10:01:51,778.15,2123119
2021-06-21 10:01:51,778.15,2123119
2021-06-21 10:01:52,778.1,2123249
2021-06-21 10:01:53,778.15,2123271
2021-06-21 10:01:54,778.15,2123291
2021-06-21 10:01:56,778.15,2123525
2021-06-21 10:01:56,778.15,2123525
2021-06-21 10:01:57,778.15,2123525
2021-06-21 10:01:58,778.15,2123925
2021-06-21 10:01:59,777.95,2130864
2021-06-21 10:02:01,777.95,2131138
2021-06-21 10:02:01,778.0,2132062
2021-06-21 10:02:03,778.0,2134233
2021-06-21 10:02:03,778.0,2134233
2021-06-21 10:02:04,777.9,2138106
2021-06-21 10:02:06,778.0,2140555
2021-06-21 10:02:09,778.0,2140862
2021-06-21 10:02:10,778.0,2141018
2021-06-21 10:02:11,777.85,2144550
2021-06-21 10:02:11,777.85,2144550
2021-06-21 10:02:12,778.0,2144805
2021-06-21 10:02:13,777.7,2144833
2021-06-21 10:02:14,778.0,2144898
2021-06-21 10:02:16,778.0,2145589
2021-06-21 10:02:18,777.75,2145809
2021-06-21 10:02:18,778.0,2146010
2021-06-21 10:02:19,778.0,2146210
2021-06-21 10:02:20,778.0,2146340
2021-06-21 10:02:21,778.0,2151740
2021-06-21 10:02:23,777.9,2151879
2021-06-21 10:02:24,777.95,2152669
2021-06-21 10:02:25,777.9,2153230
2021-06-21 10:02:26,777.85,2153820
2021-06-21 10:02:27,777.95,2153922
2021-06-21 10:02:27,778.0,2154022
2021-06-21 10:02:28,778.0,2154282
2021-06-21 10:02:29,778.0,2154470
2021-06-21 10:02:30,778.0,2154525
2021-06-21 10:02:32,777.85,2154742
2021-06-21 10:02:33,778.0,2155991
2021-06-21 10:02:34,777.85,2156263
2021-06-21 10:02:35,778.0,2156273
2021-06-21 10:02:36,778.0,2159687
2021-06-21 10:02:37,778.0,2162186
2021-06-21 10:02:38,778.0,2162301
2021-06-21 10:02:40,778.1,2162730
2021-06-21 10:02:41,778.1,2162830
2021-06-21 10:02:42,778.4,2163036
2021-06-21 10:02:43,778.05,2163156
2021-06-21 10:02:43,778.5,2164156
2021-06-21 10:02:44,778.5,2164156
2021-06-21 10:02:45,778.15,2164168
2021-06-21 10:02:46,778.5,2164179
2021-06-21 10:02:47,778.55,2164243
2021-06-21 10:02:49,778.55,2164263
2021-06-21 10:02:50,778.55,2164263
2021-06-21 10:02:50,778.15,2164275
2021-06-21 10:02:51,778.45,2164309
2021-06-21 10:02:52,778.7,2166487
2021-06-21 10:02:53,778.6,2166512
2021-06-21 10:02:54,778.65,2166520
2021-06-21 10:02:56,778.6,2166592
2021-06-21 10:02:57,778.6,2166593
2021-06-21 10:02:57,778.6,2166594
2021-06-21 10:02:58,778.6,2166609
2021-06-21 10:02:59,778.7,2166677
2021-06-21 10:03:00,778.65,2166685
2021-06-21 10:03:01,778.95,2167529
2021-06-21 10:03:03,779.0,2167730
2021-06-21 10:03:04,779.0,2167964
2021-06-21 10:03:04,779.0,2167964
2021-06-21 10:03:05,779.0,2168509
2021-06-21 10:03:06,778.55,2169325
2021-06-21 10:03:07,778.65,2169613
2021-06-21 10:03:09,778.65,2169638
2021-06-21 10:03:10,778.65,2170990
2021-06-21 10:03:10,778.65,2170990
2021-06-21 10:03:11,778.55,2171122
2021-06-21 10:03:13,778.6,2171490
2021-06-21 10:03:13,778.6,2171489
2021-06-21 10:03:14,778.65,2171495
2021-06-21 10:03:16,778.35,2172652
2021-06-21 10:03:17,778.65,2172759
2021-06-21 10:03:18,778.65,2172817
2021-06-21 10:03:19,778.65,2172926
2021-06-21 10:03:20,778.3,2173067
2021-06-21 10:03:21,778.6,2173878
2021-06-21 10:03:23,778.7,2174043
2021-06-21 10:03:24,778.8,2174353
2021-06-21 10:03:25,778.4,2174983
2021-06-21 10:03:26,778.65,2175033
2021-06-21 10:03:27,778.65,2175162
2021-06-21 10:03:28,778.7,2175257
2021-06-21 10:03:29,778.65,2175285
2021-06-21 10:03:31,778.5,2175324
2021-06-21 10:03:32,778.4,2175374
2021-06-21 10:03:33,778.5,2175424
2021-06-21 10:03:33,778.5,2175434
2021-06-21 10:03:34,778.5,2175454
2021-06-21 10:03:35,778.5,2175454
2021-06-21 10:03:36,778.3,2175709
2021-06-21 10:03:38,778.75,2179015
2021-06-21 10:03:39,778.95,2179302
2021-06-21 10:03:39,778.75,2179354
2021-06-21 10:03:40,778.75,2179354
2021-06-21 10:03:41,778.95,2179489
2021-06-21 10:03:42,778.9,2180576
2021-06-21 10:03:43,778.95,2180936
2021-06-21 10:03:44,778.95,2181108
2021-06-21 10:03:45,778.95,2181236
2021-06-21 10:03:46,778.95,2182144
2021-06-21 10:03:48,778.95,2182172
2021-06-21 10:03:49,778.95,2182278
2021-06-21 10:03:50,778.95,2182632
2021-06-21 10:03:50,778.95,2182633
2021-06-21 10:03:51,778.95,2182939
2021-06-21 10:03:52,778.95,2183207
2021-06-21 10:03:53,779.0,2186656
2021-06-21 10:03:54,779.0,2186783
2021-06-21 10:03:55,779.0,2187405
2021-06-21 10:03:57,779.0,2187435
2021-06-21 10:03:58,779.3,2189252
2021-06-21 10:03:59,779.3,2189341
2021-06-21 10:04:00,779.2,2189590
2021-06-21 10:04:01,779.3,2189612
2021-06-21 10:04:02,779.3,2191980
2021-06-21 10:04:02,779.3,2191995
2021-06-21 10:04:03,779.45,2192364
2021-06-21 10:04:04,779.45,2192402
2021-06-21 10:04:05,779.5,2192459
2021-06-21 10:04:06,779.4,2193286
2021-06-21 10:04:07,779.4,2193387
2021-06-21 10:04:08,779.75,2194050
2021-06-21 10:04:10,779.5,2194434
2021-06-21 10:04:11,779.5,2195605
2021-06-21 10:04:11,779.8,2195528
2021-06-21 10:04:12,779.4,2196073
2021-06-21 10:04:13,779.5,2196322
2021-06-21 10:04:14,779.4,2196382
2021-06-21 10:04:15,779.5,2196589
2021-06-21 10:04:16,779.3,2200075
2021-06-21 10:04:18,779.2,2201165
2021-06-21 10:04:19,779.1,2201473
2021-06-21 10:04:20,779.45,2202047
2021-06-21 10:04:21,779.1,2202159
2021-06-21 10:04:22,779.45,2202506
2021-06-21 10:04:24,779.1,2206190
2021-06-21 10:04:26,779.1,2206633
2021-06-21 10:04:27,779.0,2206668
2021-06-21 10:04:28,779.05,2207412
2021-06-21 10:04:28,779.05,2207414
2021-06-21 10:04:29,779.05,2207644
2021-06-21 10:04:30,778.5,2208024
2021-06-21 10:04:31,778.5,2208056
2021-06-21 10:04:33,778.5,2208163
2021-06-21 10:04:34,778.5,2208314
2021-06-21 10:04:35,778.6,2213339
2021-06-21 10:04:35,778.3,2213914
2021-06-21 10:04:36,778.3,2214465
2021-06-21 10:04:37,778.5,2214711
2021-06-21 10:04:39,778.3,2214744
2021-06-21 10:04:40,778.3,2214763
2021-06-21 10:04:41,778.3,2214924
2021-06-21 10:04:42,778.35,2214966
2021-06-21 10:04:43,778.35,2215223
2021-06-21 10:04:44,778.35,2215429
2021-06-21 10:04:45,778.2,2215967
2021-06-21 10:04:46,778.15,2216421
2021-06-21 10:04:47,778.35,2217018
2021-06-21 10:04:47,778.0,2217064
2021-06-21 10:04:48,778.0,2218091
2021-06-21 10:04:49,777.85,2223439
2021-06-21 10:04:50,777.85,2225207
2021-06-21 10:04:51,777.95,2225712
2021-06-21 10:04:53,777.6,2226225
2021-06-21 10:04:55,777.95,2227561
2021-06-21 10:04:56,778.0,2227932
2021-06-21 10:04:57,777.7,2227941
2021-06-21 10:04:57,777.8,2228704
2021-06-21 10:04:58,777.7,2228862
2021-06-21 10:04:59,777.8,2229522
2021-06-21 10:05:00,777.95,2229834
2021-06-21 10:05:01,778.0,2229961
2021-06-21 10:05:03,779.0,2239432
2021-06-21 10:05:04,778.9,2239510
2021-06-21 10:05:05,778.9,2239516
2021-06-21 10:05:06,778.65,2240770
2021-06-21 10:05:07,778.6,2240777
2021-06-21 10:05:08,778.6,2240791
2021-06-21 10:05:08,778.6,2242013
2021-06-21 10:05:09,778.6,2242055
2021-06-21 10:05:11,778.55,2242063
2021-06-21 10:05:12,778.55,2242175
2021-06-21 10:05:13,778.55,2242215
2021-06-21 10:05:13,778.55,2242292
2021-06-21 10:05:14,778.2,2242582
2021-06-21 10:05:15,778.5,2242636
2021-06-21 10:05:16,778.3,2243272
2021-06-21 10:05:17,778.3,2243536
2021-06-21 10:05:19,778.3,2243866
2021-06-21 10:05:20,778.3,2244172
2021-06-21 10:05:21,778.3,2244205
2021-06-21 10:05:22,778.5,2244882
2021-06-21 10:05:23,778.5,2244890
2021-06-21 10:05:24,778.5,2244992
2021-06-21 10:05:24,778.5,2244991
2021-06-21 10:05:25,778.5,2245001
2021-06-21 10:05:26,778.7,2245071
2021-06-21 10:05:28,778.8,2245161
2021-06-21 10:05:29,779.0,2246080
2021-06-21 10:05:30,778.95,2246398
2021-06-21 10:05:32,778.8,2246454
2021-06-21 10:05:33,778.65,2246495
2021-06-21 10:05:33,778.8,2246496
2021-06-21 10:05:34,778.85,2247602
2021-06-21 10:05:35,778.55,2247890
2021-06-21 10:05:37,778.3,2248444
2021-06-21 10:05:37,779.1,2268586
2021-06-21 10:05:39,779.2,2268636
2021-06-21 10:05:40,779.05,2269487
2021-06-21 10:05:42,779.8,2273161
2021-06-21 10:05:43,779.8,2273254
2021-06-21 10:05:44,779.8,2273576
2021-06-21 10:05:45,779.35,2274229
2021-06-21 10:05:46,779.35,2274409
2021-06-21 10:05:47,779.35,2274468
2021-06-21 10:05:48,779.35,2274537
2021-06-21 10:05:50,779.15,2277133
2021-06-21 10:05:51,779.5,2278276
2021-06-21 10:05:53,779.15,2278321
2021-06-21 10:05:54,779.15,2278372
2021-06-21 10:05:55,779.35,2278489
2021-06-21 10:05:56,779.35,2278546
2021-06-21 10:05:56,779.35,2278558
2021-06-21 10:05:57,779.75,2282090
2021-06-21 10:05:58,779.7,2282300
2021-06-21 10:05:59,779.45,2282536
2021-06-21 10:06:00,779.35,2282645
2021-06-21 10:06:01,779.35,2282764
2021-06-21 10:06:03,779.45,2282983
2021-06-21 10:06:04,779.4,2283021
2021-06-21 10:06:06,779.7,2283078
2021-06-21 10:06:06,779.15,2284010
2021-06-21 10:06:07,779.2,2284410
2021-06-21 10:06:08,778.5,2285428
2021-06-21 10:06:09,778.8,2285684
2021-06-21 10:06:11,778.15,2286282
2021-06-21 10:06:12,778.15,2286364
2021-06-21 10:06:13,778.5,2286633
2021-06-21 10:06:14,778.35,2286859
2021-06-21 10:06:14,778.35,2286835
2021-06-21 10:06:15,778.5,2286867
2021-06-21 10:06:16,778.5,2286960
2021-06-21 10:06:18,778.5,2287113
2021-06-21 10:06:19,778.75,2287545
2021-06-21 10:06:20,778.5,2287564
2021-06-21 10:06:21,779.15,2288725
2021-06-21 10:06:21,779.15,2288727
2021-06-21 10:06:22,779.4,2288825
2021-06-21 10:06:23,779.15,2288837
2021-06-21 10:06:25,779.4,2288954
2021-06-21 10:06:26,779.45,2290411
2021-06-21 10:06:27,779.45,2290693
2021-06-21 10:06:29,779.65,2292225
2021-06-21 10:06:30,779.8,2293253
2021-06-21 10:06:31,779.8,2293558
2021-06-21 10:06:32,779.65,2293888
2021-06-21 10:06:33,779.65,2294108
2021-06-21 10:06:33,779.65,2294120
2021-06-21 10:06:34,778.65,2310214
2021-06-21 10:06:36,778.6,2310283
2021-06-21 10:06:37,779.0,2314403
2021-06-21 10:06:38,779.55,2314625
2021-06-21 10:06:39,780.0,2317574
2021-06-21 10:06:39,780.0,2317724
2021-06-21 10:06:40,779.8,2317781
2021-06-21 10:06:42,779.4,2334030
2021-06-21 10:06:43,778.85,2334837
2021-06-21 10:06:44,778.85,2335162
2021-06-21 10:06:45,778.85,2335913
2021-06-21 10:06:45,778.85,2335933
2021-06-21 10:06:46,779.35,2338610
2021-06-21 10:06:48,779.3,2339000
2021-06-21 10:06:49,779.0,2341423
2021-06-21 10:06:50,778.85,2341645
2021-06-21 10:06:51,779.1,2341660
2021-06-21 10:06:51,779.2,2342329
2021-06-21 10:06:53,779.15,2342392
2021-06-21 10:06:54,779.15,2342393
2021-06-21 10:06:55,778.95,2342618
2021-06-21 10:06:56,778.75,2342653
2021-06-21 10:06:56,778.75,2342702
2021-06-21 10:06:58,778.85,2343338
2021-06-21 10:06:59,778.6,2343916
2021-06-21 10:07:00,778.5,2344350
2021-06-21 10:07:01,778.6,2347497
2021-06-21 10:07:01,778.6,2347497
2021-06-21 10:07:03,778.1,2348317
2021-06-21 10:07:04,778.3,2352672
2021-06-21 10:07:05,778.3,2354110
2021-06-21 10:07:06,778.25,2354507
2021-06-21 10:07:06,778.25,2354507
2021-06-21 10:07:07,778.1,2354619
2021-06-21 10:07:09,778.25,2354819
2021-06-21 10:07:10,778.0,2355023
2021-06-21 10:07:11,778.25,2355896
2021-06-21 10:07:12,778.1,2355949
2021-06-21 10:07:12,778.25,2355948
2021-06-21 10:07:13,778.0,2357819
2021-06-21 10:07:15,778.0,2358046
2021-06-21 10:07:16,777.8,2375041
2021-06-21 10:07:17,777.8,2375206
2021-06-21 10:07:18,777.55,2376435
2021-06-21 10:07:19,777.9,2377050
2021-06-21 10:07:20,777.8,2377101
2021-06-21 10:07:21,777.55,2377363
2021-06-21 10:07:23,777.45,2379421
2021-06-21 10:07:24,778.3,2387239
2021-06-21 10:07:24,778.3,2387239
2021-06-21 10:07:25,778.15,2387381
2021-06-21 10:07:26,779.0,2388922
2021-06-21 10:07:27,778.9,2389002
2021-06-21 10:07:28,778.6,2389228
2021-06-21 10:07:30,778.65,2390914
2021-06-21 10:07:31,778.7,2391635
2021-06-21 10:07:32,778.65,2392316
2021-06-21 10:07:33,779.2,2392877
2021-06-21 10:07:34,779.05,2393896
2021-06-21 10:07:35,779.0,2394198
2021-06-21 10:07:36,778.95,2394234
2021-06-21 10:07:36,778.9,2394492
2021-06-21 10:07:38,779.0,2395333
2021-06-21 10:07:39,779.3,2395659
2021-06-21 10:07:40,779.05,2396019
2021-06-21 10:07:41,779.05,2396999
2021-06-21 10:07:42,779.0,2398355
2021-06-21 10:07:43,779.2,2398399
2021-06-21 10:07:44,778.95,2399265
2021-06-21 10:07:44,779.5,2399841
2021-06-21 10:07:47,779.5,2400636
2021-06-21 10:07:48,779.85,2403976
2021-06-21 10:07:49,779.7,2424065
2021-06-21 10:07:50,779.2,2424614
2021-06-21 10:07:51,779.4,2424926
2021-06-21 10:07:52,779.4,2425359
2021-06-21 10:07:52,779.4,2425359
2021-06-21 10:07:53,779.5,2430604
2021-06-21 10:07:55,779.5,2430768
2021-06-21 10:07:56,779.8,2431495
2021-06-21 10:07:57,779.8,2431539
2021-06-21 10:07:58,779.95,2434067
2021-06-21 10:07:59,779.5,2434505
2021-06-21 10:07:59,779.4,2435668
2021-06-21 10:08:00,779.6,2435928
2021-06-21 10:08:02,779.5,2436025
2021-06-21 10:08:03,779.5,2436361
2021-06-21 10:08:04,779.4,2436462
2021-06-21 10:08:05,779.05,2437145
2021-06-21 10:08:06,779.45,2437964
2021-06-21 10:08:07,779.55,2438369
2021-06-21 10:08:07,779.55,2438364
2021-06-21 10:08:08,779.2,2438957
2021-06-21 10:08:10,779.75,2440423
2021-06-21 10:08:11,779.75,2440447
2021-06-21 10:08:12,779.5,2440671
2021-06-21 10:08:13,779.5,2440671
2021-06-21 10:08:14,779.25,2441173
2021-06-21 10:08:14,779.25,2441173
2021-06-21 10:08:16,779.9,2442153
2021-06-21 10:08:17,779.9,2442280
2021-06-21 10:08:18,779.95,2442307
2021-06-21 10:08:19,779.9,2442452
2021-06-21 10:08:20,779.5,2442786
2021-06-21 10:08:21,779.25,2442886
2021-06-21 10:08:23,779.5,2443046
2021-06-21 10:08:23,779.5,2443048
2021-06-21 10:08:25,779.9,2443326
2021-06-21 10:08:26,779.8,2443378
2021-06-21 10:08:28,779.8,2443526
2021-06-21 10:08:29,779.75,2444011
2021-06-21 10:08:30,779.5,2444211
2021-06-21 10:08:31,779.9,2445376
2021-06-21 10:08:32,779.85,2445722
2021-06-21 10:08:33,779.85,2445985
2021-06-21 10:08:34,779.6,2445997
2021-06-21 10:08:34,779.75,2446497
2021-06-21 10:08:35,779.65,2446565
2021-06-21 10:08:37,779.6,2448199
2021-06-21 10:08:38,779.6,2448401
2021-06-21 10:08:39,779.6,2449027
2021-06-21 10:08:40,779.6,2449604
2021-06-21 10:08:41,779.8,2449729
2021-06-21 10:08:41,779.8,2449930
2021-06-21 10:08:42,779.95,2464442
2021-06-21 10:08:44,779.85,2464446
2021-06-21 10:08:46,780.0,2465354
2021-06-21 10:08:47,780.0,2465354
2021-06-21 10:08:48,780.0,2465356
2021-06-21 10:08:49,780.0,2465712
2021-06-21 10:08:50,779.8,2466065
2021-06-21 10:08:51,779.95,2466156
2021-06-21 10:08:52,780.0,2466266
2021-06-21 10:08:53,780.0,2466793
2021-06-21 10:08:54,780.0,2468226
2021-06-21 10:08:55,780.4,2471814
2021-06-21 10:08:56,780.15,2473633
2021-06-21 10:08:57,780.4,2475025
2021-06-21 10:08:58,780.0,2479180
2021-06-21 10:08:59,780.2,2483201
2021-06-21 10:09:01,780.75,2485150
2021-06-21 10:09:02,780.5,2488429
2021-06-21 10:09:03,780.4,2491126
2021-06-21 10:09:04,780.05,2491167
2021-06-21 10:09:05,780.2,2491981
2021-06-21 10:09:06,780.4,2493773
2021-06-21 10:09:07,779.8,2497927
2021-06-21 10:09:08,779.8,2497927
2021-06-21 10:09:09,779.5,2498045
2021-06-21 10:09:10,779.75,2498371
2021-06-21 10:09:11,779.75,2498966
