timestamp,ltp,volume
2021-06-18 09:16:31,3048.75,20464
2021-06-18 09:16:32,3048.25,20607
2021-06-18 09:16:35,3048.0,20988
2021-06-18 09:16:36,3046.95,21048
2021-06-18 09:16:38,3050.0,21784
2021-06-18 09:16:39,3050.0,22194
2021-06-18 09:16:39,3050.0,22194
2021-06-18 09:16:40,3049.2,22197
2021-06-18 09:16:42,3048.6,22233
2021-06-18 09:16:43,3048.0,22243
2021-06-18 09:16:44,3048.0,22243
2021-06-18 09:16:45,3048.0,22403
2021-06-18 09:16:46,3047.7,22439
2021-06-18 09:16:47,3048.65,24448
2021-06-18 09:16:48,3048.65,24596
2021-06-18 09:16:49,3048.65,24596
2021-06-18 09:16:50,3047.65,24641
2021-06-18 09:16:51,3047.7,24793
2021-06-18 09:16:52,3047.05,24844
2021-06-18 09:16:53,3047.05,24953
2021-06-18 09:16:54,3047.0,25095
2021-06-18 09:16:56,3047.0,25095
2021-06-18 09:16:57,3047.1,25137
2021-06-18 09:16:58,3047.1,25154
2021-06-18 09:16:59,3044.45,28444
2021-06-18 09:17:00,3043.9,28829
2021-06-18 09:17:01,3045.3,29033
2021-06-18 09:17:02,3044.0,29053
2021-06-18 09:17:03,3044.85,29494
2021-06-18 09:17:04,3045.0,29587
2021-06-18 09:17:05,3045.45,29827
2021-06-18 09:17:07,3045.7,30074
2021-06-18 09:17:08,3045.5,30107
2021-06-18 09:17:10,3049.55,31140
2021-06-18 09:17:11,3047.7,31181
2021-06-18 09:17:12,3048.05,31318
2021-06-18 09:17:13,3047.9,31386
2021-06-18 09:17:14,3047.9,31427
2021-06-18 09:17:15,3047.9,31427
2021-06-18 09:17:16,3047.7,31524
2021-06-18 09:17:17,3049.05,31615
2021-06-18 09:17:18,3047.95,31623
2021-06-18 09:17:19,3049.05,31671
2021-06-18 09:17:20,3047.95,31692
2021-06-18 09:17:21,3049.5,31702
2021-06-18 09:17:22,3049.5,31723
2021-06-18 09:17:23,3048.75,31733
2021-06-18 09:17:24,3048.75,31757
2021-06-18 09:17:25,3048.8,31765
2021-06-18 09:17:26,3048.8,31765
2021-06-18 09:17:27,3047.7,31947
2021-06-18 09:17:28,3047.85,32000
2021-06-18 09:17:29,3049.0,32006
2021-06-18 09:17:30,3048.75,32341
2021-06-18 09:17:31,3048.1,32349
2021-06-18 09:17:32,3048.05,32868
2021-06-18 09:17:33,3048.2,32914
2021-06-18 09:17:34,3047.95,32934
2021-06-18 09:17:34,3047.95,32934
2021-06-18 09:17:36,3047.6,33414
2021-06-18 09:17:37,3049.0,33477
2021-06-18 09:17:38,3047.4,33869
2021-06-18 09:17:39,3047.0,34150
2021-06-18 09:17:40,3046.9,34778
2021-06-18 09:17:41,3046.75,34794
2021-06-18 09:17:42,3045.8,34819
2021-06-18 09:17:42,3045.8,34819
2021-06-18 09:17:44,3046.65,34821
2021-06-18 09:17:45,3045.85,34933
2021-06-18 09:17:46,3046.8,34975
2021-06-18 09:17:47,3046.9,35083
2021-06-18 09:17:48,3045.8,35165
2021-06-18 09:17:49,3046.75,35177
2021-06-18 09:17:50,3045.2,35336
2021-06-18 09:17:51,3046.85,35379
2021-06-18 09:17:51,3046.85,35379
2021-06-18 09:17:54,3046.0,35416
2021-06-18 09:17:55,3046.0,35423
2021-06-18 09:17:56,3045.0,35493
2021-06-18 09:17:57,3045.35,35524
2021-06-18 09:17:58,3044.0,35553
2021-06-18 09:17:59,3045.5,35595
2021-06-18 09:18:00,3045.5,35624
2021-06-18 09:18:01,3045.5,35658
2021-06-18 09:18:02,3045.5,35746
2021-06-18 09:18:03,3045.55,35756
2021-06-18 09:18:04,3044.5,35905
2021-06-18 09:18:05,3045.45,36050
2021-06-18 09:18:06,3044.25,36104
2021-06-18 09:18:07,3045.45,36261
2021-06-18 09:18:07,3045.45,36261
2021-06-18 09:18:08,3045.4,36294
2021-06-18 09:18:09,3045.4,36309
2021-06-18 09:18:10,3045.4,36325
2021-06-18 09:18:11,3046.65,36619
2021-06-18 09:18:12,3046.65,36619
2021-06-18 09:18:14,3045.25,36649
2021-06-18 09:18:15,3046.7,36650
2021-06-18 09:18:16,3045.95,36739
2021-06-18 09:18:17,3046.0,36742
2021-06-18 09:18:18,3046.0,36747
2021-06-18 09:18:19,3045.0,36797
2021-06-18 09:18:20,3046.0,36901
2021-06-18 09:18:21,3046.5,36903
2021-06-18 09:18:22,3046.0,36958
2021-06-18 09:18:23,3046.75,36959
2021-06-18 09:18:24,3046.75,37053
2021-06-18 09:18:26,3046.15,37253
2021-06-18 09:18:27,3047.45,37326
2021-06-18 09:18:28,3046.0,37471
2021-06-18 09:18:29,3047.5,37702
2021-06-18 09:18:30,3049.0,37812
2021-06-18 09:18:31,3047.8,37992
2021-06-18 09:18:32,3047.9,38084
2021-06-18 09:18:33,3047.5,38145
2021-06-18 09:18:34,3047.5,38166
2021-06-18 09:18:35,3047.7,38167
2021-06-18 09:18:36,3047.45,38168
2021-06-18 09:18:37,3047.45,38168
2021-06-18 09:18:38,3047.45,38200
2021-06-18 09:18:39,3047.7,38579
2021-06-18 09:18:40,3046.0,39055
2021-06-18 09:18:41,3046.0,39055
2021-06-18 09:18:42,3047.25,39060
2021-06-18 09:18:43,3047.4,39560
2021-06-18 09:18:44,3047.65,39563
2021-06-18 09:18:45,3047.6,39604
2021-06-18 09:18:46,3046.7,39606
2021-06-18 09:18:47,3047.7,39749
2021-06-18 09:18:48,3046.15,39820
2021-06-18 09:18:49,3047.65,39866
2021-06-18 09:18:50,3047.7,39874
2021-06-18 09:18:51,3047.2,39912
2021-06-18 09:18:52,3047.2,39912
2021-06-18 09:18:53,3047.2,39912
2021-06-18 09:18:54,3046.75,39913
2021-06-18 09:18:55,3047.25,39963
2021-06-18 09:18:56,3046.3,39964
2021-06-18 09:18:57,3046.0,40019
2021-06-18 09:18:58,3046.0,40019
2021-06-18 09:18:59,3046.0,40021
2021-06-18 09:19:00,3047.0,40022
2021-06-18 09:19:01,3047.2,40144
2021-06-18 09:19:02,3047.2,40325
2021-06-18 09:19:03,3045.9,40540
2021-06-18 09:19:04,3046.65,40611
2021-06-18 09:19:05,3046.65,40647
2021-06-18 09:19:06,3046.65,40647
2021-06-18 09:19:07,3046.0,40693
2021-06-18 09:19:08,3045.75,40712
2021-06-18 09:19:09,3045.75,40727
2021-06-18 09:19:10,3045.95,40731
2021-06-18 09:19:11,3045.95,40857
2021-06-18 09:19:12,3046.0,40914
2021-06-18 09:19:13,3045.95,40937
2021-06-18 09:19:14,3045.95,41052
2021-06-18 09:19:15,3045.95,41083
2021-06-18 09:19:16,3046.0,41104
2021-06-18 09:19:17,3046.0,41111
2021-06-18 09:19:18,3046.0,41153
2021-06-18 09:19:19,3046.0,41173
2021-06-18 09:19:20,3047.0,41406
2021-06-18 09:19:21,3046.05,41971
2021-06-18 09:19:22,3045.95,42051
2021-06-18 09:19:23,3046.1,42103
2021-06-18 09:19:24,3047.0,42111
2021-06-18 09:19:25,3047.0,42111
2021-06-18 09:19:26,3046.5,42112
2021-06-18 09:19:27,3047.0,42258
2021-06-18 09:19:28,3047.0,42258
2021-06-18 09:19:29,3047.0,42258
2021-06-18 09:19:30,3047.0,42289
2021-06-18 09:19:31,3047.05,42291
2021-06-18 09:19:32,3047.05,42291
2021-06-18 09:19:33,3047.25,42292
2021-06-18 09:19:34,3047.0,42373
2021-06-18 09:19:35,3046.9,42376
2021-06-18 09:19:36,3046.95,42402
2021-06-18 09:19:37,3046.95,42402
2021-06-18 09:19:38,3047.0,42429
2021-06-18 09:19:39,3047.0,42439
2021-06-18 09:19:40,3047.0,42439
2021-06-18 09:19:41,3046.9,42473
2021-06-18 09:19:42,3046.9,42473
2021-06-18 09:19:43,3046.9,42473
2021-06-18 09:19:44,3047.0,42491
2021-06-18 09:19:45,3045.95,42749
2021-06-18 09:19:46,3045.85,42771
2021-06-18 09:19:47,3047.0,42772
2021-06-18 09:19:48,3047.0,42775
2021-06-18 09:19:49,3046.9,42815
2021-06-18 09:19:50,3046.9,43375
2021-06-18 09:19:51,3046.95,43393
2021-06-18 09:19:52,3046.95,43393
2021-06-18 09:19:53,3046.95,43395
2021-06-18 09:19:54,3047.7,44889
2021-06-18 09:19:55,3047.05,44891
2021-06-18 09:19:56,3046.5,45128
2021-06-18 09:19:57,3047.15,45247
2021-06-18 09:19:58,3047.15,45267
2021-06-18 09:19:59,3047.15,45267
2021-06-18 09:20:00,3047.15,45267
2021-06-18 09:20:01,3046.95,45303
2021-06-18 09:20:03,3048.75,45994
2021-06-18 09:20:04,3047.15,46024
2021-06-18 09:20:05,3047.15,46089
2021-06-18 09:20:06,3048.0,46230
2021-06-18 09:20:07,3048.0,46230
2021-06-18 09:20:08,3048.0,46230
2021-06-18 09:20:09,3048.55,46235
2021-06-18 09:20:10,3048.55,46235
2021-06-18 09:20:11,3047.25,46249
2021-06-18 09:20:12,3047.25,46249
2021-06-18 09:20:13,3048.65,46270
2021-06-18 09:20:14,3048.65,46303
2021-06-18 09:20:15,3048.7,46315
2021-06-18 09:20:16,3048.7,46327
2021-06-18 09:20:17,3048.7,46327
2021-06-18 09:20:18,3048.7,46348
2021-06-18 09:20:19,3047.7,46748
2021-06-18 09:20:20,3048.7,46752
2021-06-18 09:20:21,3048.75,46799
2021-06-18 09:20:22,3048.65,46806
2021-06-18 09:20:23,3048.1,46889
2021-06-18 09:20:24,3048.65,46893
2021-06-18 09:20:25,3048.65,46893
2021-06-18 09:20:26,3048.65,46893
2021-06-18 09:20:27,3048.2,46915
2021-06-18 09:20:28,3048.6,46930
2021-06-18 09:20:30,3048.6,46950
2021-06-18 09:20:30,3048.6,46950
2021-06-18 09:20:31,3048.65,46997
2021-06-18 09:20:32,3049.65,47098
2021-06-18 09:20:33,3048.9,47108
2021-06-18 09:20:34,3048.15,47113
2021-06-18 09:20:35,3048.65,47216
2021-06-18 09:20:37,3049.2,47218
2021-06-18 09:20:38,3048.5,47600
2021-06-18 09:20:39,3049.15,47603
2021-06-18 09:20:40,3049.15,47603
2021-06-18 09:20:41,3049.15,47608
2021-06-18 09:20:42,3048.5,47666
2021-06-18 09:20:43,3049.05,47726
2021-06-18 09:20:44,3049.05,47726
2021-06-18 09:20:45,3049.05,47744
2021-06-18 09:20:46,3049.15,47751
2021-06-18 09:20:47,3049.95,47841
2021-06-18 09:20:48,3049.95,47841
2021-06-18 09:20:50,3049.95,47841
2021-06-18 09:20:51,3049.55,47842
2021-06-18 09:20:52,3050.8,48707
2021-06-18 09:20:53,3050.15,48763
2021-06-18 09:20:54,3052.7,49700
2021-06-18 09:20:55,3054.3,50041
2021-06-18 09:20:56,3054.3,50041
2021-06-18 09:20:57,3052.8,50277
2021-06-18 09:20:57,3052.8,50277
2021-06-18 09:20:58,3052.85,50301
2021-06-18 09:20:59,3053.85,50309
2021-06-18 09:21:00,3052.85,50317
2021-06-18 09:21:01,3052.85,50340
2021-06-18 09:21:02,3053.3,50364
2021-06-18 09:21:03,3053.4,50389
2021-06-18 09:21:04,3053.3,50394
2021-06-18 09:21:05,3053.7,50400
2021-06-18 09:21:06,3053.3,50456
2021-06-18 09:21:07,3053.7,50486
2021-06-18 09:21:08,3053.1,50651
2021-06-18 09:21:09,3052.65,51182
2021-06-18 09:21:10,3052.7,51201
2021-06-18 09:21:11,3052.45,51671
2021-06-18 09:21:12,3052.5,52234
2021-06-18 09:21:13,3051.75,52235
2021-06-18 09:21:14,3052.45,52242
2021-06-18 09:21:15,3051.0,52247
2021-06-18 09:21:16,3051.0,52247
2021-06-18 09:21:17,3051.0,52463
2021-06-18 09:21:18,3051.0,52466
2021-06-18 09:21:20,3051.0,52494
2021-06-18 09:21:20,3050.95,52533
2021-06-18 09:21:21,3052.4,52551
2021-06-18 09:21:22,3050.15,52622
2021-06-18 09:21:23,3050.45,52625
2021-06-18 09:21:24,3050.15,52647
2021-06-18 09:21:25,3050.1,52802
2021-06-18 09:21:26,3048.0,53577
2021-06-18 09:21:27,3048.0,53580
2021-06-18 09:21:28,3049.5,53698
2021-06-18 09:21:29,3050.0,53707
2021-06-18 09:21:30,3050.1,53916
2021-06-18 09:21:31,3049.95,54016
2021-06-18 09:21:32,3049.75,54040
2021-06-18 09:21:33,3049.65,54092
2021-06-18 09:21:34,3049.65,54092
2021-06-18 09:21:35,3049.65,54103
2021-06-18 09:21:37,3048.3,54104
2021-06-18 09:21:38,3048.3,54116
2021-06-18 09:21:39,3048.85,54117
2021-06-18 09:21:40,3049.65,54146
2021-06-18 09:21:40,3049.65,54156
2021-06-18 09:21:41,3049.65,54164
2021-06-18 09:21:42,3049.95,54165
2021-06-18 09:21:43,3050.05,54372
2021-06-18 09:21:44,3050.15,54431
2021-06-18 09:21:45,3050.15,54434
2021-06-18 09:21:46,3050.15,54450
2021-06-18 09:21:47,3049.9,54538
2021-06-18 09:21:48,3049.9,54544
2021-06-18 09:21:49,3049.95,54581
2021-06-18 09:21:50,3049.95,54581
2021-06-18 09:21:51,3049.95,54583
2021-06-18 09:21:52,3049.85,54590
2021-06-18 09:21:53,3049.9,54647
2021-06-18 09:21:54,3049.9,54647
2021-06-18 09:21:55,3049.9,54688
2021-06-18 09:21:56,3049.0,54767
2021-06-18 09:21:57,3049.0,54767
2021-06-18 09:21:58,3049.8,54829
2021-06-18 09:21:59,3048.1,54882
2021-06-18 09:22:00,3049.0,54883
2021-06-18 09:22:02,3049.0,54883
2021-06-18 09:22:03,3049.5,54919
2021-06-18 09:22:03,3049.5,54929
2021-06-18 09:22:04,3048.15,55117
2021-06-18 09:22:05,3049.8,55177
2021-06-18 09:22:06,3049.8,55180
2021-06-18 09:22:07,3049.9,55188
2021-06-18 09:22:08,3049.45,55197
2021-06-18 09:22:09,3049.45,55197
2021-06-18 09:22:10,3049.75,55338
2021-06-18 09:22:11,3049.75,55361
2021-06-18 09:22:12,3049.25,55386
2021-06-18 09:22:13,3049.75,55387
2021-06-18 09:22:14,3049.25,55395
2021-06-18 09:22:16,3049.25,55416
2021-06-18 09:22:17,3049.7,55427
2021-06-18 09:22:18,3049.7,55502
2021-06-18 09:22:19,3049.8,55578
2021-06-18 09:22:20,3049.75,55655
2021-06-18 09:22:21,3049.75,55656
2021-06-18 09:22:22,3049.7,55661
2021-06-18 09:22:23,3049.7,55695
2021-06-18 09:22:24,3049.8,55726
2021-06-18 09:22:25,3049.7,55756
2021-06-18 09:22:26,3049.8,55763
2021-06-18 09:22:28,3048.85,55836
2021-06-18 09:22:28,3048.85,55836
2021-06-18 09:22:29,3049.0,55873
2021-06-18 09:22:30,3049.0,55902
2021-06-18 09:22:31,3049.0,55926
2021-06-18 09:22:33,3049.0,55926
2021-06-18 09:22:34,3049.0,55936
2021-06-18 09:22:35,3049.0,55936
2021-06-18 09:22:36,3049.0,55936
2021-06-18 09:22:37,3049.0,55942
2021-06-18 09:22:38,3049.0,55942
2021-06-18 09:22:39,3048.4,55944
2021-06-18 09:22:40,3048.4,55944
2021-06-18 09:22:41,3049.75,56208
2021-06-18 09:22:42,3049.0,56433
2021-06-18 09:22:43,3049.1,56539
2021-06-18 09:22:44,3049.1,56578
2021-06-18 09:22:45,3049.75,56625
2021-06-18 09:22:46,3049.1,56648
2021-06-18 09:22:47,3049.75,56696
2021-06-18 09:22:47,3049.75,56696
2021-06-18 09:22:48,3049.75,56696
2021-06-18 09:22:51,3049.75,56706
2021-06-18 09:22:52,3049.8,57229
2021-06-18 09:22:53,3049.75,57232
2021-06-18 09:22:54,3049.5,57256
2021-06-18 09:22:55,3049.0,57413
2021-06-18 09:22:55,3049.0,57413
2021-06-18 09:22:56,3048.4,57594
2021-06-18 09:22:57,3049.95,58118
2021-06-18 09:22:59,3049.0,58122
2021-06-18 09:23:01,3048.7,58172
2021-06-18 09:23:02,3048.2,58192
2021-06-18 09:23:03,3047.5,58728
2021-06-18 09:23:04,3047.5,58728
2021-06-18 09:23:05,3048.45,58825
2021-06-18 09:23:06,3046.95,59121
2021-06-18 09:23:07,3046.95,59121
2021-06-18 09:23:08,3046.95,59121
2021-06-18 09:23:08,3046.95,59121
2021-06-18 09:23:09,3047.95,59243
2021-06-18 09:23:10,3047.1,59364
2021-06-18 09:23:11,3046.65,59478
2021-06-18 09:23:13,3046.0,59747
2021-06-18 09:23:13,3046.95,59585
2021-06-18 09:23:14,3046.95,59752
2021-06-18 09:23:15,3046.15,59791
2021-06-18 09:23:16,3046.0,59860
2021-06-18 09:23:17,3046.15,59861
2021-06-18 09:23:20,3045.0,60750
2021-06-18 09:23:23,3044.95,60811
2021-06-18 09:23:27,3044.25,60936
2021-06-18 09:23:28,3044.3,61000
2021-06-18 09:23:29,3044.3,61020
2021-06-18 09:23:30,3044.3,61020
2021-06-18 09:23:31,3044.25,61035
2021-06-18 09:23:32,3043.75,61268
2021-06-18 09:23:33,3044.0,61470
2021-06-18 09:23:34,3044.0,61471
2021-06-18 09:23:35,3043.75,61484
2021-06-18 09:23:36,3043.75,61513
2021-06-18 09:23:37,3044.0,61823
2021-06-18 09:23:38,3043.75,61836
2021-06-18 09:23:39,3044.0,61976
2021-06-18 09:23:40,3043.15,62195
2021-06-18 09:23:41,3043.15,62195
2021-06-18 09:23:42,3043.5,62214
2021-06-18 09:23:43,3043.25,62244
2021-06-18 09:23:44,3044.3,62610
2021-06-18 09:23:45,3043.95,62658
2021-06-18 09:23:45,3043.85,62664
2021-06-18 09:23:47,3044.0,62704
2021-06-18 09:23:47,3043.95,62714
2021-06-18 09:23:49,3044.65,62909
2021-06-18 09:23:49,3044.3,62910
2021-06-18 09:23:50,3044.3,62910
2021-06-18 09:23:51,3044.65,62919
2021-06-18 09:23:52,3045.0,63044
2021-06-18 09:23:53,3045.0,63058
2021-06-18 09:23:54,3045.0,63058
2021-06-18 09:23:55,3045.0,63058
2021-06-18 09:23:56,3045.0,63151
2021-06-18 09:23:57,3045.0,63151
2021-06-18 09:23:58,3045.0,63151
2021-06-18 09:23:59,3045.5,63158
2021-06-18 09:24:00,3045.95,63168
2021-06-18 09:24:03,3045.5,63230
2021-06-18 09:24:04,3045.5,63230
2021-06-18 09:24:05,3046.0,63240
2021-06-18 09:24:06,3046.0,63241
2021-06-18 09:24:07,3046.0,63377
2021-06-18 09:24:08,3046.15,63778
2021-06-18 09:24:09,3046.4,63786
2021-06-18 09:24:10,3046.95,63805
2021-06-18 09:24:11,3047.0,63896
2021-06-18 09:24:12,3047.55,63897
2021-06-18 09:24:13,3047.0,63907
2021-06-18 09:24:14,3047.85,63915
2021-06-18 09:24:15,3047.55,63926
2021-06-18 09:24:16,3047.9,63928
2021-06-18 09:24:17,3047.9,63928
2021-06-18 09:24:18,3047.9,63928
2021-06-18 09:24:18,3047.6,64107
2021-06-18 09:24:19,3047.6,64107
2021-06-18 09:24:21,3048.2,64215
2021-06-18 09:24:22,3047.95,64246
2021-06-18 09:24:22,3047.95,64246
2021-06-18 09:24:23,3049.4,64248
2021-06-18 09:24:25,3049.4,64271
2021-06-18 09:24:26,3049.4,64271
2021-06-18 09:24:27,3049.4,64271
2021-06-18 09:24:28,3050.0,64710
2021-06-18 09:24:29,3051.65,64715
2021-06-18 09:24:30,3052.0,64865
2021-06-18 09:24:31,3052.0,64893
2021-06-18 09:24:32,3051.8,64900
2021-06-18 09:24:33,3052.0,64936
2021-06-18 09:24:34,3052.0,64991
2021-06-18 09:24:35,3053.0,65025
2021-06-18 09:24:35,3052.55,65405
2021-06-18 09:24:36,3053.0,65701
2021-06-18 09:24:38,3053.5,65770
2021-06-18 09:24:39,3053.5,65831
2021-06-18 09:24:40,3053.6,65833
2021-06-18 09:24:41,3053.4,66372
2021-06-18 09:24:42,3053.05,66505
2021-06-18 09:24:43,3054.3,67491
2021-06-18 09:24:44,3055.0,67529
2021-06-18 09:24:45,3054.05,67534
2021-06-18 09:24:46,3055.0,67536
2021-06-18 09:24:47,3054.2,67537
2021-06-18 09:24:48,3055.0,68258
2021-06-18 09:24:49,3056.0,69126
2021-06-18 09:24:50,3056.0,69166
2021-06-18 09:24:51,3055.35,69341
2021-06-18 09:24:51,3056.0,69381
2021-06-18 09:24:52,3056.85,69395
2021-06-18 09:24:53,3056.3,69405
2021-06-18 09:24:54,3056.3,69412
2021-06-18 09:24:55,3056.3,69413
2021-06-18 09:24:56,3056.9,69443
2021-06-18 09:24:57,3057.4,69920
2021-06-18 09:24:58,3057.4,70020
2021-06-18 09:24:59,3056.3,70171
2021-06-18 09:25:00,3056.3,70175
2021-06-18 09:25:01,3056.3,70175
2021-06-18 09:25:02,3056.3,70175
2021-06-18 09:25:04,3056.3,70280
2021-06-18 09:25:05,3056.25,70290
2021-06-18 09:25:06,3056.25,70290
2021-06-18 09:25:07,3056.25,70290
2021-06-18 09:25:08,3056.25,70290
2021-06-18 09:25:09,3056.25,70290
2021-06-18 09:25:10,3055.3,70292
2021-06-18 09:25:11,3055.6,70334
2021-06-18 09:25:12,3055.6,70334
2021-06-18 09:25:13,3055.25,70490
2021-06-18 09:25:14,3055.1,70542
2021-06-18 09:25:15,3055.1,70542
2021-06-18 09:25:15,3055.1,70542
2021-06-18 09:25:17,3055.05,70601
2021-06-18 09:25:18,3056.85,70821
2021-06-18 09:25:19,3056.85,70821
2021-06-18 09:25:20,3055.15,70822
2021-06-18 09:25:21,3055.9,70823
2021-06-18 09:25:21,3055.05,70834
2021-06-18 09:25:22,3055.9,70849
2021-06-18 09:25:23,3055.9,70849
2021-06-18 09:25:26,3055.0,71081
2021-06-18 09:25:27,3055.0,71081
2021-06-18 09:25:28,3055.0,71081
2021-06-18 09:25:29,3055.1,71086
2021-06-18 09:25:30,3055.1,71086
2021-06-18 09:25:31,3058.85,71591
2021-06-18 09:25:32,3057.5,71622
2021-06-18 09:25:33,3057.5,71622
2021-06-18 09:25:33,3058.9,71675
2021-06-18 09:25:34,3058.9,71675
2021-06-18 09:25:36,3057.55,71733
2021-06-18 09:25:37,3058.8,71746
2021-06-18 09:25:37,3058.8,71746
2021-06-18 09:25:39,3058.8,71761
2021-06-18 09:25:40,3058.2,71763
2021-06-18 09:25:41,3058.8,71768
2021-06-18 09:25:42,3060.0,72791
2021-06-18 09:25:43,3059.45,72802
2021-06-18 09:25:44,3060.0,72856
2021-06-18 09:25:45,3059.55,72867
2021-06-18 09:25:46,3059.5,72887
2021-06-18 09:25:47,3060.0,72969
2021-06-18 09:25:47,3060.0,73070
2021-06-18 09:25:49,3059.3,73593
2021-06-18 09:25:50,3059.35,73662
2021-06-18 09:25:50,3059.35,73662
2021-06-18 09:25:51,3061.0,73673
2021-06-18 09:25:52,3058.85,73747
2021-06-18 09:25:53,3058.85,73797
2021-06-18 09:25:55,3058.95,73798
2021-06-18 09:25:55,3059.85,73998
2021-06-18 09:25:56,3058.2,74033
2021-06-18 09:25:57,3058.0,74083
2021-06-18 09:25:58,3058.0,74083
2021-06-18 09:25:59,3058.1,74119
2021-06-18 09:26:00,3058.1,74119
2021-06-18 09:26:01,3058.1,74119
2021-06-18 09:26:03,3058.1,74119
2021-06-18 09:26:03,3058.3,74143
2021-06-18 09:26:04,3058.95,74203
2021-06-18 09:26:06,3058.95,74211
2021-06-18 09:26:07,3058.95,74211
2021-06-18 09:26:07,3058.95,74211
2021-06-18 09:26:08,3058.95,74221
2021-06-18 09:26:09,3058.95,74241
2021-06-18 09:26:10,3058.75,74245
2021-06-18 09:26:11,3058.95,74256
2021-06-18 09:26:12,3058.95,74260
2021-06-18 09:26:14,3058.95,74311
2021-06-18 09:26:15,3058.95,74311
2021-06-18 09:26:15,3058.55,74312
2021-06-18 09:26:16,3059.0,74387
2021-06-18 09:26:18,3059.0,74438
2021-06-18 09:26:19,3058.5,74538
2021-06-18 09:26:20,3058.5,74538
2021-06-18 09:26:20,3058.5,74538
2021-06-18 09:26:21,3058.5,74538
2021-06-18 09:26:23,3059.0,74679
2021-06-18 09:26:24,3059.0,74702
2021-06-18 09:26:24,3059.0,74702
2021-06-18 09:26:25,3059.0,74728
2021-06-18 09:26:27,3059.05,74872
2021-06-18 09:26:27,3059.05,74872
2021-06-18 09:26:28,3059.55,74903
2021-06-18 09:26:30,3060.9,75421
2021-06-18 09:26:31,3059.6,75521
2021-06-18 09:26:32,3060.65,76312
2021-06-18 09:26:33,3059.6,77673
2021-06-18 09:26:34,3059.6,77673
2021-06-18 09:26:35,3060.35,77783
2021-06-18 09:26:36,3062.2,77944
2021-06-18 09:26:37,3061.3,77946
2021-06-18 09:26:38,3061.3,77951
2021-06-18 09:26:39,3061.3,77951
2021-06-18 09:26:39,3061.0,77961
2021-06-18 09:26:41,3061.3,77971
2021-06-18 09:26:42,3061.3,78013
2021-06-18 09:26:43,3062.0,78027
2021-06-18 09:26:44,3062.1,78028
2021-06-18 09:26:44,3062.95,78031
2021-06-18 09:26:46,3063.0,78090
2021-06-18 09:26:47,3062.25,78120
2021-06-18 09:26:48,3063.0,78124
2021-06-18 09:26:49,3064.6,78275
2021-06-18 09:26:50,3063.0,78309
2021-06-18 09:26:50,3063.0,78309
2021-06-18 09:26:52,3064.7,78427
2021-06-18 09:26:53,3064.7,78427
2021-06-18 09:26:54,3064.95,78521
2021-06-18 09:26:55,3065.0,78659
2021-06-18 09:26:56,3065.0,78783
2021-06-18 09:26:57,3065.4,79043
2021-06-18 09:26:58,3065.4,79064
2021-06-18 09:26:59,3065.8,79396
2021-06-18 09:27:00,3065.75,79403
2021-06-18 09:27:01,3065.8,79475
2021-06-18 09:27:02,3065.8,79481
2021-06-18 09:27:03,3065.0,79750
2021-06-18 09:27:03,3065.0,79750
2021-06-18 09:27:05,3065.0,80420
2021-06-18 09:27:06,3064.6,80493
2021-06-18 09:27:07,3064.65,81187
2021-06-18 09:27:08,3063.0,81257
2021-06-18 09:27:09,3064.35,81277
2021-06-18 09:27:10,3064.9,81622
2021-06-18 09:27:11,3063.05,81755
2021-06-18 09:27:12,3064.75,81771
2021-06-18 09:27:13,3063.3,81824
2021-06-18 09:27:14,3065.0,82134
2021-06-18 09:27:15,3064.35,82293
2021-06-18 09:27:16,3065.3,82494
2021-06-18 09:27:17,3064.0,82545
2021-06-18 09:27:18,3065.85,82706
2021-06-18 09:27:18,3064.65,82576
2021-06-18 09:27:19,3065.0,82717
2021-06-18 09:27:21,3063.85,83555
2021-06-18 09:27:23,3062.5,83632
2021-06-18 09:27:22,3063.7,83629
2021-06-18 09:27:24,3065.0,83755
2021-06-18 09:27:25,3064.05,83796
2021-06-18 09:27:26,3063.45,83818
2021-06-18 09:27:27,3064.0,83833
2021-06-18 09:27:28,3063.2,84013
2021-06-18 09:27:29,3064.45,84018
2021-06-18 09:27:30,3063.5,84024
2021-06-18 09:27:31,3064.45,84040
2021-06-18 09:27:32,3064.45,84046
2021-06-18 09:27:34,3063.5,84118
2021-06-18 09:27:33,3063.6,84076
2021-06-18 09:27:35,3064.45,84121
2021-06-18 09:27:36,3064.9,84196
2021-06-18 09:27:37,3064.9,84211
2021-06-18 09:27:38,3063.55,84251
2021-06-18 09:27:39,3064.0,84273
2021-06-18 09:27:40,3064.9,84554
2021-06-18 09:27:41,3064.95,84632
2021-06-18 09:27:42,3064.95,84815
2021-06-18 09:27:43,3065.4,85024
2021-06-18 09:27:44,3065.0,85046
2021-06-18 09:27:45,3065.4,85115
2021-06-18 09:27:46,3065.35,85206
2021-06-18 09:27:47,3065.35,85208
2021-06-18 09:27:48,3066.95,85547
2021-06-18 09:27:49,3065.25,85752
2021-06-18 09:27:49,3066.65,85769
2021-06-18 09:27:50,3065.1,85788
2021-06-18 09:27:51,3066.6,85848
2021-06-18 09:27:53,3066.95,85927
2021-06-18 09:27:54,3065.35,86049
2021-06-18 09:27:55,3065.1,86166
2021-06-18 09:27:56,3065.2,86217
2021-06-18 09:27:57,3066.0,86239
2021-06-18 09:27:58,3066.0,86264
2021-06-18 09:27:59,3064.95,87257
2021-06-18 09:28:00,3065.0,87495
2021-06-18 09:28:00,3065.0,87495
2021-06-18 09:28:01,3065.0,87762
2021-06-18 09:28:02,3065.0,87827
2021-06-18 09:28:03,3064.4,87925
2021-06-18 09:28:04,3064.95,87969
2021-06-18 09:28:05,3065.0,87985
2021-06-18 09:28:09,3065.5,88482
2021-06-18 09:28:10,3066.6,88528
2021-06-18 09:28:11,3066.95,88674
2021-06-18 09:28:12,3066.05,88749
2021-06-18 09:28:13,3066.0,88785
2021-06-18 09:28:14,3066.05,88815
2021-06-18 09:28:15,3066.6,89229
2021-06-18 09:28:16,3066.05,89443
2021-06-18 09:28:16,3066.05,89448
2021-06-18 09:28:17,3066.0,89587
2021-06-18 09:28:19,3066.0,89618
2021-06-18 09:28:20,3066.3,89806
2021-06-18 09:28:21,3066.3,90137
2021-06-18 09:28:22,3067.0,90151
2021-06-18 09:28:23,3066.65,90380
2021-06-18 09:28:24,3066.55,90396
2021-06-18 09:28:25,3068.35,90534
2021-06-18 09:28:27,3067.0,90577
2021-06-18 09:28:29,3068.2,90881
2021-06-18 09:28:30,3067.75,91119
2021-06-18 09:28:31,3067.95,91185
2021-06-18 09:28:32,3066.5,91306
2021-06-18 09:28:33,3067.95,91331
2021-06-18 09:28:33,3066.5,91342
2021-06-18 09:28:35,3066.45,91361
2021-06-18 09:28:36,3068.0,91491
2021-06-18 09:28:37,3067.55,91732
2021-06-18 09:28:38,3068.35,91902
2021-06-18 09:28:39,3067.75,91921
2021-06-18 09:28:40,3068.65,92012
2021-06-18 09:28:41,3068.65,92012
2021-06-18 09:28:42,3068.25,92049
2021-06-18 09:28:43,3068.25,92150
2021-06-18 09:28:44,3068.3,92323
2021-06-18 09:28:45,3068.8,92506
2021-06-18 09:28:45,3068.8,92506
2021-06-18 09:28:47,3068.8,93509
2021-06-18 09:28:48,3068.3,93514
2021-06-18 09:28:49,3068.3,93519
2021-06-18 09:28:50,3068.8,93588
2021-06-18 09:28:51,3068.3,93623
2021-06-18 09:28:51,3068.4,93645
2021-06-18 09:28:52,3068.4,93924
2021-06-18 09:28:53,3068.4,94001
2021-06-18 09:28:54,3068.3,94011
2021-06-18 09:28:56,3068.45,94130
2021-06-18 09:28:57,3067.1,94379
2021-06-18 09:28:58,3064.9,96109
2021-06-18 09:29:00,3065.2,96195
2021-06-18 09:29:01,3065.9,96502
2021-06-18 09:29:02,3064.0,96517
2021-06-18 09:29:03,3063.6,96539
2021-06-18 09:29:05,3065.55,96564
2021-06-18 09:29:04,3065.55,96564
2021-06-18 09:29:06,3065.3,96580
2021-06-18 09:29:07,3065.05,96697
2021-06-18 09:29:08,3062.3,96940
2021-06-18 09:29:09,3064.5,97150
2021-06-18 09:29:10,3065.3,97186
2021-06-18 09:29:11,3064.5,97198
2021-06-18 09:29:12,3064.95,97258
2021-06-18 09:29:13,3063.25,97669
2021-06-18 09:29:14,3062.7,97680
2021-06-18 09:29:15,3062.0,97735
2021-06-18 09:29:16,3062.7,98164
2021-06-18 09:29:17,3063.5,98537
2021-06-18 09:29:18,3063.3,98562
2021-06-18 09:29:19,3062.05,98583
2021-06-18 09:29:20,3062.0,98630
2021-06-18 09:29:21,3063.3,98636
2021-06-18 09:29:22,3063.3,98706
2021-06-18 09:29:23,3062.5,98954
2021-06-18 09:29:24,3062.5,98954
2021-06-18 09:29:25,3062.2,99026
2021-06-18 09:29:26,3062.2,99036
2021-06-18 09:29:27,3063.8,99106
2021-06-18 09:29:29,3064.2,99155
2021-06-18 09:29:30,3062.5,99196
2021-06-18 09:29:31,3062.5,99196
2021-06-18 09:29:32,3062.5,99196
2021-06-18 09:29:33,3063.0,99281
2021-06-18 09:29:34,3062.0,100068
2021-06-18 09:29:35,3062.55,100107
2021-06-18 09:29:36,3062.45,100157
2021-06-18 09:29:37,3062.45,100157
2021-06-18 09:29:38,3061.25,100171
2021-06-18 09:29:39,3062.0,100176
2021-06-18 09:29:40,3062.0,100180
2021-06-18 09:29:41,3062.0,100204
2021-06-18 09:29:42,3062.05,100329
2021-06-18 09:29:43,3062.2,100330
2021-06-18 09:29:44,3059.55,100906
2021-06-18 09:29:45,3060.0,101063
2021-06-18 09:29:46,3061.05,101140
2021-06-18 09:29:47,3060.0,101209
2021-06-18 09:29:48,3060.05,101259
2021-06-18 09:29:49,3060.8,101261
2021-06-18 09:29:50,3060.8,101266
2021-06-18 09:29:51,3060.8,101271
2021-06-18 09:29:52,3060.0,101377
2021-06-18 09:29:53,3060.0,101478
2021-06-18 09:29:54,3060.0,101478
2021-06-18 09:29:55,3060.0,101478
2021-06-18 09:29:56,3060.5,101528
2021-06-18 09:29:57,3060.4,101588
2021-06-18 09:29:59,3061.0,101761
2021-06-18 09:30:00,3061.45,101792
2021-06-18 09:30:01,3061.35,101806
2021-06-18 09:30:02,3062.0,102214
2021-06-18 09:30:03,3062.0,102250
2021-06-18 09:30:04,3062.0,102252
2021-06-18 09:30:05,3061.0,102262
2021-06-18 09:30:06,3060.7,102349
2021-06-18 09:30:07,3060.7,102352
2021-06-18 09:30:08,3061.35,102358
2021-06-18 09:30:09,3061.35,102358
2021-06-18 09:30:10,3059.7,102621
2021-06-18 09:30:11,3060.8,102636
2021-06-18 09:30:13,3060.8,102636
2021-06-18 09:30:14,3060.7,102692
2021-06-18 09:30:15,3060.7,102692
2021-06-18 09:30:16,3060.0,102832
2021-06-18 09:30:17,3062.0,103136
2021-06-18 09:30:18,3062.0,103136
2021-06-18 09:30:19,3062.0,103186
2021-06-18 09:30:20,3060.8,103387
2021-06-18 09:30:21,3060.9,103413
2021-06-18 09:30:22,3060.05,103448
2021-06-18 09:30:23,3060.05,103454
2021-06-18 09:30:24,3060.05,103459
2021-06-18 09:30:25,3060.05,103510
2021-06-18 09:30:26,3059.0,103605
2021-06-18 09:30:27,3060.0,103606
2021-06-18 09:30:28,3059.5,103616
2021-06-18 09:30:29,3058.6,103666
2021-06-18 09:30:30,3058.6,103671
2021-06-18 09:30:31,3058.6,103719
2021-06-18 09:30:32,3059.05,103734
2021-06-18 09:30:33,3059.05,103738
2021-06-18 09:30:34,3058.5,103789
2021-06-18 09:30:35,3058.5,103789
2021-06-18 09:30:37,3058.65,104050
2021-06-18 09:30:40,3057.0,104070
2021-06-18 09:30:43,3057.55,104143
2021-06-18 09:30:44,3057.55,104246
2021-06-18 09:30:45,3056.85,104256
2021-06-18 09:30:46,3057.5,104266
2021-06-18 09:30:47,3057.7,104301
2021-06-18 09:30:48,3056.05,104357
2021-06-18 09:30:49,3056.05,104357
2021-06-18 09:30:50,3056.45,104386
2021-06-18 09:30:51,3056.45,104409
2021-06-18 09:30:52,3056.45,104409
2021-06-18 09:30:53,3056.05,104468
2021-06-18 09:30:54,3055.5,104718
2021-06-18 09:30:55,3055.5,104718
2021-06-18 09:30:56,3056.0,104856
2021-06-18 09:30:57,3056.0,104868
2021-06-18 09:30:58,3055.35,104874
2021-06-18 09:30:59,3055.5,104875
2021-06-18 09:31:00,3055.95,104898
2021-06-18 09:31:01,3056.0,104925
2021-06-18 09:31:02,3055.85,105035
2021-06-18 09:31:03,3055.85,105035
2021-06-18 09:31:04,3055.55,105572
2021-06-18 09:31:05,3055.6,105574
2021-06-18 09:31:06,3053.65,105624
2021-06-18 09:31:07,3055.25,105634
2021-06-18 09:31:08,3056.0,106488
2021-06-18 09:31:09,3056.0,106488
2021-06-18 09:31:10,3056.05,106489
2021-06-18 09:31:12,3056.45,106647
2021-06-18 09:31:13,3057.0,106746
2021-06-18 09:31:14,3057.0,106759
2021-06-18 09:31:15,3057.0,106760
2021-06-18 09:31:16,3056.1,106785
2021-06-18 09:31:17,3056.1,106801
2021-06-18 09:31:18,3057.4,106978
2021-06-18 09:31:19,3056.0,107181
2021-06-18 09:31:21,3057.4,107261
2021-06-18 09:31:23,3056.55,107283
2021-06-18 09:31:23,3056.0,107548
2021-06-18 09:31:24,3056.0,107548
2021-06-18 09:31:25,3056.0,107576
2021-06-18 09:31:26,3056.55,107651
2021-06-18 09:31:27,3057.0,107682
2021-06-18 09:31:28,3057.0,107682
2021-06-18 09:31:29,3057.4,107736
2021-06-18 09:31:30,3059.0,108108
2021-06-18 09:31:31,3058.9,108149
2021-06-18 09:31:32,3057.15,108517
2021-06-18 09:31:33,3058.7,108542
2021-06-18 09:31:34,3058.9,108543
2021-06-18 09:31:35,3058.9,108543
2021-06-18 09:31:36,3058.95,108819
2021-06-18 09:31:37,3058.95,108821
2021-06-18 09:31:38,3057.6,108858
2021-06-18 09:31:39,3058.95,108868
2021-06-18 09:31:40,3058.95,108868
2021-06-18 09:31:41,3057.45,108870
2021-06-18 09:31:42,3058.95,108881
2021-06-18 09:31:43,3058.95,108882
2021-06-18 09:31:44,3058.95,108882
2021-06-18 09:31:46,3058.9,108898
2021-06-18 09:31:46,3058.9,108898
2021-06-18 09:31:47,3058.9,108900
2021-06-18 09:31:48,3058.9,108900
2021-06-18 09:31:49,3058.9,108900
2021-06-18 09:31:50,3058.9,108901
2021-06-18 09:31:51,3058.25,108902
2021-06-18 09:31:52,3058.25,108902
2021-06-18 09:31:53,3058.9,108913
2021-06-18 09:31:54,3058.9,108913
2021-06-18 09:31:55,3058.95,109086
2021-06-18 09:31:56,3058.95,109087
2021-06-18 09:31:57,3058.95,109087
2021-06-18 09:31:58,3058.0,109140
2021-06-18 09:31:59,3058.25,109145
2021-06-18 09:32:00,3058.25,109145
2021-06-18 09:32:01,3058.25,109245
2021-06-18 09:32:02,3057.3,109348
2021-06-18 09:32:03,3056.05,109401
2021-06-18 09:32:04,3056.05,109401
2021-06-18 09:32:05,3057.85,109411
2021-06-18 09:32:07,3056.55,109418
2021-06-18 09:32:07,3056.55,109418
2021-06-18 09:32:08,3056.55,109432
2021-06-18 09:32:09,3057.85,109444
2021-06-18 09:32:10,3057.85,109452
2021-06-18 09:32:11,3056.6,109461
2021-06-18 09:32:13,3056.55,109481
2021-06-18 09:32:16,3056.55,109500
2021-06-18 09:32:17,3056.55,109532
2021-06-18 09:32:18,3056.05,109570
2021-06-18 09:32:19,3056.05,109570
2021-06-18 09:32:20,3056.05,109570
2021-06-18 09:32:21,3056.55,109590
2021-06-18 09:32:22,3056.55,109603
2021-06-18 09:32:23,3056.6,109606
2021-06-18 09:32:24,3056.6,109606
2021-06-18 09:32:25,3055.6,116451
2021-06-18 09:32:26,3055.85,116473
2021-06-18 09:32:27,3055.0,116505
2021-06-18 09:32:28,3056.0,116823
2021-06-18 09:32:29,3056.0,116823
2021-06-18 09:32:30,3055.0,116828
2021-06-18 09:32:31,3055.0,116828
2021-06-18 09:32:32,3055.0,116828
2021-06-18 09:32:33,3056.05,116836
2021-06-18 09:32:34,3055.1,116860
2021-06-18 09:32:35,3055.1,116860
2021-06-18 09:32:36,3056.05,116870
2021-06-18 09:32:37,3056.0,116871
2021-06-18 09:32:38,3056.05,116872
2021-06-18 09:32:40,3056.0,116905
2021-06-18 09:32:40,3056.0,116910
2021-06-18 09:32:41,3056.0,116910
2021-06-18 09:32:43,3056.05,116915
2021-06-18 09:32:44,3056.05,116925
2021-06-18 09:32:45,3056.0,116956
2021-06-18 09:32:47,3056.05,117016
2021-06-18 09:32:48,3056.05,117049
2021-06-18 09:32:51,3055.05,117064
2021-06-18 09:32:52,3055.05,117064
2021-06-18 09:32:53,3055.05,117064
2021-06-18 09:32:53,3056.0,117068
2021-06-18 09:32:54,3056.0,117068
2021-06-18 09:32:55,3055.25,117110
2021-06-18 09:32:56,3056.0,117113
2021-06-18 09:32:57,3056.0,117115
2021-06-18 09:32:58,3055.25,117145
2021-06-18 09:32:59,3055.25,117145
2021-06-18 09:33:01,3055.2,117195
2021-06-18 09:33:02,3055.2,117195
2021-06-18 09:33:03,3056.05,117215
2021-06-18 09:33:03,3056.05,117215
2021-06-18 09:33:05,3057.0,117552
2021-06-18 09:33:05,3055.55,117593
2021-06-18 09:33:06,3055.55,117593
2021-06-18 09:33:08,3056.3,117603
2021-06-18 09:33:09,3056.95,117605
2021-06-18 09:33:09,3056.95,117605
2021-06-18 09:33:11,3057.0,117663
2021-06-18 09:33:12,3057.0,117663
2021-06-18 09:33:13,3056.7,117685
2021-06-18 09:33:13,3056.7,117685
2021-06-18 09:33:14,3056.7,117685
2021-06-18 09:33:15,3057.65,117738
2021-06-18 09:33:16,3057.65,117750
2021-06-18 09:33:17,3058.0,117774
2021-06-18 09:33:18,3058.0,117774
2021-06-18 09:33:19,3058.0,117774
2021-06-18 09:33:20,3058.0,117774
2021-06-18 09:33:21,3058.0,117784
2021-06-18 09:33:23,3058.0,117784
2021-06-18 09:33:24,3056.7,117800
2021-06-18 09:33:25,3056.7,117800
2021-06-18 09:33:25,3056.7,117800
2021-06-18 09:33:26,3056.7,117800
2021-06-18 09:33:27,3056.7,117800
2021-06-18 09:33:28,3056.2,118389
2021-06-18 09:33:30,3056.2,118389
2021-06-18 09:33:31,3056.0,118409
2021-06-18 09:33:32,3056.0,118409
2021-06-18 09:33:33,3056.0,118409
2021-06-18 09:33:34,3056.0,118409
2021-06-18 09:33:35,3055.25,118524
2021-06-18 09:33:36,3055.0,118754
2021-06-18 09:33:37,3054.65,118756
2021-06-18 09:33:38,3056.0,118758
2021-06-18 09:33:39,3056.0,118758
2021-06-18 09:33:40,3054.7,118798
2021-06-18 09:33:40,3054.7,118798
2021-06-18 09:33:41,3054.6,118815
2021-06-18 09:33:42,3054.6,118865
2021-06-18 09:33:43,3054.6,118866
2021-06-18 09:33:44,3054.1,119039
2021-06-18 09:33:45,3054.6,119042
2021-06-18 09:33:46,3054.6,119042
2021-06-18 09:33:47,3054.0,119307
2021-06-18 09:33:48,3054.0,119334
2021-06-18 09:33:49,3054.55,119335
2021-06-18 09:33:50,3054.55,119335
2021-06-18 09:33:51,3054.0,119504
2021-06-18 09:33:52,3054.35,119506
2021-06-18 09:33:53,3054.0,121045
2021-06-18 09:33:54,3054.0,121045
2021-06-18 09:33:55,3054.25,121051
2021-06-18 09:33:56,3054.0,121301
2021-06-18 09:33:58,3054.0,121301
2021-06-18 09:33:59,3054.0,121451
2021-06-18 09:34:00,3053.75,121509
2021-06-18 09:34:01,3054.0,121512
2021-06-18 09:34:01,3054.0,121512
2021-06-18 09:34:03,3052.0,121668
2021-06-18 09:34:04,3054.0,121873
2021-06-18 09:34:05,3052.0,121918
2021-06-18 09:34:05,3052.0,121918
2021-06-18 09:34:06,3052.0,121918
2021-06-18 09:34:07,3052.0,121918
2021-06-18 09:34:08,3052.0,122138
2021-06-18 09:34:10,3052.0,122138
2021-06-18 09:34:11,3052.0,122230
2021-06-18 09:34:12,3052.0,122231
2021-06-18 09:34:13,3053.05,122283
2021-06-18 09:34:14,3053.05,122293
2021-06-18 09:34:15,3053.05,122293
2021-06-18 09:34:16,3053.05,122335
2021-06-18 09:34:17,3053.05,122346
2021-06-18 09:34:18,3053.05,122361
2021-06-18 09:34:19,3053.05,122361
2021-06-18 09:34:20,3053.05,122377
2021-06-18 09:34:23,3054.0,122474
2021-06-18 09:34:24,3054.0,122474
2021-06-18 09:34:24,3054.0,122474
2021-06-18 09:34:26,3052.6,122591
2021-06-18 09:34:26,3052.6,122591
2021-06-18 09:34:27,3052.5,122777
2021-06-18 09:34:29,3054.0,122798
2021-06-18 09:34:29,3054.0,122798
2021-06-18 09:34:31,3053.1,123096
2021-06-18 09:34:32,3053.1,123096
2021-06-18 09:34:33,3054.0,123106
2021-06-18 09:34:34,3054.0,123107
2021-06-18 09:34:35,3054.0,123107
2021-06-18 09:34:36,3053.55,123110
2021-06-18 09:34:37,3054.0,123112
2021-06-18 09:34:38,3054.0,123112
2021-06-18 09:34:39,3054.0,123112
2021-06-18 09:34:39,3054.0,123112
2021-06-18 09:34:40,3054.0,123112
2021-06-18 09:34:41,3054.0,123112
2021-06-18 09:34:42,3054.0,123112
2021-06-18 09:34:43,3053.05,123192
2021-06-18 09:34:44,3053.05,123192
2021-06-18 09:34:45,3053.95,123193
2021-06-18 09:34:46,3053.1,123203
2021-06-18 09:34:47,3053.1,123203
2021-06-18 09:34:49,3053.1,123203
2021-06-18 09:34:50,3053.1,123204
2021-06-18 09:34:51,3053.1,123204
2021-06-18 09:34:52,3053.1,123204
2021-06-18 09:34:52,3054.0,123396
2021-06-18 09:34:54,3054.0,123396
2021-06-18 09:34:55,3054.0,123401
2021-06-18 09:34:56,3054.0,123401
2021-06-18 09:34:57,3054.0,123401
2021-06-18 09:34:58,3054.0,123401
2021-06-18 09:34:59,3054.05,123402
2021-06-18 09:35:01,3054.0,123431
2021-06-18 09:35:02,3054.0,123450
2021-06-18 09:35:03,3054.05,123525
2021-06-18 09:35:04,3054.0,123526
2021-06-18 09:35:05,3054.0,123651
2021-06-18 09:35:06,3054.05,123652
2021-06-18 09:35:07,3054.05,123655
2021-06-18 09:35:08,3054.0,123660
2021-06-18 09:35:09,3054.0,123660
2021-06-18 09:35:10,3054.0,123660
2021-06-18 09:35:11,3054.0,124247
2021-06-18 09:35:12,3054.0,124247
2021-06-18 09:35:13,3054.05,124249
2021-06-18 09:35:14,3054.0,124262
2021-06-18 09:35:16,3054.05,124267
2021-06-18 09:35:17,3054.05,124270
2021-06-18 09:35:18,3054.0,124291
2021-06-18 09:35:19,3054.0,124291
2021-06-18 09:35:20,3054.05,124298
2021-06-18 09:35:21,3054.05,124298
2021-06-18 09:35:22,3054.05,124298
2021-06-18 09:35:23,3054.05,124308
2021-06-18 09:35:24,3054.05,124308
2021-06-18 09:35:25,3054.05,124339
2021-06-18 09:35:26,3054.05,124340
2021-06-18 09:35:27,3054.05,124342
2021-06-18 09:35:28,3054.05,124342
2021-06-18 09:35:29,3054.0,124395
2021-06-18 09:35:30,3054.15,124415
2021-06-18 09:35:31,3054.15,124415
2021-06-18 09:35:32,3054.0,124490
2021-06-18 09:35:33,3054.0,124501
2021-06-18 09:35:34,3054.05,124550
2021-06-18 09:35:35,3054.05,124550
2021-06-18 09:35:36,3054.05,124550
2021-06-18 09:35:37,3054.0,124563
2021-06-18 09:35:38,3054.0,124603
2021-06-18 09:35:39,3054.05,124611
2021-06-18 09:35:40,3054.05,124611
2021-06-18 09:35:42,3054.05,125273
2021-06-18 09:35:43,3054.05,125273
2021-06-18 09:35:44,3054.05,125273
2021-06-18 09:35:46,3053.5,125274
2021-06-18 09:35:47,3054.0,125285
2021-06-18 09:35:48,3054.0,125285
2021-06-18 09:35:49,3054.0,125286
2021-06-18 09:35:50,3054.0,125308
2021-06-18 09:35:51,3053.05,125433
2021-06-18 09:35:52,3053.05,125433
2021-06-18 09:35:53,3054.0,125550
2021-06-18 09:35:54,3054.0,125550
2021-06-18 09:35:54,3054.0,125550
2021-06-18 09:35:55,3054.0,125550
2021-06-18 09:35:56,3054.0,125550
2021-06-18 09:35:57,3054.0,125550
2021-06-18 09:35:58,3054.0,125551
2021-06-18 09:35:59,3054.0,125551
2021-06-18 09:36:00,3054.0,125551
2021-06-18 09:36:01,3054.0,125551
2021-06-18 09:36:02,3054.0,125551
2021-06-18 09:36:03,3053.35,125554
2021-06-18 09:36:04,3053.35,125554
2021-06-18 09:36:05,3053.45,125555
2021-06-18 09:36:07,3053.4,125596
2021-06-18 09:36:08,3053.45,125600
2021-06-18 09:36:09,3053.45,125600
2021-06-18 09:36:10,3053.5,125602
2021-06-18 09:36:11,3053.5,125622
2021-06-18 09:36:12,3053.5,125622
2021-06-18 09:36:13,3053.5,125622
2021-06-18 09:36:14,3053.05,125822
2021-06-18 09:36:15,3053.05,125822
2021-06-18 09:36:16,3053.5,125823
2021-06-18 09:36:17,3053.5,125823
2021-06-18 09:36:18,3053.5,125839
2021-06-18 09:36:19,3053.5,125839
2021-06-18 09:36:20,3053.45,125846
2021-06-18 09:36:21,3053.45,125866
2021-06-18 09:36:22,3053.45,125866
2021-06-18 09:36:24,3053.1,125868
2021-06-18 09:36:25,3053.05,125943
2021-06-18 09:36:26,3053.05,125944
2021-06-18 09:36:27,3053.05,125946
2021-06-18 09:36:27,3053.05,125946
2021-06-18 09:36:28,3053.05,125946
2021-06-18 09:36:29,3053.1,125947
2021-06-18 09:36:31,3053.05,125972
2021-06-18 09:36:31,3053.05,125972
2021-06-18 09:36:33,3053.05,125982
2021-06-18 09:36:34,3053.05,125985
2021-06-18 09:36:35,3053.05,125991
2021-06-18 09:36:35,3053.05,125991
2021-06-18 09:36:37,3053.05,126024
2021-06-18 09:36:38,3053.0,126221
2021-06-18 09:36:39,3052.1,126256
2021-06-18 09:36:39,3052.1,126256
2021-06-18 09:36:40,3052.1,126256
2021-06-18 09:36:41,3052.0,126481
2021-06-18 09:36:42,3052.0,126481
2021-06-18 09:36:43,3052.0,126482
2021-06-18 09:36:44,3052.1,126507
2021-06-18 09:36:45,3052.0,126657
2021-06-18 09:36:46,3053.0,126667
2021-06-18 09:36:48,3052.1,126668
2021-06-18 09:36:48,3052.05,126669
2021-06-18 09:36:50,3052.0,126695
2021-06-18 09:36:50,3052.0,126695
2021-06-18 09:36:51,3052.0,126695
2021-06-18 09:36:53,3052.05,126730
2021-06-18 09:36:54,3052.05,126794
2021-06-18 09:36:55,3052.05,126815
2021-06-18 09:36:56,3052.05,126873
2021-06-18 09:36:57,3052.05,126876
2021-06-18 09:36:58,3052.0,126975
2021-06-18 09:36:58,3052.0,126975
2021-06-18 09:36:59,3052.0,127005
2021-06-18 09:37:00,3052.05,127031
2021-06-18 09:37:01,3052.05,127171
2021-06-18 09:37:02,3052.0,127190
2021-06-18 09:37:03,3052.0,127190
2021-06-18 09:37:04,3051.95,127332
2021-06-18 09:37:05,3051.95,127332
2021-06-18 09:37:06,3052.0,127337
2021-06-18 09:37:07,3051.4,127338
2021-06-18 09:37:08,3051.0,127430
2021-06-18 09:37:09,3051.0,127488
2021-06-18 09:37:10,3051.0,127513
2021-06-18 09:37:11,3050.95,127518
2021-06-18 09:37:13,3050.95,127518
2021-06-18 09:37:14,3050.95,127518
2021-06-18 09:37:15,3050.95,127538
2021-06-18 09:37:16,3050.25,127588
2021-06-18 09:37:16,3051.0,127741
2021-06-18 09:37:18,3050.7,127756
2021-06-18 09:37:19,3051.0,127791
2021-06-18 09:37:20,3051.0,127807
2021-06-18 09:37:21,3051.2,127822
2021-06-18 09:37:21,3051.2,127822
2021-06-18 09:37:22,3051.1,127852
2021-06-18 09:37:24,3052.0,127974
2021-06-18 09:37:25,3051.25,128007
2021-06-18 09:37:26,3052.0,128023
2021-06-18 09:37:27,3052.0,128023
2021-06-18 09:37:29,3051.5,128040
2021-06-18 09:37:30,3051.5,128040
2021-06-18 09:37:31,3052.05,128060
2021-06-18 09:37:33,3052.05,128060
2021-06-18 09:37:32,3052.05,128060
2021-06-18 09:37:34,3052.0,128110
2021-06-18 09:37:35,3052.0,128155
2021-06-18 09:37:36,3051.8,128175
2021-06-18 09:37:36,3051.8,128175
2021-06-18 09:37:38,3051.8,128185
2021-06-18 09:37:38,3051.8,128185
2021-06-18 09:37:40,3052.0,128335
2021-06-18 09:37:41,3052.0,128335
2021-06-18 09:37:42,3052.0,128335
2021-06-18 09:37:42,3052.0,128335
2021-06-18 09:37:44,3051.8,128337
2021-06-18 09:37:45,3052.0,128345
2021-06-18 09:37:46,3052.0,128345
2021-06-18 09:37:47,3051.95,128405
2021-06-18 09:37:48,3052.0,128413
2021-06-18 09:37:49,3051.8,128445
2021-06-18 09:37:50,3051.8,128445
2021-06-18 09:37:51,3051.25,128466
2021-06-18 09:37:52,3051.25,128476
2021-06-18 09:37:53,3051.25,128476
2021-06-18 09:37:54,3051.25,128476
2021-06-18 09:37:54,3051.25,128476
2021-06-18 09:37:55,3051.25,128476
2021-06-18 09:37:56,3051.25,128476
2021-06-18 09:37:57,3051.9,128579
2021-06-18 09:37:58,3051.25,128706
2021-06-18 09:37:59,3051.25,128706
2021-06-18 09:38:00,3051.0,128856
2021-06-18 09:38:01,3051.0,128857
2021-06-18 09:38:02,3051.9,128858
2021-06-18 09:38:04,3051.9,128858
2021-06-18 09:38:05,3051.05,128863
2021-06-18 09:38:06,3051.15,128873
2021-06-18 09:38:07,3051.15,128874
2021-06-18 09:38:08,3051.25,128884
2021-06-18 09:38:09,3051.15,128890
2021-06-18 09:38:10,3051.15,128948
2021-06-18 09:38:11,3051.9,128998
2021-06-18 09:38:12,3051.15,129000
2021-06-18 09:38:13,3051.9,129034
2021-06-18 09:38:14,3051.9,129034
2021-06-18 09:38:15,3051.25,129044
2021-06-18 09:38:16,3051.2,129049
2021-06-18 09:38:17,3051.2,129054
2021-06-18 09:38:17,3051.2,129054
2021-06-18 09:38:18,3051.1,129079
2021-06-18 09:38:19,3051.1,129079
2021-06-18 09:38:20,3051.1,129079
2021-06-18 09:38:21,3051.1,129079
2021-06-18 09:38:22,3051.1,129079
2021-06-18 09:38:23,3051.9,129700
2021-06-18 09:38:24,3051.9,129765
2021-06-18 09:38:26,3051.9,130161
2021-06-18 09:38:26,3051.9,130161
2021-06-18 09:38:27,3051.85,130226
2021-06-18 09:38:29,3051.9,130234
2021-06-18 09:38:30,3051.9,130246
2021-06-18 09:38:31,3051.9,130246
2021-06-18 09:38:32,3051.9,130246
2021-06-18 09:38:33,3051.9,130252
2021-06-18 09:38:34,3051.9,130252
2021-06-18 09:38:35,3051.9,130252
2021-06-18 09:38:36,3051.9,130252
2021-06-18 09:38:37,3051.9,130256
2021-06-18 09:38:38,3051.9,130256
2021-06-18 09:38:39,3052.35,132495
2021-06-18 09:38:39,3052.35,132495
2021-06-18 09:38:40,3052.2,132497
2021-06-18 09:38:42,3052.65,132500
2021-06-18 09:38:43,3052.4,132501
2021-06-18 09:38:44,3052.4,132501
2021-06-18 09:38:45,3052.4,132501
2021-06-18 09:38:46,3052.4,132501
2021-06-18 09:38:47,3052.65,132515
2021-06-18 09:38:48,3052.65,132715
2021-06-18 09:38:49,3052.95,132725
2021-06-18 09:38:50,3052.95,132729
2021-06-18 09:38:51,3053.45,133102
2021-06-18 09:38:52,3053.45,133102
2021-06-18 09:38:53,3053.45,133102
2021-06-18 09:38:54,3053.45,133102
2021-06-18 09:38:55,3054.05,133577
2021-06-18 09:38:56,3055.0,133722
2021-06-18 09:38:57,3055.0,133786
2021-06-18 09:38:58,3056.0,133821
2021-06-18 09:38:59,3055.8,134347
2021-06-18 09:39:00,3055.8,134347
2021-06-18 09:39:01,3057.15,134350
2021-06-18 09:39:02,3057.15,134350
2021-06-18 09:39:03,3057.0,134375
2021-06-18 09:39:04,3055.45,134572
2021-06-18 09:39:04,3056.45,134574
2021-06-18 09:39:05,3055.05,134582
2021-06-18 09:39:07,3056.7,134610
2021-06-18 09:39:08,3056.2,134615
2021-06-18 09:39:10,3056.2,134615
2021-06-18 09:39:11,3056.2,134615
2021-06-18 09:39:12,3056.2,134615
2021-06-18 09:39:13,3055.15,134640
2021-06-18 09:39:14,3055.15,134640
2021-06-18 09:39:15,3055.15,134643
2021-06-18 09:39:16,3055.15,134643
2021-06-18 09:39:17,3055.15,134643
2021-06-18 09:39:18,3055.15,134643
2021-06-18 09:39:19,3056.3,134651
2021-06-18 09:39:20,3055.2,134659
2021-06-18 09:39:21,3055.2,134659
2021-06-18 09:39:22,3055.2,134659
2021-06-18 09:39:23,3055.15,134761
2021-06-18 09:39:24,3056.15,134776
2021-06-18 09:39:24,3056.15,134776
2021-06-18 09:39:25,3056.15,134776
2021-06-18 09:39:26,3056.2,134791
2021-06-18 09:39:28,3057.2,135021
2021-06-18 09:39:28,3057.2,135022
2021-06-18 09:39:29,3057.2,135022
2021-06-18 09:39:30,3057.2,135022
2021-06-18 09:39:31,3057.2,135022
2021-06-18 09:39:32,3057.2,135022
2021-06-18 09:39:33,3057.2,135022
2021-06-18 09:39:35,3056.3,135025
2021-06-18 09:39:36,3056.3,135025
2021-06-18 09:39:37,3056.3,135025
2021-06-18 09:39:38,3056.3,135025
2021-06-18 09:39:39,3056.3,135027
2021-06-18 09:39:40,3056.3,135047
2021-06-18 09:39:41,3056.3,135097
2021-06-18 09:39:42,3056.3,135097
2021-06-18 09:39:43,3056.2,135115
2021-06-18 09:39:44,3056.25,135125
2021-06-18 09:39:45,3056.3,135128
2021-06-18 09:39:46,3056.15,135157
2021-06-18 09:39:47,3055.95,135175
2021-06-18 09:39:48,3056.3,135176
2021-06-18 09:39:49,3055.8,135221
2021-06-18 09:39:50,3055.8,135221
2021-06-18 09:39:51,3055.8,135221
2021-06-18 09:39:52,3055.45,135240
2021-06-18 09:39:53,3055.45,135272
2021-06-18 09:39:54,3055.45,135272
2021-06-18 09:39:55,3055.7,135277
2021-06-18 09:39:56,3055.8,135287
2021-06-18 09:39:57,3055.8,135310
2021-06-18 09:39:58,3055.8,135310
2021-06-18 09:39:59,3055.8,135310
2021-06-18 09:40:01,3053.7,136174
2021-06-18 09:40:02,3055.1,136257
2021-06-18 09:40:03,3055.55,136407
2021-06-18 09:40:04,3055.55,136407
2021-06-18 09:40:05,3053.7,136408
2021-06-18 09:40:07,3054.85,136411
2021-06-18 09:40:08,3054.85,136411
2021-06-18 09:40:09,3054.85,136413
2021-06-18 09:40:10,3054.85,136413
2021-06-18 09:40:11,3054.85,136413
2021-06-18 09:40:12,3054.85,136413
2021-06-18 09:40:13,3054.85,136413
2021-06-18 09:40:14,3054.85,136413
2021-06-18 09:40:15,3054.85,136413
2021-06-18 09:40:16,3053.75,136418
2021-06-18 09:40:18,3054.8,136419
2021-06-18 09:40:19,3054.8,136419
2021-06-18 09:40:20,3054.8,136419
2021-06-18 09:40:21,3053.7,136428
2021-06-18 09:40:22,3053.7,136428
2021-06-18 09:40:23,3053.7,136429
2021-06-18 09:40:24,3053.2,136544
2021-06-18 09:40:25,3053.2,136544
2021-06-18 09:40:26,3053.2,136544
2021-06-18 09:40:27,3053.2,136544
2021-06-18 09:40:28,3053.4,136545
2021-06-18 09:40:29,3053.75,136550
2021-06-18 09:40:30,3053.75,136550
2021-06-18 09:40:31,3053.75,136552
2021-06-18 09:40:32,3053.75,136552
2021-06-18 09:40:33,3053.75,136552
2021-06-18 09:40:34,3053.75,136618
2021-06-18 09:40:35,3053.7,136670
2021-06-18 09:40:36,3053.7,136672
2021-06-18 09:40:37,3053.75,136675
2021-06-18 09:40:38,3053.75,136675
2021-06-18 09:40:39,3053.7,136676
2021-06-18 09:40:40,3053.7,136676
2021-06-18 09:40:41,3052.75,136786
2021-06-18 09:40:42,3052.75,136786
2021-06-18 09:40:43,3052.75,136790
2021-06-18 09:40:44,3053.75,136821
2021-06-18 09:40:45,3053.75,136821
2021-06-18 09:40:46,3053.75,136821
2021-06-18 09:40:47,3053.75,136821
2021-06-18 09:40:48,3053.75,136821
2021-06-18 09:40:49,3053.75,136821
2021-06-18 09:40:50,3053.75,136823
2021-06-18 09:40:51,3052.85,136856
2021-06-18 09:40:52,3052.85,136856
2021-06-18 09:40:53,3053.75,136861
2021-06-18 09:40:54,3053.75,136861
2021-06-18 09:40:55,3053.75,136918
2021-06-18 09:40:56,3053.45,136970
2021-06-18 09:40:57,3052.5,137339
2021-06-18 09:40:58,3052.5,137339
2021-06-18 09:40:59,3052.5,137360
2021-06-18 09:41:00,3052.5,137360
2021-06-18 09:41:02,3053.7,137361
2021-06-18 09:41:03,3053.65,137363
2021-06-18 09:41:04,3053.65,137363
2021-06-18 09:41:05,3053.65,137363
2021-06-18 09:41:06,3053.65,137363
2021-06-18 09:41:07,3053.65,137363
2021-06-18 09:41:08,3053.65,137363
2021-06-18 09:41:09,3053.65,137365
2021-06-18 09:41:10,3053.65,137365
2021-06-18 09:41:11,3053.65,137365
2021-06-18 09:41:12,3053.65,137365
2021-06-18 09:41:13,3053.65,137365
2021-06-18 09:41:14,3053.65,137365
2021-06-18 09:41:15,3053.65,137368
2021-06-18 09:41:16,3053.65,137370
2021-06-18 09:41:17,3053.6,137385
2021-06-18 09:41:18,3053.65,137422
2021-06-18 09:41:19,3053.6,137423
2021-06-18 09:41:20,3053.6,137424
2021-06-18 09:41:21,3053.6,137427
2021-06-18 09:41:22,3053.6,137427
2021-06-18 09:41:23,3052.8,137432
2021-06-18 09:41:24,3052.8,137432
2021-06-18 09:41:25,3052.8,137432
2021-06-18 09:41:26,3052.8,137432
2021-06-18 09:41:27,3052.9,137434
2021-06-18 09:41:28,3052.9,137434
2021-06-18 09:41:29,3052.9,137446
2021-06-18 09:41:31,3052.9,137446
2021-06-18 09:41:30,3052.9,137446
2021-06-18 09:41:32,3052.9,137446
2021-06-18 09:41:33,3052.9,137449
2021-06-18 09:41:34,3052.9,137449
2021-06-18 09:41:35,3052.9,137449
2021-06-18 09:41:36,3052.9,137456
2021-06-18 09:41:37,3052.9,137456
2021-06-18 09:41:38,3052.9,137456
2021-06-18 09:41:39,3052.85,137457
2021-06-18 09:41:40,3052.9,137498
2021-06-18 09:41:41,3052.85,137508
2021-06-18 09:41:43,3052.9,137512
2021-06-18 09:41:42,3052.85,137508
2021-06-18 09:41:44,3052.9,137513
2021-06-18 09:41:45,3052.9,137516
2021-06-18 09:41:46,3052.9,137617
2021-06-18 09:41:47,3052.9,137617
2021-06-18 09:41:48,3052.9,137617
2021-06-18 09:41:49,3052.9,137617
2021-06-18 09:41:50,3052.05,137625
2021-06-18 09:41:51,3052.05,137625
2021-06-18 09:41:52,3052.05,137625
2021-06-18 09:41:53,3052.05,137625
2021-06-18 09:41:54,3052.05,137625
2021-06-18 09:41:55,3052.9,137630
2021-06-18 09:41:57,3052.9,137630
2021-06-18 09:41:58,3052.9,137640
2021-06-18 09:41:58,3052.9,137640
2021-06-18 09:42:00,3053.4,137904
2021-06-18 09:42:00,3053.4,137904
2021-06-18 09:42:01,3052.9,137921
2021-06-18 09:42:02,3053.7,137946
2021-06-18 09:42:03,3052.95,137976
2021-06-18 09:42:04,3052.95,137976
2021-06-18 09:42:05,3052.95,137976
2021-06-18 09:42:06,3053.5,137977
2021-06-18 09:42:07,3053.35,137978
2021-06-18 09:42:08,3053.35,137978
2021-06-18 09:42:09,3053.35,137978
2021-06-18 09:42:10,3053.0,137981
2021-06-18 09:42:11,3053.0,137981
2021-06-18 09:42:12,3053.0,137981
2021-06-18 09:42:13,3053.0,137981
2021-06-18 09:42:14,3055.0,138108
2021-06-18 09:42:15,3055.0,138108
2021-06-18 09:42:16,3055.0,138108
2021-06-18 09:42:17,3055.55,138148
2021-06-18 09:42:18,3055.55,138148
2021-06-18 09:42:19,3055.5,138160
2021-06-18 09:42:20,3055.5,138160
2021-06-18 09:42:21,3055.5,138160
2021-06-18 09:42:22,3055.5,138160
2021-06-18 09:42:23,3055.4,138161
2021-06-18 09:42:24,3055.55,138162
2021-06-18 09:42:25,3055.55,138162
2021-06-18 09:42:26,3055.55,138162
2021-06-18 09:42:27,3055.55,138162
2021-06-18 09:42:28,3056.8,138312
2021-06-18 09:42:29,3056.05,138333
2021-06-18 09:42:30,3056.05,138333
2021-06-18 09:42:31,3056.75,138343
2021-06-18 09:42:32,3056.75,138343
2021-06-18 09:42:33,3056.75,138343
2021-06-18 09:42:34,3056.75,138343
2021-06-18 09:42:35,3056.75,138348
2021-06-18 09:42:36,3056.05,138364
2021-06-18 09:42:37,3056.05,138364
2021-06-18 09:42:38,3055.05,138464
2021-06-18 09:42:39,3053.65,138465
2021-06-18 09:42:40,3054.6,138485
2021-06-18 09:42:41,3054.6,138485
2021-06-18 09:42:42,3054.7,138491
2021-06-18 09:42:43,3054.7,138491
2021-06-18 09:42:44,3054.65,138528
2021-06-18 09:42:45,3054.65,138529
2021-06-18 09:42:46,3054.65,138529
2021-06-18 09:42:47,3054.65,138529
2021-06-18 09:42:48,3054.1,138559
2021-06-18 09:42:49,3054.1,138559
2021-06-18 09:42:50,3054.1,138559
2021-06-18 09:42:52,3054.45,138562
2021-06-18 09:42:52,3054.45,138562
2021-06-18 09:42:53,3054.1,138565
2021-06-18 09:42:54,3054.1,138565
2021-06-18 09:42:55,3053.9,138566
2021-06-18 09:42:56,3053.9,138566
2021-06-18 09:42:57,3053.9,138566
2021-06-18 09:42:58,3053.9,138566
2021-06-18 09:42:59,3053.9,138566
2021-06-18 09:43:01,3054.25,138568
2021-06-18 09:43:01,3054.1,138619
2021-06-18 09:43:02,3054.1,138619
2021-06-18 09:43:03,3054.1,138619
2021-06-18 09:43:04,3054.1,138619
2021-06-18 09:43:05,3054.1,138619
2021-06-18 09:43:06,3054.1,138620
2021-06-18 09:43:07,3054.25,138634
2021-06-18 09:43:08,3054.25,138634
2021-06-18 09:43:09,3053.1,138824
2021-06-18 09:43:10,3053.1,138824
2021-06-18 09:43:11,3053.1,138839
2021-06-18 09:43:12,3053.55,138940
2021-06-18 09:43:13,3053.0,138965
2021-06-18 09:43:14,3052.75,138981
2021-06-18 09:43:15,3052.75,138981
2021-06-18 09:43:16,3052.75,138981
2021-06-18 09:43:17,3052.75,138986
2021-06-18 09:43:18,3053.0,138991
2021-06-18 09:43:19,3053.0,138991
2021-06-18 09:43:20,3053.0,138991
2021-06-18 09:43:21,3053.4,139012
2021-06-18 09:43:22,3052.9,139027
2021-06-18 09:43:23,3054.25,139127
2021-06-18 09:43:24,3054.25,139128
2021-06-18 09:43:25,3054.0,139133
2021-06-18 09:43:26,3054.0,139133
2021-06-18 09:43:27,3054.0,139133
2021-06-18 09:43:28,3053.5,139233
2021-06-18 09:43:29,3053.0,139258
2021-06-18 09:43:30,3054.0,139259
2021-06-18 09:43:31,3054.25,139359
2021-06-18 09:43:32,3054.25,139359
2021-06-18 09:43:33,3053.2,139391
2021-06-18 09:43:34,3053.2,139391
2021-06-18 09:43:35,3053.2,139391
2021-06-18 09:43:38,3053.0,139415
2021-06-18 09:43:39,3052.5,139615
2021-06-18 09:43:40,3054.0,139655
2021-06-18 09:43:41,3054.0,139655
2021-06-18 09:43:42,3053.1,139665
2021-06-18 09:43:44,3053.1,139665
2021-06-18 09:43:44,3053.1,139665
2021-06-18 09:43:45,3053.1,139705
2021-06-18 09:43:46,3053.1,139705
2021-06-18 09:43:48,3054.7,140170
2021-06-18 09:43:48,3054.7,140170
2021-06-18 09:43:49,3052.8,140171
2021-06-18 09:43:50,3052.5,140395
2021-06-18 09:43:51,3052.25,140445
2021-06-18 09:43:52,3052.25,140445
2021-06-18 09:43:53,3052.75,140446
2021-06-18 09:43:54,3052.75,140446
2021-06-18 09:43:55,3052.75,140446
2021-06-18 09:43:56,3053.0,141018
2021-06-18 09:43:57,3053.0,141018
2021-06-18 09:43:58,3052.7,141019
2021-06-18 09:43:59,3053.25,141025
2021-06-18 09:44:00,3052.55,141030
2021-06-18 09:44:01,3052.55,141030
2021-06-18 09:44:02,3051.85,141696
2021-06-18 09:44:03,3051.0,141703
2021-06-18 09:44:04,3051.0,141703
2021-06-18 09:44:05,3051.0,141708
2021-06-18 09:44:06,3051.0,142504
2021-06-18 09:44:08,3049.0,144060
2021-06-18 09:44:09,3047.35,144534
2021-06-18 09:44:10,3048.65,144653
2021-06-18 09:44:11,3048.5,144664
2021-06-18 09:44:12,3049.4,144785
2021-06-18 09:44:13,3049.4,144807
2021-06-18 09:44:14,3049.4,144910
2021-06-18 09:44:15,3049.4,144919
2021-06-18 09:44:16,3049.35,144923
2021-06-18 09:44:17,3049.35,144923
2021-06-18 09:44:18,3049.35,144923
2021-06-18 09:44:19,3049.0,144979
2021-06-18 09:44:21,3047.6,145452
2021-06-18 09:44:21,3047.6,145452
2021-06-18 09:44:22,3047.6,145455
2021-06-18 09:44:24,3047.6,145455
2021-06-18 09:44:25,3047.65,145476
2021-06-18 09:44:26,3047.65,145476
2021-06-18 09:44:27,3047.65,145679
2021-06-18 09:44:28,3047.65,145702
2021-06-18 09:44:29,3048.9,145703
2021-06-18 09:44:30,3048.9,145723
2021-06-18 09:44:31,3048.9,145733
2021-06-18 09:44:32,3048.9,145733
2021-06-18 09:44:32,3048.9,145733
2021-06-18 09:44:34,3049.0,145754
2021-06-18 09:44:35,3049.3,146129
2021-06-18 09:44:35,3049.3,146129
2021-06-18 09:44:37,3049.3,146129
2021-06-18 09:44:38,3049.2,146144
2021-06-18 09:44:39,3048.9,146149
2021-06-18 09:44:39,3049.2,146156
2021-06-18 09:44:40,3048.95,146160
2021-06-18 09:44:41,3048.95,146160
2021-06-18 09:44:42,3048.95,146160
2021-06-18 09:44:43,3049.1,146171
2021-06-18 09:44:44,3049.1,146199
2021-06-18 09:44:45,3049.05,146268
2021-06-18 09:44:46,3047.8,146345
2021-06-18 09:44:47,3047.7,146372
2021-06-18 09:44:50,3046.75,147320
2021-06-18 09:44:51,3046.0,147435
2021-06-18 09:44:52,3046.95,147467
2021-06-18 09:44:53,3046.95,147505
2021-06-18 09:44:54,3046.95,147512
2021-06-18 09:44:55,3046.9,147520
2021-06-18 09:44:57,3047.7,147600
2021-06-18 09:44:58,3047.7,147600
2021-06-18 09:44:59,3047.7,147602
2021-06-18 09:45:00,3047.7,147602
2021-06-18 09:45:01,3046.9,147608
2021-06-18 09:45:01,3047.7,147616
2021-06-18 09:45:03,3047.7,147618
2021-06-18 09:45:04,3045.5,147745
2021-06-18 09:45:04,3045.5,147745
2021-06-18 09:45:05,3045.7,147772
2021-06-18 09:45:06,3045.65,147817
2021-06-18 09:45:07,3045.65,147817
2021-06-18 09:45:09,3047.3,147978
2021-06-18 09:45:10,3047.2,148044
2021-06-18 09:45:11,3046.7,148046
2021-06-18 09:45:12,3046.7,148297
2021-06-18 09:45:13,3046.7,148306
2021-06-18 09:45:14,3046.45,148309
2021-06-18 09:45:15,3046.45,148309
2021-06-18 09:45:16,3046.7,148325
2021-06-18 09:45:17,3046.45,148337
2021-06-18 09:45:18,3046.7,148449
2021-06-18 09:45:18,3046.7,148449
2021-06-18 09:45:20,3045.8,148957
2021-06-18 09:45:21,3045.8,148957
2021-06-18 09:45:22,3045.6,149014
2021-06-18 09:45:23,3045.6,149014
2021-06-18 09:45:24,3046.7,149084
2021-06-18 09:45:25,3045.5,149102
2021-06-18 09:45:26,3046.7,149110
2021-06-18 09:45:28,3046.7,149130
2021-06-18 09:45:29,3045.7,149166
2021-06-18 09:45:30,3045.7,149166
2021-06-18 09:45:31,3045.7,149166
2021-06-18 09:45:32,3045.7,149166
2021-06-18 09:45:33,3046.7,149196
2021-06-18 09:45:33,3046.7,149196
2021-06-18 09:45:34,3045.7,149209
2021-06-18 09:45:35,3046.65,149210
2021-06-18 09:45:36,3046.2,149278
2021-06-18 09:45:37,3046.7,149380
2021-06-18 09:45:38,3046.7,149380
2021-06-18 09:45:39,3046.7,149395
2021-06-18 09:45:40,3046.2,149617
2021-06-18 09:45:41,3046.2,149617
2021-06-18 09:45:43,3046.7,149700
2021-06-18 09:45:43,3046.0,149747
2021-06-18 09:45:44,3046.7,149772
2021-06-18 09:45:45,3045.7,149789
2021-06-18 09:45:46,3045.7,149789
2021-06-18 09:45:48,3046.7,149926
2021-06-18 09:45:49,3046.7,149986
2021-06-18 09:45:50,3046.7,149986
2021-06-18 09:45:51,3047.6,150900
2021-06-18 09:45:52,3047.6,150900
2021-06-18 09:45:53,3048.9,150925
2021-06-18 09:45:54,3048.9,150925
2021-06-18 09:45:55,3046.65,150940
2021-06-18 09:45:56,3046.65,150945
2021-06-18 09:45:56,3046.25,150996
2021-06-18 09:45:58,3047.6,151013
2021-06-18 09:45:59,3047.6,151013
2021-06-18 09:46:00,3046.8,151299
2021-06-18 09:46:01,3046.85,151326
2021-06-18 09:46:02,3046.85,151326
2021-06-18 09:46:03,3046.85,151326
2021-06-18 09:46:03,3046.9,151334
2021-06-18 09:46:04,3048.15,151338
2021-06-18 09:46:05,3046.9,151353
2021-06-18 09:46:06,3048.15,151368
2021-06-18 09:46:07,3046.9,151373
2021-06-18 09:46:08,3047.15,151375
2021-06-18 09:46:09,3048.15,151376
2021-06-18 09:46:11,3048.15,151400
2021-06-18 09:46:11,3047.5,151415
2021-06-18 09:46:12,3047.5,151415
2021-06-18 09:46:13,3047.5,151416
2021-06-18 09:46:14,3047.5,151416
2021-06-18 09:46:16,3047.55,151443
2021-06-18 09:46:17,3048.15,151444
2021-06-18 09:46:18,3047.6,151449
2021-06-18 09:46:19,3047.9,151473
2021-06-18 09:46:20,3047.9,151512
2021-06-18 09:46:21,3048.15,151562
2021-06-18 09:46:21,3048.15,151562
2021-06-18 09:46:22,3048.0,151617
2021-06-18 09:46:23,3048.0,151637
2021-06-18 09:46:25,3048.15,151655
2021-06-18 09:46:26,3048.15,151660
2021-06-18 09:46:27,3048.15,151660
2021-06-18 09:46:29,3048.15,151660
2021-06-18 09:46:29,3048.15,151660
2021-06-18 09:46:30,3048.15,151660
2021-06-18 09:46:31,3047.9,151663
2021-06-18 09:46:32,3048.15,151664
2021-06-18 09:46:33,3047.6,151674
2021-06-18 09:46:35,3047.6,151674
2021-06-18 09:46:36,3048.95,151977
2021-06-18 09:46:36,3049.0,151978
2021-06-18 09:46:37,3049.0,151980
2021-06-18 09:46:38,3049.0,151980
2021-06-18 09:46:39,3049.0,151980
2021-06-18 09:46:40,3049.2,152230
2021-06-18 09:46:41,3049.2,152230
2021-06-18 09:46:42,3049.2,152230
2021-06-18 09:46:44,3049.1,152267
2021-06-18 09:46:44,3049.1,152267
2021-06-18 09:46:46,3049.1,152267
2021-06-18 09:46:47,3049.1,152267
2021-06-18 09:46:48,3049.1,152267
2021-06-18 09:46:49,3049.1,152267
2021-06-18 09:46:50,3049.1,152267
2021-06-18 09:46:50,3049.1,152267
2021-06-18 09:46:51,3049.1,152267
2021-06-18 09:46:52,3048.05,152282
2021-06-18 09:46:53,3049.15,152312
2021-06-18 09:46:54,3049.15,152312
2021-06-18 09:46:55,3048.0,152459
2021-06-18 09:46:56,3048.8,152561
2021-06-18 09:46:57,3047.9,152563
2021-06-18 09:46:58,3049.15,152578
2021-06-18 09:47:00,3047.9,152680
2021-06-18 09:47:01,3049.4,152700
2021-06-18 09:47:02,3049.4,152710
2021-06-18 09:47:03,3049.4,152710
2021-06-18 09:47:04,3049.4,152710
2021-06-18 09:47:06,3049.0,152751
2021-06-18 09:47:07,3049.4,152756
2021-06-18 09:47:08,3049.4,152759
2021-06-18 09:47:09,3049.4,152759
2021-06-18 09:47:10,3050.0,152767
2021-06-18 09:47:10,3050.0,152767
2021-06-18 09:47:12,3049.2,152790
2021-06-18 09:47:13,3049.4,152801
2021-06-18 09:47:14,3049.4,152917
2021-06-18 09:47:15,3049.6,152926
2021-06-18 09:47:16,3049.6,152952
2021-06-18 09:47:17,3050.0,152997
2021-06-18 09:47:18,3050.0,153002
2021-06-18 09:47:18,3050.0,153002
2021-06-18 09:47:20,3049.6,153210
2021-06-18 09:47:20,3050.0,153215
2021-06-18 09:47:22,3050.0,153215
2021-06-18 09:47:23,3050.0,153215
2021-06-18 09:47:24,3050.0,153215
2021-06-18 09:47:25,3050.0,153215
2021-06-18 09:47:26,3050.25,153249
2021-06-18 09:47:27,3048.15,153473
2021-06-18 09:47:29,3048.0,153485
2021-06-18 09:47:30,3048.5,153487
2021-06-18 09:47:32,3048.4,153508
2021-06-18 09:47:33,3048.4,153508
2021-06-18 09:47:34,3047.15,153524
2021-06-18 09:47:35,3047.15,153524
2021-06-18 09:47:36,3047.2,153543
2021-06-18 09:47:37,3047.15,153593
2021-06-18 09:47:38,3047.15,153593
2021-06-18 09:47:39,3047.9,153623
2021-06-18 09:47:39,3047.9,153623
2021-06-18 09:47:42,3048.25,153643
2021-06-18 09:47:43,3048.25,153654
2021-06-18 09:47:44,3047.9,153655
2021-06-18 09:47:45,3047.9,153655
2021-06-18 09:47:46,3047.9,153655
2021-06-18 09:47:47,3047.6,153657
2021-06-18 09:47:48,3048.0,153688
2021-06-18 09:47:48,3048.0,153688
2021-06-18 09:47:49,3048.0,153696
2021-06-18 09:47:50,3047.55,153806
2021-06-18 09:47:51,3047.65,153816
2021-06-18 09:47:52,3047.65,153816
2021-06-18 09:47:54,3047.65,153816
2021-06-18 09:47:55,3047.65,153816
2021-06-18 09:47:56,3047.65,153841
2021-06-18 09:47:57,3047.65,153841
2021-06-18 09:47:58,3047.2,153846
2021-06-18 09:47:59,3047.0,153879
2021-06-18 09:48:00,3047.65,153880
2021-06-18 09:48:01,3047.65,153880
2021-06-18 09:48:02,3047.2,153885
2021-06-18 09:48:03,3047.0,154020
2021-06-18 09:48:04,3045.7,154147
2021-06-18 09:48:04,3045.7,154147
2021-06-18 09:48:05,3045.7,154147
2021-06-18 09:48:07,3047.25,154348
2021-06-18 09:48:08,3047.25,154348
2021-06-18 09:48:09,3047.25,154358
2021-06-18 09:48:10,3046.45,154370
2021-06-18 09:48:12,3046.45,154387
2021-06-18 09:48:13,3047.4,154405
2021-06-18 09:48:14,3047.6,154420
2021-06-18 09:48:15,3046.45,154434
2021-06-18 09:48:16,3046.95,154451
2021-06-18 09:48:16,3046.45,154471
2021-06-18 09:48:17,3046.45,154476
2021-06-18 09:48:19,3047.0,154522
2021-06-18 09:48:20,3046.45,154532
2021-06-18 09:48:21,3047.0,154554
2021-06-18 09:48:22,3047.0,154554
2021-06-18 09:48:23,3046.75,154564
2021-06-18 09:48:24,3047.65,154617
2021-06-18 09:48:24,3047.65,154617
2021-06-18 09:48:25,3047.65,154618
2021-06-18 09:48:27,3047.65,154626
2021-06-18 09:48:28,3047.65,154626
2021-06-18 09:48:29,3047.65,154636
2021-06-18 09:48:30,3047.65,154636
2021-06-18 09:48:31,3047.65,154636
2021-06-18 09:48:32,3047.0,154646
2021-06-18 09:48:32,3047.0,154646
2021-06-18 09:48:33,3047.0,154656
2021-06-18 09:48:35,3047.65,154668
2021-06-18 09:48:36,3047.65,154679
2021-06-18 09:48:38,3047.0,154689
2021-06-18 09:48:39,3047.0,154691
2021-06-18 09:48:40,3047.65,154696
2021-06-18 09:48:41,3047.65,154696
2021-06-18 09:48:42,3047.0,154705
2021-06-18 09:48:42,3047.0,154705
2021-06-18 09:48:44,3047.0,154705
2021-06-18 09:48:45,3047.05,154715
2021-06-18 09:48:46,3047.65,154760
2021-06-18 09:48:46,3047.65,154760
2021-06-18 09:48:48,3046.8,154875
2021-06-18 09:48:49,3046.8,154875
2021-06-18 09:48:50,3046.8,154875
2021-06-18 09:48:51,3046.8,154875
2021-06-18 09:48:52,3046.8,154875
2021-06-18 09:48:53,3047.65,154876
2021-06-18 09:48:54,3047.65,154881
2021-06-18 09:48:55,3047.15,154897
2021-06-18 09:48:56,3047.15,154912
2021-06-18 09:48:57,3047.15,154912
2021-06-18 09:48:57,3046.65,154922
2021-06-18 09:48:58,3047.65,154929
2021-06-18 09:49:00,3047.65,154929
2021-06-18 09:49:01,3047.65,154939
2021-06-18 09:49:02,3047.65,154939
2021-06-18 09:49:03,3047.65,154939
2021-06-18 09:49:04,3047.65,154939
2021-06-18 09:49:05,3047.65,154939
2021-06-18 09:49:06,3047.15,154977
2021-06-18 09:49:07,3047.65,155167
2021-06-18 09:49:08,3048.4,155470
2021-06-18 09:49:09,3048.35,155478
2021-06-18 09:49:10,3048.35,155480
2021-06-18 09:49:10,3048.35,155480
2021-06-18 09:49:11,3048.35,155480
2021-06-18 09:49:12,3047.05,155500
2021-06-18 09:49:14,3047.05,155515
2021-06-18 09:49:15,3047.05,155515
2021-06-18 09:49:17,3047.0,155530
2021-06-18 09:49:18,3047.0,155530
2021-06-18 09:49:19,3047.05,155533
2021-06-18 09:49:20,3047.05,155555
2021-06-18 09:49:21,3047.1,155565
2021-06-18 09:49:22,3047.1,155565
2021-06-18 09:49:22,3047.1,155565
2021-06-18 09:49:23,3047.1,155565
2021-06-18 09:49:26,3048.0,155620
2021-06-18 09:49:27,3047.05,155721
2021-06-18 09:49:28,3047.05,155721
2021-06-18 09:49:29,3047.05,155721
2021-06-18 09:49:30,3047.05,155721
2021-06-18 09:49:31,3047.65,155726
2021-06-18 09:49:32,3047.65,155726
2021-06-18 09:49:33,3047.0,155882
2021-06-18 09:49:34,3047.0,155882
2021-06-18 09:49:35,3047.0,155900
2021-06-18 09:49:37,3047.0,155925
2021-06-18 09:49:38,3047.0,155925
2021-06-18 09:49:39,3047.65,156012
2021-06-18 09:49:40,3047.65,156014
2021-06-18 09:49:41,3048.5,156183
2021-06-18 09:49:42,3048.6,156197
2021-06-18 09:49:43,3048.6,156197
2021-06-18 09:49:44,3047.1,156212
2021-06-18 09:49:46,3047.1,156212
2021-06-18 09:49:47,3047.1,156212
2021-06-18 09:49:48,3048.0,156217
2021-06-18 09:49:49,3048.0,156217
2021-06-18 09:49:51,3048.4,156297
2021-06-18 09:49:54,3047.2,156367
2021-06-18 09:49:55,3047.2,156367
2021-06-18 09:49:56,3047.2,156367
2021-06-18 09:49:57,3047.2,156367
2021-06-18 09:49:58,3047.2,156367
2021-06-18 09:49:59,3047.2,156367
2021-06-18 09:50:00,3047.2,156367
2021-06-18 09:50:01,3048.25,156374
2021-06-18 09:50:02,3048.2,156392
2021-06-18 09:50:02,3048.2,156392
2021-06-18 09:50:04,3048.75,156553
2021-06-18 09:50:05,3048.75,156553
2021-06-18 09:50:06,3048.75,156553
2021-06-18 09:50:07,3049.0,156557
2021-06-18 09:50:08,3048.1,156666
2021-06-18 09:50:09,3048.05,156683
2021-06-18 09:50:10,3049.0,156692
2021-06-18 09:50:11,3049.0,156692
2021-06-18 09:50:13,3048.0,156713
2021-06-18 09:50:14,3048.0,156713
2021-06-18 09:50:15,3048.0,156713
2021-06-18 09:50:16,3048.0,156713
2021-06-18 09:50:17,3049.0,156717
2021-06-18 09:50:18,3049.0,156725
2021-06-18 09:50:19,3049.0,156734
2021-06-18 09:50:20,3048.05,156735
2021-06-18 09:50:22,3048.15,156768
2021-06-18 09:50:23,3047.6,156965
2021-06-18 09:50:24,3047.6,156965
2021-06-18 09:50:25,3048.65,156969
2021-06-18 09:50:26,3047.0,157108
2021-06-18 09:50:27,3048.65,157184
2021-06-18 09:50:28,3047.3,157223
2021-06-18 09:50:29,3048.5,157233
2021-06-18 09:50:30,3048.5,157233
2021-06-18 09:50:31,3048.5,157233
2021-06-18 09:50:32,3047.4,157258
2021-06-18 09:50:33,3047.15,157273
2021-06-18 09:50:34,3047.15,157273
2021-06-18 09:50:35,3048.85,157331
2021-06-18 09:50:36,3049.0,157431
2021-06-18 09:50:37,3047.05,157466
2021-06-18 09:50:38,3047.1,157479
2021-06-18 09:50:39,3049.0,157503
2021-06-18 09:50:40,3049.0,157503
2021-06-18 09:50:41,3049.0,157511
2021-06-18 09:50:42,3048.05,157527
2021-06-18 09:50:43,3049.0,157534
2021-06-18 09:50:44,3050.0,157606
2021-06-18 09:50:45,3050.15,157656
2021-06-18 09:50:46,3049.95,157665
2021-06-18 09:50:47,3050.15,157666
2021-06-18 09:50:48,3050.15,157688
2021-06-18 09:50:49,3050.15,157688
2021-06-18 09:50:50,3050.15,157688
2021-06-18 09:50:51,3050.15,157688
2021-06-18 09:50:52,3050.15,157695
2021-06-18 09:50:53,3050.15,157695
2021-06-18 09:50:54,3050.0,157697
2021-06-18 09:50:55,3050.15,157707
2021-06-18 09:50:56,3050.4,157827
2021-06-18 09:50:57,3050.4,157827
2021-06-18 09:50:58,3050.4,157840
2021-06-18 09:50:59,3050.4,157840
2021-06-18 09:51:00,3051.0,158025
2021-06-18 09:51:01,3051.0,158025
2021-06-18 09:51:02,3051.0,158025
2021-06-18 09:51:03,3051.0,158025
2021-06-18 09:51:04,3051.0,158025
2021-06-18 09:51:05,3051.0,158061
2021-06-18 09:51:06,3050.0,158066
2021-06-18 09:51:07,3050.0,158066
2021-06-18 09:51:08,3051.0,158075
2021-06-18 09:51:09,3051.0,158075
2021-06-18 09:51:10,3051.0,158075
2021-06-18 09:51:11,3050.05,158078
2021-06-18 09:51:12,3050.0,158098
2021-06-18 09:51:13,3051.0,158145
2021-06-18 09:51:14,3050.05,158147
2021-06-18 09:51:15,3050.95,158164
2021-06-18 09:51:16,3050.05,158189
2021-06-18 09:51:17,3050.95,158192
2021-06-18 09:51:18,3050.95,158192
2021-06-18 09:51:19,3050.95,158192
2021-06-18 09:51:20,3050.95,158212
2021-06-18 09:51:21,3050.05,158214
2021-06-18 09:51:22,3050.05,158214
2021-06-18 09:51:23,3050.05,158214
2021-06-18 09:51:24,3049.5,158264
2021-06-18 09:51:25,3050.05,158281
2021-06-18 09:51:26,3051.0,158358
2021-06-18 09:51:27,3050.65,158445
2021-06-18 09:51:28,3051.35,158643
2021-06-18 09:51:29,3051.35,158643
2021-06-18 09:51:30,3051.35,158643
2021-06-18 09:51:31,3050.05,158645
2021-06-18 09:51:32,3050.05,158645
2021-06-18 09:51:33,3050.85,158655
2021-06-18 09:51:34,3050.85,158655
2021-06-18 09:51:35,3050.85,158655
2021-06-18 09:51:36,3050.85,158655
2021-06-18 09:51:37,3050.85,158655
2021-06-18 09:51:38,3050.85,158655
2021-06-18 09:51:39,3050.85,158655
2021-06-18 09:51:40,3050.85,158655
2021-06-18 09:51:41,3050.85,158675
2021-06-18 09:51:42,3050.85,158675
2021-06-18 09:51:43,3050.85,158678
2021-06-18 09:51:44,3050.85,158678
2021-06-18 09:51:45,3051.4,158761
2021-06-18 09:51:46,3051.45,158785
2021-06-18 09:51:47,3051.45,158785
2021-06-18 09:51:48,3051.45,158785
2021-06-18 09:51:49,3051.45,158785
2021-06-18 09:51:50,3051.45,158785
2021-06-18 09:51:51,3050.65,158791
2021-06-18 09:51:52,3050.8,158793
2021-06-18 09:51:53,3050.8,158794
2021-06-18 09:51:54,3050.8,158809
2021-06-18 09:51:56,3050.8,158809
2021-06-18 09:51:57,3050.8,158809
2021-06-18 09:51:58,3050.8,158809
2021-06-18 09:51:59,3050.8,158809
2021-06-18 09:52:00,3050.8,158809
2021-06-18 09:52:01,3050.5,158865
2021-06-18 09:52:02,3050.5,158865
2021-06-18 09:52:03,3050.5,158865
2021-06-18 09:52:05,3049.5,159244
2021-06-18 09:52:06,3049.5,159244
2021-06-18 09:52:08,3049.5,159246
2021-06-18 09:52:09,3049.5,159246
2021-06-18 09:52:10,3048.8,159248
2021-06-18 09:52:12,3049.5,159288
2021-06-18 09:52:13,3049.5,159288
2021-06-18 09:52:14,3049.5,159288
2021-06-18 09:52:15,3049.5,159290
2021-06-18 09:52:16,3048.25,159441
2021-06-18 09:52:17,3048.25,159441
2021-06-18 09:52:19,3050.0,159769
2021-06-18 09:52:18,3050.0,159769
2021-06-18 09:52:20,3050.0,159769
2021-06-18 09:52:21,3050.0,159769
2021-06-18 09:52:22,3050.0,159769
2021-06-18 09:52:23,3048.05,159807
2021-06-18 09:52:24,3047.65,159883
2021-06-18 09:52:25,3047.65,159885
2021-06-18 09:52:26,3047.5,159887
2021-06-18 09:52:27,3047.5,159887
2021-06-18 09:52:28,3047.5,159887
2021-06-18 09:52:29,3047.5,159887
2021-06-18 09:52:30,3047.5,159887
2021-06-18 09:52:31,3047.5,159887
2021-06-18 09:52:32,3047.5,159887
2021-06-18 09:52:33,3047.5,159887
2021-06-18 09:52:34,3048.5,159892
2021-06-18 09:52:36,3049.0,159917
2021-06-18 09:52:37,3049.0,159917
2021-06-18 09:52:38,3048.95,159918
2021-06-18 09:52:40,3048.95,159918
2021-06-18 09:52:40,3048.95,159918
2021-06-18 09:52:41,3048.5,159921
2021-06-18 09:52:42,3048.5,159944
2021-06-18 09:52:43,3048.5,159981
2021-06-18 09:52:44,3048.0,160046
2021-06-18 09:52:45,3047.95,160053
2021-06-18 09:52:46,3047.5,160090
2021-06-18 09:52:47,3047.2,160101
2021-06-18 09:52:48,3047.5,160167
2021-06-18 09:52:49,3047.5,160168
2021-06-18 09:52:50,3046.1,160195
2021-06-18 09:52:52,3047.5,160222
2021-06-18 09:52:52,3047.5,160242
2021-06-18 09:52:53,3046.1,160247
2021-06-18 09:52:54,3047.7,161418
2021-06-18 09:52:55,3047.5,161465
2021-06-18 09:52:57,3048.5,162278
2021-06-18 09:52:57,3048.5,162278
2021-06-18 09:52:58,3048.9,162382
2021-06-18 09:52:59,3048.9,162382
2021-06-18 09:53:00,3048.9,162393
2021-06-18 09:53:02,3047.9,162396
2021-06-18 09:53:03,3047.9,162396
2021-06-18 09:53:04,3047.9,162396
2021-06-18 09:53:05,3047.8,162418
2021-06-18 09:53:07,3047.8,162418
2021-06-18 09:53:08,3047.8,162418
2021-06-18 09:53:09,3048.5,162419
2021-06-18 09:53:12,3048.45,162441
2021-06-18 09:53:13,3048.45,162449
2021-06-18 09:53:14,3048.45,162454
2021-06-18 09:53:15,3048.5,162461
2021-06-18 09:53:16,3048.45,162541
2021-06-18 09:53:17,3048.9,162588
2021-06-18 09:53:17,3048.9,162588
2021-06-18 09:53:18,3048.9,162588
2021-06-18 09:53:19,3047.55,162590
2021-06-18 09:53:20,3047.55,162590
2021-06-18 09:53:22,3048.5,162609
2021-06-18 09:53:22,3048.9,162612
2021-06-18 09:53:24,3048.9,162612
2021-06-18 09:53:25,3048.45,162769
2021-06-18 09:53:25,3048.45,162769
2021-06-18 09:53:26,3048.45,162769
2021-06-18 09:53:28,3048.45,162769
2021-06-18 09:53:28,3048.45,162769
2021-06-18 09:53:30,3048.45,162780
2021-06-18 09:53:31,3048.45,162780
2021-06-18 09:53:32,3048.45,162780
2021-06-18 09:53:33,3048.45,162780
2021-06-18 09:53:34,3048.45,162780
2021-06-18 09:53:35,3048.45,162780
2021-06-18 09:53:36,3048.45,162780
2021-06-18 09:53:37,3048.45,162835
2021-06-18 09:53:38,3048.5,162929
2021-06-18 09:53:39,3049.8,162934
2021-06-18 09:53:40,3049.85,162936
2021-06-18 09:53:41,3049.85,162936
2021-06-18 09:53:42,3049.0,162945
2021-06-18 09:53:44,3049.0,162945
2021-06-18 09:53:44,3049.0,162945
2021-06-18 09:53:46,3049.0,162945
2021-06-18 09:53:47,3049.0,162945
2021-06-18 09:53:47,3049.0,162945
2021-06-18 09:53:48,3049.0,162965
2021-06-18 09:53:50,3049.05,162983
2021-06-18 09:53:51,3049.25,163002
2021-06-18 09:53:52,3049.85,163105
2021-06-18 09:53:53,3049.2,163139
2021-06-18 09:53:54,3049.2,163301
2021-06-18 09:53:55,3049.2,163332
2021-06-18 09:53:57,3048.15,163857
2021-06-18 09:53:57,3048.15,163857
2021-06-18 09:53:58,3048.15,163857
2021-06-18 09:53:59,3048.15,163857
2021-06-18 09:54:00,3048.15,163857
2021-06-18 09:54:01,3048.7,163867
2021-06-18 09:54:02,3048.45,163868
2021-06-18 09:54:04,3048.2,163878
2021-06-18 09:54:04,3048.7,163936
2021-06-18 09:54:06,3049.0,163951
2021-06-18 09:54:06,3049.0,164001
2021-06-18 09:54:08,3049.0,164011
2021-06-18 09:54:09,3049.65,164041
2021-06-18 09:54:10,3049.65,164042
2021-06-18 09:54:11,3049.85,164108
2021-06-18 09:54:12,3049.85,164116
2021-06-18 09:54:12,3049.5,164126
2021-06-18 09:54:13,3049.85,164149
2021-06-18 09:54:14,3050.0,164195
2021-06-18 09:54:15,3051.15,164818
2021-06-18 09:54:16,3051.65,164839
2021-06-18 09:54:17,3051.15,164889
2021-06-18 09:54:18,3051.15,164889
2021-06-18 09:54:19,3051.15,164889
2021-06-18 09:54:20,3051.15,164889
2021-06-18 09:54:21,3051.15,164889
2021-06-18 09:54:22,3051.8,164891
2021-06-18 09:54:23,3051.25,164901
2021-06-18 09:54:24,3051.25,164901
2021-06-18 09:54:25,3051.8,164920
2021-06-18 09:54:26,3051.8,164920
2021-06-18 09:54:27,3051.8,164920
2021-06-18 09:54:28,3051.9,165155
2021-06-18 09:54:29,3051.25,165162
2021-06-18 09:54:30,3051.25,165162
2021-06-18 09:54:31,3051.25,165162
2021-06-18 09:54:32,3050.0,165264
2021-06-18 09:54:33,3051.4,165466
2021-06-18 09:54:34,3049.85,165482
2021-06-18 09:54:35,3049.85,165482
2021-06-18 09:54:36,3049.85,165482
2021-06-18 09:54:38,3049.5,165502
2021-06-18 09:54:39,3049.5,165502
2021-06-18 09:54:39,3049.5,165502
2021-06-18 09:54:40,3049.5,165504
2021-06-18 09:54:41,3049.5,165504
2021-06-18 09:54:42,3050.7,165505
2021-06-18 09:54:43,3050.7,165505
2021-06-18 09:54:44,3050.9,165515
2021-06-18 09:54:45,3050.9,165515
2021-06-18 09:54:46,3050.65,165517
2021-06-18 09:54:47,3050.65,165527
2021-06-18 09:54:48,3050.65,165527
2021-06-18 09:54:49,3050.65,165527
2021-06-18 09:54:50,3051.6,165627
2021-06-18 09:54:52,3051.05,165646
2021-06-18 09:54:53,3051.05,165646
2021-06-18 09:54:56,3051.05,165646
2021-06-18 09:54:57,3051.1,165679
2021-06-18 09:54:58,3051.0,165680
2021-06-18 09:54:59,3051.0,165699
2021-06-18 09:55:00,3051.0,165708
2021-06-18 09:55:01,3051.0,165722
2021-06-18 09:55:02,3049.85,165726
2021-06-18 09:55:03,3050.0,165748
2021-06-18 09:55:04,3050.3,165749
2021-06-18 09:55:06,3050.3,165784
2021-06-18 09:55:06,3050.3,165784
2021-06-18 09:55:08,3050.3,165784
2021-06-18 09:55:09,3050.3,165802
2021-06-18 09:55:09,3050.0,166042
2021-06-18 09:55:10,3050.0,166042
2021-06-18 09:55:12,3050.3,166117
2021-06-18 09:55:13,3050.3,166117
2021-06-18 09:55:14,3051.6,166173
2021-06-18 09:55:16,3051.3,166269
2021-06-18 09:55:17,3050.3,166346
2021-06-18 09:55:17,3050.3,166346
2021-06-18 09:55:18,3051.25,166402
2021-06-18 09:55:20,3050.0,166408
2021-06-18 09:55:21,3050.35,166409
2021-06-18 09:55:22,3050.35,166409
2021-06-18 09:55:23,3050.0,166501
2021-06-18 09:55:23,3050.0,166501
2021-06-18 09:55:24,3050.0,166557
2021-06-18 09:55:25,3049.5,166653
2021-06-18 09:55:26,3049.5,166655
2021-06-18 09:55:27,3049.05,166682
2021-06-18 09:55:28,3049.5,166702
2021-06-18 09:55:29,3049.5,166703
2021-06-18 09:55:31,3049.5,166706
2021-06-18 09:55:32,3049.05,166708
2021-06-18 09:55:33,3049.05,166708
2021-06-18 09:55:34,3049.45,166725
2021-06-18 09:55:35,3049.5,166775
2021-06-18 09:55:37,3050.55,166928
2021-06-18 09:55:38,3051.6,167214
2021-06-18 09:55:38,3051.6,167214
2021-06-18 09:55:39,3051.2,167317
2021-06-18 09:55:40,3049.5,167322
2021-06-18 09:55:41,3049.55,167332
2021-06-18 09:55:42,3051.1,167446
2021-06-18 09:55:44,3051.1,167446
2021-06-18 09:55:44,3051.1,167446
2021-06-18 09:55:45,3051.1,167447
2021-06-18 09:55:46,3049.6,167448
2021-06-18 09:55:47,3049.65,167461
2021-06-18 09:55:48,3051.05,167463
2021-06-18 09:55:49,3051.25,167566
2021-06-18 09:55:50,3049.9,167596
2021-06-18 09:55:51,3049.9,167596
2021-06-18 09:55:52,3050.6,167614
2021-06-18 09:55:54,3050.8,167633
2021-06-18 09:55:54,3050.8,167633
2021-06-18 09:55:57,3049.75,167654
2021-06-18 09:55:58,3050.65,167655
2021-06-18 09:55:58,3050.65,167655
2021-06-18 09:55:59,3049.5,167722
2021-06-18 09:56:01,3051.05,168241
2021-06-18 09:56:02,3051.05,168241
2021-06-18 09:56:02,3051.05,168241
2021-06-18 09:56:03,3049.85,168251
2021-06-18 09:56:04,3050.0,168306
2021-06-18 09:56:05,3050.0,168306
2021-06-18 09:56:06,3049.85,168320
2021-06-18 09:56:07,3049.8,168343
2021-06-18 09:56:09,3049.8,168406
2021-06-18 09:56:09,3049.8,168406
2021-06-18 09:56:11,3049.0,168791
2021-06-18 09:56:12,3049.0,168791
2021-06-18 09:56:13,3049.0,168791
2021-06-18 09:56:14,3047.35,168953
2021-06-18 09:56:15,3047.35,168960
2021-06-18 09:56:17,3047.1,168965
2021-06-18 09:56:18,3048.05,169001
2021-06-18 09:56:19,3048.15,169006
2021-06-18 09:56:19,3048.15,169006
2021-06-18 09:56:21,3046.0,169314
2021-06-18 09:56:22,3046.0,169314
2021-06-18 09:56:23,3046.0,169314
2021-06-18 09:56:24,3046.0,169364
2021-06-18 09:56:25,3047.3,169374
2021-06-18 09:56:26,3046.0,169381
2021-06-18 09:56:27,3046.0,169491
2021-06-18 09:56:28,3045.45,169692
2021-06-18 09:56:28,3045.45,169692
2021-06-18 09:56:30,3046.35,169709
2021-06-18 09:56:31,3045.45,169746
2021-06-18 09:56:32,3045.45,169746
2021-06-18 09:56:33,3045.45,169746
2021-06-18 09:56:33,3045.45,169746
2021-06-18 09:56:34,3045.6,169756
2021-06-18 09:56:35,3045.6,169767
2021-06-18 09:56:36,3045.6,170035
2021-06-18 09:56:37,3045.6,170035
2021-06-18 09:56:38,3045.6,170035
2021-06-18 09:56:39,3045.7,170045
2021-06-18 09:56:40,3045.7,170045
2021-06-18 09:56:41,3045.7,170045
2021-06-18 09:56:42,3046.75,170070
2021-06-18 09:56:43,3045.6,170135
2021-06-18 09:56:44,3045.6,170135
2021-06-18 09:56:45,3046.9,170155
2021-06-18 09:56:46,3045.6,170172
2021-06-18 09:56:47,3045.6,170172
2021-06-18 09:56:49,3045.6,170172
2021-06-18 09:56:50,3045.45,170250
2021-06-18 09:56:52,3045.45,170250
2021-06-18 09:56:53,3045.6,170264
2021-06-18 09:56:54,3045.45,170294
2021-06-18 09:56:55,3045.45,170522
2021-06-18 09:56:57,3046.0,170528
2021-06-18 09:56:58,3045.6,170533
2021-06-18 09:56:59,3045.6,170608
2021-06-18 09:57:00,3045.6,170608
2021-06-18 09:57:01,3045.6,170668
2021-06-18 09:57:03,3045.75,172512
2021-06-18 09:57:04,3044.9,172523
2021-06-18 09:57:05,3044.9,172525
2021-06-18 09:57:07,3043.45,172816
2021-06-18 09:57:07,3043.45,172816
2021-06-18 09:57:09,3043.2,172818
2021-06-18 09:57:10,3042.0,173745
2021-06-18 09:57:11,3042.45,173985
2021-06-18 09:57:12,3042.45,173987
2021-06-18 09:57:13,3041.3,174008
2021-06-18 09:57:14,3042.35,174010
2021-06-18 09:57:15,3042.35,174119
2021-06-18 09:57:16,3042.0,174251
2021-06-18 09:57:17,3042.0,174251
2021-06-18 09:57:18,3042.0,174367
2021-06-18 09:57:18,3042.0,174367
2021-06-18 09:57:19,3042.0,174367
2021-06-18 09:57:20,3042.0,174587
2021-06-18 09:57:21,3042.7,174640
2021-06-18 09:57:22,3042.7,174654
2021-06-18 09:57:23,3042.7,174654
2021-06-18 09:57:25,3042.05,174683
2021-06-18 09:57:26,3042.0,174696
2021-06-18 09:57:29,3042.7,174857
2021-06-18 09:57:30,3042.7,174868
2021-06-18 09:57:31,3042.05,174873
2021-06-18 09:57:32,3042.45,174916
2021-06-18 09:57:33,3042.45,174916
2021-06-18 09:57:34,3042.7,174975
2021-06-18 09:57:35,3042.8,175006
2021-06-18 09:57:36,3042.7,175276
2021-06-18 09:57:37,3042.7,175296
2021-06-18 09:57:38,3042.7,175296
2021-06-18 09:57:39,3042.7,175310
2021-06-18 09:57:39,3042.7,175310
2021-06-18 09:57:41,3042.1,175325
2021-06-18 09:57:42,3042.7,175326
2021-06-18 09:57:43,3042.4,175459
2021-06-18 09:57:44,3042.7,175537
2021-06-18 09:57:45,3042.7,175572
2021-06-18 09:57:46,3042.65,175613
2021-06-18 09:57:47,3042.7,175663
2021-06-18 09:57:48,3042.1,175733
2021-06-18 09:57:49,3042.7,175811
2021-06-18 09:57:50,3042.05,175841
2021-06-18 09:57:51,3042.05,175841
2021-06-18 09:57:52,3043.0,175855
2021-06-18 09:57:53,3043.0,175855
2021-06-18 09:57:54,3043.0,175855
2021-06-18 09:57:55,3042.95,175861
2021-06-18 09:57:56,3042.95,175861
2021-06-18 09:57:57,3042.0,176150
2021-06-18 09:57:58,3042.85,176180
2021-06-18 09:57:59,3042.0,176280
2021-06-18 09:58:00,3042.0,176280
2021-06-18 09:58:01,3042.85,176285
2021-06-18 09:58:02,3042.85,176335
2021-06-18 09:58:02,3042.85,176335
2021-06-18 09:58:03,3042.85,176336
2021-06-18 09:58:04,3042.85,176336
2021-06-18 09:58:05,3042.85,176348
2021-06-18 09:58:06,3042.8,176619
2021-06-18 09:58:07,3042.85,176665
2021-06-18 09:58:08,3042.85,176683
2021-06-18 09:58:09,3042.85,176693
2021-06-18 09:58:10,3042.85,176693
2021-06-18 09:58:11,3043.95,176728
2021-06-18 09:58:12,3043.95,176728
2021-06-18 09:58:13,3043.95,176728
2021-06-18 09:58:14,3043.95,176729
2021-06-18 09:58:15,3043.5,176741
2021-06-18 09:58:16,3043.5,176821
2021-06-18 09:58:17,3043.5,176827
2021-06-18 09:58:18,3043.5,176835
2021-06-18 09:58:19,3043.5,176847
2021-06-18 09:58:20,3043.5,176847
2021-06-18 09:58:21,3044.25,176893
2021-06-18 09:58:22,3044.9,176906
2021-06-18 09:58:23,3044.9,176906
2021-06-18 09:58:24,3044.0,176916
2021-06-18 09:58:25,3043.95,176941
2021-06-18 09:58:26,3043.95,176941
2021-06-18 09:58:27,3043.95,176941
2021-06-18 09:58:29,3043.95,176941
2021-06-18 09:58:30,3043.95,176941
2021-06-18 09:58:32,3043.95,176941
2021-06-18 09:58:33,3044.0,176965
2021-06-18 09:58:34,3044.5,176968
2021-06-18 09:58:35,3044.0,176981
2021-06-18 09:58:36,3044.0,176981
2021-06-18 09:58:37,3044.0,176981
2021-06-18 09:58:38,3044.5,176982
2021-06-18 09:58:39,3044.5,176994
2021-06-18 09:58:40,3044.0,177025
2021-06-18 09:58:41,3044.0,177038
2021-06-18 09:58:42,3044.5,177074
2021-06-18 09:58:43,3044.4,177397
2021-06-18 09:58:44,3044.4,177397
2021-06-18 09:58:45,3042.85,177410
2021-06-18 09:58:46,3043.0,177516
2021-06-18 09:58:48,3042.5,177566
2021-06-18 09:58:49,3042.85,177611
2021-06-18 09:58:50,3042.85,177612
2021-06-18 09:58:51,3042.85,177617
2021-06-18 09:58:52,3042.65,177627
2021-06-18 09:58:53,3042.65,177655
2021-06-18 09:58:55,3042.4,177672
2021-06-18 09:58:55,3042.0,177682
2021-06-18 09:58:57,3042.0,177692
2021-06-18 09:58:58,3041.25,177804
2021-06-18 09:58:59,3041.5,177831
2021-06-18 09:59:00,3041.5,177831
2021-06-18 09:59:01,3041.25,177848
2021-06-18 09:59:02,3041.5,177905
2021-06-18 09:59:03,3041.5,177924
2021-06-18 09:59:04,3041.3,177943
2021-06-18 09:59:05,3041.3,177943
2021-06-18 09:59:06,3041.5,178299
2021-06-18 09:59:07,3041.5,178395
2021-06-18 09:59:08,3041.25,178676
2021-06-18 09:59:09,3041.25,178677
2021-06-18 09:59:10,3041.25,178682
2021-06-18 09:59:11,3041.5,178698
2021-06-18 09:59:12,3042.4,178754
2021-06-18 09:59:13,3041.5,178763
2021-06-18 09:59:14,3042.3,178773
2021-06-18 09:59:15,3041.5,178792
2021-06-18 09:59:16,3041.5,178813
2021-06-18 09:59:17,3041.5,178813
2021-06-18 09:59:18,3041.1,178901
2021-06-18 09:59:19,3040.7,179008
2021-06-18 09:59:20,3040.7,179008
2021-06-18 09:59:21,3040.7,179015
2021-06-18 09:59:22,3040.5,179053
2021-06-18 09:59:23,3042.0,179658
2021-06-18 09:59:24,3042.0,179658
2021-06-18 09:59:25,3042.0,179658
2021-06-18 09:59:26,3040.75,179692
2021-06-18 09:59:27,3040.4,179730
2021-06-18 09:59:28,3041.75,179733
2021-06-18 09:59:29,3041.75,179742
2021-06-18 09:59:30,3040.75,179745
2021-06-18 09:59:31,3040.8,179760
2021-06-18 09:59:33,3041.75,179861
2021-06-18 09:59:34,3041.75,179861
2021-06-18 09:59:35,3041.2,179940
2021-06-18 09:59:36,3042.2,180018
2021-06-18 09:59:37,3041.2,180031
2021-06-18 09:59:38,3041.2,180036
2021-06-18 09:59:40,3041.2,180086
2021-06-18 09:59:41,3041.1,180139
2021-06-18 09:59:42,3042.0,180145
2021-06-18 09:59:43,3042.0,180172
2021-06-18 09:59:44,3042.0,180176
2021-06-18 09:59:45,3042.0,180182
2021-06-18 09:59:46,3042.4,180193
2021-06-18 09:59:48,3041.5,180215
2021-06-18 09:59:48,3041.5,180215
2021-06-18 09:59:49,3041.5,180215
2021-06-18 09:59:50,3041.3,180225
2021-06-18 09:59:51,3041.3,180225
2021-06-18 09:59:52,3041.35,180227
2021-06-18 09:59:53,3041.35,180227
2021-06-18 09:59:55,3041.35,180239
2021-06-18 09:59:56,3041.35,180239
2021-06-18 09:59:57,3042.4,180248
2021-06-18 09:59:58,3042.35,180265
2021-06-18 09:59:59,3042.0,180280
2021-06-18 10:00:00,3042.0,180285
2021-06-18 10:00:01,3042.0,180334
2021-06-18 10:00:02,3042.0,180335
2021-06-18 10:00:03,3042.35,180345
2021-06-18 10:00:04,3042.05,180348
2021-06-18 10:00:05,3042.0,180436
2021-06-18 10:00:06,3042.0,180436
2021-06-18 10:00:07,3042.0,180464
2021-06-18 10:00:08,3040.5,180622
2021-06-18 10:00:09,3042.0,180638
2021-06-18 10:00:10,3040.5,180640
2021-06-18 10:00:11,3040.55,180652
2021-06-18 10:00:12,3040.55,180652
2021-06-18 10:00:13,3040.8,180712
2021-06-18 10:00:14,3040.2,180799
2021-06-18 10:00:15,3040.0,181345
2021-06-18 10:00:16,3040.0,181498
2021-06-18 10:00:17,3040.0,181500
2021-06-18 10:00:18,3040.0,181520
2021-06-18 10:00:19,3040.4,181800
2021-06-18 10:00:20,3038.4,182015
2021-06-18 10:00:21,3038.5,182133
2021-06-18 10:00:22,3039.0,182137
2021-06-18 10:00:23,3038.45,182251
2021-06-18 10:00:24,3039.0,182254
2021-06-18 10:00:25,3038.4,182487
2021-06-18 10:00:26,3038.4,182500
2021-06-18 10:00:27,3040.0,182545
2021-06-18 10:00:28,3038.25,182778
2021-06-18 10:00:29,3038.4,182828
2021-06-18 10:00:30,3038.5,182849
2021-06-18 10:00:31,3040.0,182914
2021-06-18 10:00:32,3038.95,182917
2021-06-18 10:00:33,3038.5,182939
2021-06-18 10:00:34,3038.5,182951
2021-06-18 10:00:35,3038.5,182954
2021-06-18 10:00:36,3038.5,182971
2021-06-18 10:00:37,3038.45,182980
2021-06-18 10:00:38,3038.45,182980
2021-06-18 10:00:39,3039.85,182994
2021-06-18 10:00:40,3039.85,183056
2021-06-18 10:00:41,3039.85,183056
2021-06-18 10:00:42,3038.5,183103
2021-06-18 10:00:43,3038.5,183103
2021-06-18 10:00:44,3038.45,183124
2021-06-18 10:00:45,3039.65,183206
2021-06-18 10:00:46,3039.65,183241
2021-06-18 10:00:47,3039.65,183324
2021-06-18 10:00:48,3038.55,183338
2021-06-18 10:00:49,3039.65,183375
2021-06-18 10:00:50,3039.0,183860
2021-06-18 10:00:51,3039.0,184197
2021-06-18 10:00:52,3039.0,184281
2021-06-18 10:00:54,3039.6,184306
2021-06-18 10:00:53,3039.0,184281
2021-06-18 10:00:54,3038.5,184313
2021-06-18 10:00:56,3039.55,184366
2021-06-18 10:00:57,3038.5,184430
2021-06-18 10:00:58,3038.5,184434
2021-06-18 10:00:59,3038.5,184434
2021-06-18 10:01:00,3038.5,184467
2021-06-18 10:01:01,3039.0,184584
2021-06-18 10:01:02,3039.0,184584
2021-06-18 10:01:03,3039.0,184584
2021-06-18 10:01:04,3038.5,184593
2021-06-18 10:01:05,3038.5,184829
2021-06-18 10:01:06,3038.65,184965
2021-06-18 10:01:07,3037.85,185607
2021-06-18 10:01:08,3037.55,185618
2021-06-18 10:01:09,3037.55,185639
2021-06-18 10:01:10,3038.45,185650
2021-06-18 10:01:11,3037.2,185788
2021-06-18 10:01:12,3037.2,185814
2021-06-18 10:01:13,3037.2,185850
2021-06-18 10:01:14,3038.35,185890
2021-06-18 10:01:16,3037.2,186037
2021-06-18 10:01:17,3037.2,186080
2021-06-18 10:01:18,3037.2,186080
2021-06-18 10:01:19,3037.2,186096
2021-06-18 10:01:20,3037.15,186100
2021-06-18 10:01:21,3037.2,186204
2021-06-18 10:01:22,3036.95,186219
2021-06-18 10:01:23,3038.0,186295
2021-06-18 10:01:24,3037.2,186325
2021-06-18 10:01:25,3037.2,186342
2021-06-18 10:01:26,3038.0,186343
2021-06-18 10:01:27,3038.0,186343
2021-06-18 10:01:28,3038.0,186343
2021-06-18 10:01:29,3037.2,186347
2021-06-18 10:01:30,3036.95,186483
2021-06-18 10:01:31,3037.3,186492
2021-06-18 10:01:32,3038.0,186535
2021-06-18 10:01:33,3038.65,186750
2021-06-18 10:01:34,3038.65,186750
2021-06-18 10:01:35,3037.3,186752
2021-06-18 10:01:36,3036.5,186816
2021-06-18 10:01:37,3036.5,186816
2021-06-18 10:01:38,3037.0,186846
2021-06-18 10:01:39,3037.0,186851
2021-06-18 10:01:40,3036.2,186871
2021-06-18 10:01:41,3036.95,186911
2021-06-18 10:01:42,3035.5,187145
2021-06-18 10:01:43,3035.5,187145
2021-06-18 10:01:44,3036.95,187155
2021-06-18 10:01:47,3035.8,187221
2021-06-18 10:01:48,3036.9,187224
2021-06-18 10:01:49,3035.45,187227
2021-06-18 10:01:50,3035.45,187227
2021-06-18 10:01:51,3035.6,187392
2021-06-18 10:01:52,3037.85,187565
2021-06-18 10:01:53,3036.85,187577
2021-06-18 10:01:54,3036.7,187580
2021-06-18 10:01:55,3036.05,187612
2021-06-18 10:01:56,3036.1,187625
2021-06-18 10:01:57,3035.85,187724
2021-06-18 10:01:58,3035.95,187725
2021-06-18 10:01:59,3036.1,187730
2021-06-18 10:02:00,3037.15,187745
2021-06-18 10:02:01,3037.15,187749
2021-06-18 10:02:02,3038.0,187849
2021-06-18 10:02:03,3037.15,187850
2021-06-18 10:02:05,3035.85,187870
2021-06-18 10:02:06,3036.5,187976
2021-06-18 10:02:07,3036.45,187990
2021-06-18 10:02:08,3037.45,188026
2021-06-18 10:02:09,3035.85,188031
2021-06-18 10:02:10,3035.85,188031
2021-06-18 10:02:11,3035.85,188033
2021-06-18 10:02:12,3035.85,188033
2021-06-18 10:02:13,3035.85,188033
2021-06-18 10:02:14,3035.85,188036
2021-06-18 10:02:15,3037.35,188112
2021-06-18 10:02:16,3038.65,188330
2021-06-18 10:02:17,3038.65,188330
2021-06-18 10:02:18,3038.65,188518
2021-06-18 10:02:19,3038.0,188555
2021-06-18 10:02:20,3038.0,188557
2021-06-18 10:02:21,3037.45,188616
2021-06-18 10:02:25,3038.0,188805
2021-06-18 10:02:27,3038.0,188822
2021-06-18 10:02:28,3039.0,188823
2021-06-18 10:02:30,3038.0,188838
2021-06-18 10:02:31,3039.0,188839
2021-06-18 10:02:32,3038.0,188899
2021-06-18 10:02:33,3038.0,188922
2021-06-18 10:02:34,3038.0,188931
2021-06-18 10:02:36,3038.0,188951
2021-06-18 10:02:37,3038.85,189016
2021-06-18 10:02:38,3038.85,189017
2021-06-18 10:02:39,3040.45,190627
2021-06-18 10:02:40,3040.65,190678
2021-06-18 10:02:42,3041.35,190896
2021-06-18 10:02:43,3040.7,190906
2021-06-18 10:02:44,3040.7,190906
2021-06-18 10:02:45,3040.7,190906
2021-06-18 10:02:46,3040.7,190906
2021-06-18 10:02:47,3040.7,190906
2021-06-18 10:02:48,3039.05,190987
2021-06-18 10:02:49,3039.1,191028
2021-06-18 10:02:50,3039.0,191039
2021-06-18 10:02:51,3038.95,191089
2021-06-18 10:02:52,3039.95,191090
2021-06-18 10:02:53,3038.7,191109
2021-06-18 10:02:54,3039.0,191253
2021-06-18 10:02:55,3039.0,191253
2021-06-18 10:02:56,3039.0,191278
2021-06-18 10:02:57,3040.55,191347
2021-06-18 10:02:58,3039.1,191360
2021-06-18 10:02:59,3039.1,191360
2021-06-18 10:03:00,3039.05,191466
2021-06-18 10:03:01,3040.5,191476
2021-06-18 10:03:02,3039.95,191660
2021-06-18 10:03:03,3039.95,191660
2021-06-18 10:03:04,3039.95,191679
2021-06-18 10:03:07,3040.45,191721
2021-06-18 10:03:08,3039.0,191806
2021-06-18 10:03:09,3040.45,191831
2021-06-18 10:03:09,3039.05,191851
2021-06-18 10:03:10,3038.55,191892
2021-06-18 10:03:11,3038.5,192107
2021-06-18 10:03:12,3039.95,192120
2021-06-18 10:03:13,3040.35,192121
2021-06-18 10:03:14,3040.35,192210
2021-06-18 10:03:15,3040.4,192273
2021-06-18 10:03:16,3040.45,192412
2021-06-18 10:03:17,3040.0,192531
2021-06-18 10:03:18,3040.0,192531
2021-06-18 10:03:19,3040.45,192590
2021-06-18 10:03:20,3040.0,192592
2021-06-18 10:03:21,3040.45,193466
2021-06-18 10:03:22,3040.55,193890
2021-06-18 10:03:23,3041.0,193938
2021-06-18 10:03:24,3041.0,193977
2021-06-18 10:03:25,3042.0,194027
2021-06-18 10:03:26,3042.0,194027
2021-06-18 10:03:27,3042.6,194252
2021-06-18 10:03:28,3041.35,194296
2021-06-18 10:03:29,3042.75,194310
2021-06-18 10:03:30,3041.35,194323
2021-06-18 10:03:31,3041.35,194323
2021-06-18 10:03:32,3042.25,194325
2021-06-18 10:03:33,3042.6,194351
2021-06-18 10:03:35,3043.0,194385
2021-06-18 10:03:36,3044.4,194495
2021-06-18 10:03:37,3043.4,194500
2021-06-18 10:03:38,3044.35,194530
2021-06-18 10:03:39,3043.4,194761
2021-06-18 10:03:40,3045.0,194881
2021-06-18 10:03:41,3045.0,194881
2021-06-18 10:03:42,3044.95,194920
2021-06-18 10:03:43,3043.45,194956
2021-06-18 10:03:44,3043.55,194965
2021-06-18 10:03:45,3043.55,194967
2021-06-18 10:03:46,3044.65,195026
2021-06-18 10:03:47,3044.65,195042
2021-06-18 10:03:48,3045.45,195682
2021-06-18 10:03:50,3045.8,195727
2021-06-18 10:03:50,3045.75,195717
2021-06-18 10:03:51,3045.4,195735
2021-06-18 10:03:52,3045.65,196339
2021-06-18 10:03:53,3046.0,196350
2021-06-18 10:03:54,3045.85,196366
2021-06-18 10:03:55,3046.0,196395
2021-06-18 10:03:56,3047.25,196631
2021-06-18 10:03:57,3047.05,196728
2021-06-18 10:03:58,3048.0,196742
2021-06-18 10:03:59,3047.05,196771
2021-06-18 10:04:00,3047.0,196830
2021-06-18 10:04:01,3048.0,196871
2021-06-18 10:04:02,3047.5,196875
2021-06-18 10:04:03,3047.5,196922
2021-06-18 10:04:04,3048.3,197035
2021-06-18 10:04:05,3047.5,197044
2021-06-18 10:04:07,3048.8,197051
2021-06-18 10:04:09,3048.8,197234
2021-06-18 10:04:10,3048.0,197242
2021-06-18 10:04:11,3048.9,197282
2021-06-18 10:04:12,3048.8,197493
2021-06-18 10:04:13,3048.8,197508
2021-06-18 10:04:14,3048.95,197590
2021-06-18 10:04:15,3049.0,197690
2021-06-18 10:04:16,3049.05,197821
2021-06-18 10:04:17,3048.55,197822
2021-06-18 10:04:18,3049.0,197873
2021-06-18 10:04:19,3048.8,197878
2021-06-18 10:04:20,3049.25,197951
2021-06-18 10:04:22,3049.45,197956
2021-06-18 10:04:22,3049.45,197966
2021-06-18 10:04:23,3048.9,198240
2021-06-18 10:04:24,3049.0,198386
2021-06-18 10:04:25,3049.0,198386
2021-06-18 10:04:26,3049.0,198434
2021-06-18 10:04:27,3049.35,199164
2021-06-18 10:04:28,3049.5,199272
2021-06-18 10:04:29,3050.0,199274
2021-06-18 10:04:30,3049.95,199345
2021-06-18 10:04:31,3049.35,199357
2021-06-18 10:04:33,3049.35,199389
2021-06-18 10:04:34,3049.0,199637
2021-06-18 10:04:35,3049.0,199637
2021-06-18 10:04:36,3049.85,199645
2021-06-18 10:04:37,3049.35,199655
2021-06-18 10:04:38,3049.8,199680
2021-06-18 10:04:39,3049.85,199708
2021-06-18 10:04:41,3049.8,199713
2021-06-18 10:04:41,3049.75,199715
2021-06-18 10:04:42,3049.75,199747
2021-06-18 10:04:43,3045.7,199961
2021-06-18 10:04:44,3046.25,199962
2021-06-18 10:04:45,3046.7,200025
2021-06-18 10:04:47,3045.4,200094
2021-06-18 10:04:49,3044.4,200194
2021-06-18 10:04:49,3045.95,200195
2021-06-18 10:04:50,3045.95,200195
2021-06-18 10:04:51,3045.0,200197
2021-06-18 10:04:52,3045.0,200209
2021-06-18 10:04:53,3044.3,200309
2021-06-18 10:04:54,3044.4,200311
2021-06-18 10:04:55,3045.2,200454
2021-06-18 10:04:56,3045.1,200464
2021-06-18 10:04:57,3044.0,200727
2021-06-18 10:04:58,3044.0,200727
2021-06-18 10:04:59,3044.0,200727
2021-06-18 10:05:01,3044.15,200757
2021-06-18 10:05:02,3044.1,200793
2021-06-18 10:05:03,3045.7,200799
2021-06-18 10:05:03,3044.95,200800
2021-06-18 10:05:05,3044.15,200801
2021-06-18 10:05:05,3044.15,200802
2021-06-18 10:05:06,3044.35,200834
2021-06-18 10:05:07,3045.55,200886
2021-06-18 10:05:08,3045.9,200932
2021-06-18 10:05:09,3045.95,200988
2021-06-18 10:05:10,3045.95,201194
2021-06-18 10:05:11,3045.95,201320
2021-06-18 10:05:12,3046.0,201422
2021-06-18 10:05:13,3046.85,201452
2021-06-18 10:05:14,3046.9,201483
2021-06-18 10:05:15,3047.6,201529
2021-06-18 10:05:16,3047.6,201552
2021-06-18 10:05:17,3048.55,201577
2021-06-18 10:05:18,3048.55,201619
2021-06-18 10:05:19,3047.35,201697
2021-06-18 10:05:20,3048.35,201755
2021-06-18 10:05:22,3048.35,201755
2021-06-18 10:05:22,3047.35,201767
2021-06-18 10:05:23,3048.25,201791
2021-06-18 10:05:24,3048.25,201791
2021-06-18 10:05:25,3048.35,201807
2021-06-18 10:05:26,3047.35,201810
2021-06-18 10:05:27,3048.4,201830
2021-06-18 10:05:28,3048.0,201832
2021-06-18 10:05:29,3048.55,201843
2021-06-18 10:05:30,3048.55,201851
2021-06-18 10:05:31,3048.1,202038
2021-06-18 10:05:32,3048.1,202038
2021-06-18 10:05:33,3049.1,202041
2021-06-18 10:05:34,3048.15,202045
2021-06-18 10:05:35,3048.0,202047
2021-06-18 10:05:36,3049.1,202052
2021-06-18 10:05:37,3049.1,202052
2021-06-18 10:05:39,3049.3,202096
2021-06-18 10:05:40,3049.3,202106
2021-06-18 10:05:41,3049.3,202106
2021-06-18 10:05:42,3049.5,202197
2021-06-18 10:05:43,3049.5,202197
2021-06-18 10:05:45,3049.5,202209
2021-06-18 10:05:45,3049.5,202222
2021-06-18 10:05:46,3049.3,202236
2021-06-18 10:05:47,3048.1,202286
2021-06-18 10:05:48,3049.5,202336
2021-06-18 10:05:49,3049.6,202361
2021-06-18 10:05:50,3049.6,202361
2021-06-18 10:05:51,3049.6,202361
2021-06-18 10:05:52,3049.6,202361
2021-06-18 10:05:53,3049.6,202361
2021-06-18 10:05:54,3048.1,202366
2021-06-18 10:05:55,3048.1,202366
2021-06-18 10:05:56,3049.0,202381
2021-06-18 10:05:57,3049.0,202381
2021-06-18 10:05:58,3048.6,202434
2021-06-18 10:05:59,3049.3,202437
2021-06-18 10:06:00,3049.3,202437
2021-06-18 10:06:02,3048.6,202446
2021-06-18 10:06:02,3048.6,202456
2021-06-18 10:06:03,3048.6,202459
2021-06-18 10:06:04,3048.6,202467
2021-06-18 10:06:05,3048.6,202467
2021-06-18 10:06:06,3048.0,202567
2021-06-18 10:06:07,3049.3,202574
2021-06-18 10:06:08,3048.05,202584
2021-06-18 10:06:09,3049.5,202626
2021-06-18 10:06:11,3049.5,202646
2021-06-18 10:06:12,3049.5,202646
2021-06-18 10:06:13,3049.6,202797
2021-06-18 10:06:14,3049.55,202798
2021-06-18 10:06:15,3048.25,202800
2021-06-18 10:06:15,3049.5,202802
2021-06-18 10:06:16,3049.5,202802
2021-06-18 10:06:18,3048.25,202810
2021-06-18 10:06:19,3048.25,202810
2021-06-18 10:06:19,3048.25,202810
2021-06-18 10:06:20,3048.25,202819
2021-06-18 10:06:21,3048.25,202819
2021-06-18 10:06:22,3049.5,202891
2021-06-18 10:06:23,3048.25,202909
2021-06-18 10:06:25,3048.25,202917
2021-06-18 10:06:26,3048.25,202947
2021-06-18 10:06:27,3048.25,202947
2021-06-18 10:06:28,3049.5,202979
2021-06-18 10:06:29,3049.5,203006
2021-06-18 10:06:30,3048.9,203007
2021-06-18 10:06:31,3049.0,203024
2021-06-18 10:06:32,3048.95,203037
2021-06-18 10:06:33,3048.9,203057
2021-06-18 10:06:33,3048.9,203057
2021-06-18 10:06:34,3048.35,203059
2021-06-18 10:06:35,3048.35,203059
2021-06-18 10:06:36,3048.35,203059
2021-06-18 10:06:38,3049.0,203081
2021-06-18 10:06:39,3049.0,203081
2021-06-18 10:06:40,3049.0,203085
2021-06-18 10:06:41,3049.0,203085
2021-06-18 10:06:42,3049.0,203085
2021-06-18 10:06:43,3049.0,203085
2021-06-18 10:06:44,3049.0,203085
2021-06-18 10:06:45,3048.25,203185
2021-06-18 10:06:46,3048.4,203235
2021-06-18 10:06:47,3049.0,203286
2021-06-18 10:06:48,3049.0,203296
2021-06-18 10:06:49,3048.25,203321
2021-06-18 10:06:50,3048.25,203371
2021-06-18 10:06:51,3048.25,203371
2021-06-18 10:06:52,3048.25,203371
2021-06-18 10:06:53,3049.0,203381
2021-06-18 10:06:53,3049.0,203381
2021-06-18 10:06:54,3049.0,203381
2021-06-18 10:06:55,3049.0,203394
2021-06-18 10:06:57,3049.0,203394
2021-06-18 10:06:58,3048.25,203430
2021-06-18 10:06:59,3048.25,203430
2021-06-18 10:07:00,3049.0,203431
2021-06-18 10:07:01,3049.0,203446
2021-06-18 10:07:02,3049.0,203446
2021-06-18 10:07:03,3048.25,203454
2021-06-18 10:07:04,3048.95,203460
2021-06-18 10:07:05,3048.95,203460
2021-06-18 10:07:06,3048.95,203466
2021-06-18 10:07:07,3047.0,203645
2021-06-18 10:07:08,3047.05,203673
2021-06-18 10:07:09,3047.05,203673
2021-06-18 10:07:10,3047.0,203677
2021-06-18 10:07:11,3047.0,203677
2021-06-18 10:07:12,3045.7,203684
2021-06-18 10:07:13,3046.35,203686
2021-06-18 10:07:14,3046.35,203686
2021-06-18 10:07:15,3046.95,203687
2021-06-18 10:07:16,3046.95,203731
2021-06-18 10:07:17,3047.0,203734
2021-06-18 10:07:18,3047.0,203789
2021-06-18 10:07:19,3045.7,203795
2021-06-18 10:07:20,3047.0,203796
2021-06-18 10:07:21,3046.95,203799
2021-06-18 10:07:22,3045.8,203828
2021-06-18 10:07:23,3045.8,203861
2021-06-18 10:07:24,3045.8,203945
2021-06-18 10:07:25,3046.95,203994
2021-06-18 10:07:26,3045.8,204004
2021-06-18 10:07:27,3045.7,204067
