timestamp,ltp,volume
2021-06-18 09:16:32,4043.8,7991
2021-06-18 09:16:35,4043.75,8652
2021-06-18 09:16:36,4043.75,8652
2021-06-18 09:16:38,4042.45,8701
2021-06-18 09:16:39,4043.75,9032
2021-06-18 09:16:40,4043.75,9096
2021-06-18 09:16:41,4043.75,9096
2021-06-18 09:16:42,4039.95,9752
2021-06-18 09:16:43,4041.2,9781
2021-06-18 09:16:44,4041.2,9781
2021-06-18 09:16:45,4039.0,9973
2021-06-18 09:16:46,4039.5,9980
2021-06-18 09:16:47,4039.5,9980
2021-06-18 09:16:47,4039.0,10126
2021-06-18 09:16:49,4039.0,10492
2021-06-18 09:16:50,4038.8,10552
2021-06-18 09:16:51,4038.8,10552
2021-06-18 09:16:52,4036.7,10651
2021-06-18 09:16:53,4036.7,10651
2021-06-18 09:16:54,4037.6,11046
2021-06-18 09:16:55,4037.0,11067
2021-06-18 09:16:56,4035.0,11122
2021-06-18 09:16:57,4035.4,11221
2021-06-18 09:16:58,4034.2,11241
2021-06-18 09:16:59,4033.0,11310
2021-06-18 09:16:59,4033.0,11322
2021-06-18 09:17:01,4033.0,11458
2021-06-18 09:17:02,4033.0,11458
2021-06-18 09:17:03,4033.2,11468
2021-06-18 09:17:04,4033.2,11470
2021-06-18 09:17:04,4032.0,11552
2021-06-18 09:17:06,4035.3,11667
2021-06-18 09:17:07,4032.55,11673
2021-06-18 09:17:08,4033.4,11793
2021-06-18 09:17:09,4032.8,11803
2021-06-18 09:17:10,4036.05,11981
2021-06-18 09:17:11,4037.5,12077
2021-06-18 09:17:12,4037.5,12077
2021-06-18 09:17:13,4037.5,12077
2021-06-18 09:17:14,4036.7,12140
2021-06-18 09:17:15,4036.7,12140
2021-06-18 09:17:16,4036.75,12157
2021-06-18 09:17:17,4035.9,12165
2021-06-18 09:17:18,4035.05,12167
2021-06-18 09:17:19,4038.1,12270
2021-06-18 09:17:20,4038.1,12270
2021-06-18 09:17:21,4038.1,12270
2021-06-18 09:17:22,4035.05,12272
2021-06-18 09:17:23,4037.25,12296
2021-06-18 09:17:24,4035.55,12300
2021-06-18 09:17:25,4038.0,12402
2021-06-18 09:17:25,4035.55,12405
2021-06-18 09:17:27,4035.95,12417
2021-06-18 09:17:27,4037.25,12420
2021-06-18 09:17:29,4036.9,12498
2021-06-18 09:17:30,4036.65,12512
2021-06-18 09:17:31,4036.55,12519
2021-06-18 09:17:32,4035.95,12597
2021-06-18 09:17:33,4037.75,12625
2021-06-18 09:17:34,4036.2,12658
2021-06-18 09:17:35,4038.75,12872
2021-06-18 09:17:36,4038.75,12872
2021-06-18 09:17:37,4038.55,12894
2021-06-18 09:17:38,4038.55,12894
2021-06-18 09:17:39,4038.55,12894
2021-06-18 09:17:40,4040.0,12964
2021-06-18 09:17:41,4040.0,12969
2021-06-18 09:17:41,4040.0,12969
2021-06-18 09:17:42,4040.0,12969
2021-06-18 09:17:43,4041.2,12970
2021-06-18 09:17:45,4041.2,12970
2021-06-18 09:17:46,4041.2,12970
2021-06-18 09:17:47,4041.9,12996
2021-06-18 09:17:48,4042.0,13007
2021-06-18 09:17:49,4042.0,13007
2021-06-18 09:17:50,4042.0,13020
2021-06-18 09:17:51,4041.95,13109
2021-06-18 09:17:52,4042.7,13150
2021-06-18 09:17:53,4042.7,13150
2021-06-18 09:17:54,4042.0,13154
2021-06-18 09:17:55,4042.0,13162
2021-06-18 09:17:55,4044.4,13401
2021-06-18 09:17:57,4042.1,13413
2021-06-18 09:17:57,4042.1,13413
2021-06-18 09:17:59,4042.0,13627
2021-06-18 09:18:00,4041.9,13632
2021-06-18 09:18:04,4041.9,13761
2021-06-18 09:18:05,4042.9,13764
2021-06-18 09:18:05,4041.9,13766
2021-06-18 09:18:06,4042.9,13773
2021-06-18 09:18:08,4042.0,13807
2021-06-18 09:18:08,4041.95,13913
2021-06-18 09:18:09,4041.95,13913
2021-06-18 09:18:10,4042.35,13927
2021-06-18 09:18:13,4042.55,13955
2021-06-18 09:18:14,4042.55,13955
2021-06-18 09:18:15,4041.9,14100
2021-06-18 09:18:16,4041.7,14271
2021-06-18 09:18:17,4040.0,14283
2021-06-18 09:18:18,4040.0,14283
2021-06-18 09:18:19,4040.4,14288
2021-06-18 09:18:20,4040.4,14288
2021-06-18 09:18:21,4040.4,14288
2021-06-18 09:18:22,4040.2,14289
2021-06-18 09:18:23,4040.1,14294
2021-06-18 09:18:24,4040.1,14294
2021-06-18 09:18:25,4040.05,14296
2021-06-18 09:18:26,4042.5,14496
2021-06-18 09:18:27,4042.5,14496
2021-06-18 09:18:28,4042.5,14496
2021-06-18 09:18:30,4040.05,14506
2021-06-18 09:18:31,4040.05,14506
2021-06-18 09:18:32,4040.05,14506
2021-06-18 09:18:34,4040.5,14511
2021-06-18 09:18:35,4040.5,14511
2021-06-18 09:18:36,4040.0,14538
2021-06-18 09:18:37,4040.0,14538
2021-06-18 09:18:38,4040.0,14538
2021-06-18 09:18:39,4040.0,14538
2021-06-18 09:18:40,4040.0,14538
2021-06-18 09:18:41,4040.1,14598
2021-06-18 09:18:42,4039.0,14731
2021-06-18 09:18:43,4039.0,14742
2021-06-18 09:18:44,4039.0,15128
2021-06-18 09:18:45,4039.0,15133
2021-06-18 09:18:46,4038.9,15137
2021-06-18 09:18:47,4038.55,15139
2021-06-18 09:18:48,4038.65,15144
2021-06-18 09:18:49,4038.65,15144
2021-06-18 09:18:50,4038.65,15144
2021-06-18 09:18:51,4038.55,15160
2021-06-18 09:18:52,4038.55,15160
2021-06-18 09:18:53,4038.55,15198
2021-06-18 09:18:54,4038.55,15198
2021-06-18 09:18:55,4038.55,15198
2021-06-18 09:18:56,4038.4,15289
2021-06-18 09:18:57,4038.25,15290
2021-06-18 09:18:58,4038.6,15339
2021-06-18 09:18:59,4038.6,15339
2021-06-18 09:19:00,4038.6,15431
2021-06-18 09:19:01,4040.25,15738
2021-06-18 09:19:02,4041.65,15779
2021-06-18 09:19:03,4037.55,15780
2021-06-18 09:19:04,4037.55,15780
2021-06-18 09:19:05,4041.3,15971
2021-06-18 09:19:06,4041.3,15971
2021-06-18 09:19:07,4044.2,16107
2021-06-18 09:19:08,4044.2,16107
2021-06-18 09:19:09,4044.25,16193
2021-06-18 09:19:10,4044.75,16194
2021-06-18 09:19:11,4044.85,16225
2021-06-18 09:19:12,4041.7,16249
2021-06-18 09:19:13,4041.7,16249
2021-06-18 09:19:14,4041.75,16250
2021-06-18 09:19:15,4041.75,16250
2021-06-18 09:19:17,4041.75,16250
2021-06-18 09:19:18,4041.75,16250
2021-06-18 09:19:19,4052.1,17037
2021-06-18 09:19:20,4054.95,17522
2021-06-18 09:19:21,4054.95,17522
2021-06-18 09:19:22,4052.75,17524
2021-06-18 09:19:23,4052.75,17524
2021-06-18 09:19:24,4054.95,17526
2021-06-18 09:19:25,4053.25,17531
2021-06-18 09:19:26,4053.25,17531
2021-06-18 09:19:27,4053.25,17531
2021-06-18 09:19:28,4053.25,17531
2021-06-18 09:19:29,4053.2,17581
2021-06-18 09:19:30,4053.2,17581
2021-06-18 09:19:31,4055.0,17582
2021-06-18 09:19:34,4054.05,17762
2021-06-18 09:19:35,4053.3,17824
2021-06-18 09:19:36,4053.3,17824
2021-06-18 09:19:37,4056.45,17968
2021-06-18 09:19:38,4056.55,17986
2021-06-18 09:19:39,4054.5,17988
2021-06-18 09:19:40,4056.55,18025
2021-06-18 09:19:41,4054.95,18527
2021-06-18 09:19:42,4054.95,18527
2021-06-18 09:19:43,4054.95,18527
2021-06-18 09:19:44,4054.95,18527
2021-06-18 09:19:45,4054.95,18527
2021-06-18 09:19:46,4055.3,18530
2021-06-18 09:19:47,4055.3,18530
2021-06-18 09:19:48,4055.3,18530
2021-06-18 09:19:49,4055.3,18530
2021-06-18 09:19:50,4056.45,18533
2021-06-18 09:19:51,4056.45,18534
2021-06-18 09:19:52,4056.45,18537
2021-06-18 09:19:53,4056.45,18538
2021-06-18 09:19:54,4055.0,18558
2021-06-18 09:19:55,4055.0,18558
2021-06-18 09:19:56,4055.0,18558
2021-06-18 09:19:57,4055.0,18558
2021-06-18 09:19:58,4055.0,18558
2021-06-18 09:19:59,4056.45,18583
2021-06-18 09:20:00,4055.9,18666
2021-06-18 09:20:01,4055.9,18690
2021-06-18 09:20:02,4055.9,18723
2021-06-18 09:20:03,4056.0,18774
2021-06-18 09:20:04,4055.75,18776
2021-06-18 09:20:06,4058.0,19108
2021-06-18 09:20:07,4058.85,19120
2021-06-18 09:20:08,4058.85,19120
2021-06-18 09:20:09,4058.85,19120
2021-06-18 09:20:10,4058.65,19140
2021-06-18 09:20:11,4058.65,19140
2021-06-18 09:20:12,4058.65,19142
2021-06-18 09:20:13,4058.65,19142
2021-06-18 09:20:14,4056.4,19167
2021-06-18 09:20:15,4063.5,20341
2021-06-18 09:20:16,4066.9,20345
2021-06-18 09:20:17,4057.1,21070
2021-06-18 09:20:18,4057.1,21070
2021-06-18 09:20:19,4060.6,21092
2021-06-18 09:20:20,4060.6,21092
2021-06-18 09:20:21,4060.6,21092
2021-06-18 09:20:23,4063.85,21094
2021-06-18 09:20:24,4063.85,21094
2021-06-18 09:20:25,4060.2,21099
2021-06-18 09:20:26,4064.0,21149
2021-06-18 09:20:27,4063.85,21169
2021-06-18 09:20:28,4063.85,21170
2021-06-18 09:20:28,4063.85,21170
2021-06-18 09:20:29,4063.85,21170
2021-06-18 09:20:31,4063.8,21188
2021-06-18 09:20:31,4063.8,21188
2021-06-18 09:20:32,4061.35,21289
2021-06-18 09:20:33,4061.35,21289
2021-06-18 09:20:34,4062.6,21293
2021-06-18 09:20:35,4060.0,21303
2021-06-18 09:20:37,4062.55,21304
2021-06-18 09:20:38,4062.55,21314
2021-06-18 09:20:39,4062.55,21314
2021-06-18 09:20:40,4060.0,21335
2021-06-18 09:20:41,4058.8,21436
2021-06-18 09:20:42,4058.8,21436
2021-06-18 09:20:43,4059.95,21446
2021-06-18 09:20:44,4059.95,21446
2021-06-18 09:20:46,4059.75,21473
2021-06-18 09:20:47,4056.35,21503
2021-06-18 09:20:48,4059.7,21523
2021-06-18 09:20:49,4059.7,21523
2021-06-18 09:20:50,4056.7,21565
2021-06-18 09:20:51,4056.7,21565
2021-06-18 09:20:52,4059.45,21567
2021-06-18 09:20:53,4059.45,21568
2021-06-18 09:20:54,4056.95,21598
2021-06-18 09:20:55,4056.95,21598
2021-06-18 09:20:56,4056.95,21598
2021-06-18 09:20:57,4057.45,21647
2021-06-18 09:20:58,4057.3,21649
2021-06-18 09:20:59,4057.3,21668
2021-06-18 09:21:00,4057.35,21697
2021-06-18 09:21:01,4057.3,21755
2021-06-18 09:21:02,4057.3,21758
2021-06-18 09:21:03,4056.85,21817
2021-06-18 09:21:04,4057.85,21825
2021-06-18 09:21:05,4057.85,21825
2021-06-18 09:21:06,4058.0,21938
2021-06-18 09:21:07,4058.0,21938
2021-06-18 09:21:08,4058.0,21938
2021-06-18 09:21:09,4055.95,21968
2021-06-18 09:21:10,4055.95,21968
2021-06-18 09:21:11,4057.8,22256
2021-06-18 09:21:12,4057.8,22256
2021-06-18 09:21:13,4057.8,22256
2021-06-18 09:21:14,4057.8,22256
2021-06-18 09:21:15,4058.0,22378
2021-06-18 09:21:16,4058.0,22378
2021-06-18 09:21:18,4056.0,22384
2021-06-18 09:21:19,4056.0,22384
2021-06-18 09:21:19,4057.95,22386
2021-06-18 09:21:20,4058.0,22423
2021-06-18 09:21:21,4058.0,22425
2021-06-18 09:21:22,4059.4,22436
2021-06-18 09:21:23,4059.4,22436
2021-06-18 09:21:24,4060.0,22774
2021-06-18 09:21:25,4060.7,22779
2021-06-18 09:21:27,4060.7,22784
2021-06-18 09:21:28,4060.7,22784
2021-06-18 09:21:29,4060.7,22784
2021-06-18 09:21:30,4060.85,22786
2021-06-18 09:21:31,4060.0,22789
2021-06-18 09:21:32,4060.0,22811
2021-06-18 09:21:33,4060.85,22817
2021-06-18 09:21:34,4061.0,22818
2021-06-18 09:21:35,4061.0,22818
2021-06-18 09:21:36,4061.0,22818
2021-06-18 09:21:37,4061.0,22818
2021-06-18 09:21:38,4062.0,22946
2021-06-18 09:21:39,4062.95,22948
2021-06-18 09:21:40,4063.4,22953
2021-06-18 09:21:41,4063.65,22956
2021-06-18 09:21:42,4063.65,22956
2021-06-18 09:21:43,4063.8,22976
2021-06-18 09:21:44,4063.8,22976
2021-06-18 09:21:45,4063.8,22976
2021-06-18 09:21:46,4063.8,22976
2021-06-18 09:21:47,4063.8,22976
2021-06-18 09:21:48,4063.8,22976
2021-06-18 09:21:49,4059.85,23323
2021-06-18 09:21:50,4058.65,23589
2021-06-18 09:21:51,4058.65,23589
2021-06-18 09:21:52,4059.15,23909
2021-06-18 09:21:53,4060.05,23917
2021-06-18 09:21:54,4060.05,23917
2021-06-18 09:21:55,4060.05,23917
2021-06-18 09:21:56,4060.05,23917
2021-06-18 09:21:57,4060.05,23917
2021-06-18 09:21:58,4061.15,23994
2021-06-18 09:21:59,4061.15,23994
2021-06-18 09:22:00,4059.15,24094
2021-06-18 09:22:01,4059.15,24094
2021-06-18 09:22:02,4059.85,24096
2021-06-18 09:22:03,4059.85,24096
2021-06-18 09:22:04,4061.7,24145
2021-06-18 09:22:05,4062.85,24190
2021-06-18 09:22:06,4063.7,24455
2021-06-18 09:22:07,4065.0,24508
2021-06-18 09:22:08,4065.0,24508
2021-06-18 09:22:09,4065.0,24508
2021-06-18 09:22:10,4065.0,24508
2021-06-18 09:22:11,4065.0,24508
2021-06-18 09:22:12,4061.5,24523
2021-06-18 09:22:13,4065.0,24652
2021-06-18 09:22:14,4065.0,24654
2021-06-18 09:22:15,4065.0,24654
2021-06-18 09:22:16,4065.0,24654
2021-06-18 09:22:17,4064.95,24656
2021-06-18 09:22:18,4065.0,24921
2021-06-18 09:22:19,4062.8,25004
2021-06-18 09:22:20,4065.0,25034
2021-06-18 09:22:21,4065.0,25034
2021-06-18 09:22:23,4065.0,25353
2021-06-18 09:22:24,4065.0,25353
2021-06-18 09:22:25,4067.7,25693
2021-06-18 09:22:26,4067.3,25696
2021-06-18 09:22:27,4065.0,25749
2021-06-18 09:22:28,4065.0,25761
2021-06-18 09:22:29,4067.15,25778
2021-06-18 09:22:30,4067.0,25780
2021-06-18 09:22:31,4067.3,25790
2021-06-18 09:22:32,4068.9,26065
2021-06-18 09:22:33,4069.45,26132
2021-06-18 09:22:34,4069.45,26132
2021-06-18 09:22:35,4069.7,26133
2021-06-18 09:22:36,4069.65,26149
2021-06-18 09:22:37,4066.2,26159
2021-06-18 09:22:38,4066.3,26160
2021-06-18 09:22:39,4066.3,26160
2021-06-18 09:22:40,4066.3,26160
2021-06-18 09:22:41,4070.0,26430
2021-06-18 09:22:42,4070.3,26470
2021-06-18 09:22:43,4070.3,26470
2021-06-18 09:22:44,4071.7,26475
2021-06-18 09:22:46,4071.7,26475
2021-06-18 09:22:47,4071.7,26475
2021-06-18 09:22:47,4071.7,26475
2021-06-18 09:22:48,4071.7,26475
2021-06-18 09:22:52,4071.65,26486
2021-06-18 09:22:53,4071.65,26486
2021-06-18 09:22:54,4071.05,26492
2021-06-18 09:22:56,4071.65,26502
2021-06-18 09:22:57,4071.05,26562
2021-06-18 09:22:58,4071.05,26635
2021-06-18 09:22:59,4070.0,27005
2021-06-18 09:23:00,4071.7,27193
2021-06-18 09:23:00,4071.95,27308
2021-06-18 09:23:01,4071.0,27332
2021-06-18 09:23:02,4068.95,27611
2021-06-18 09:23:03,4067.45,27811
2021-06-18 09:23:04,4067.0,27846
2021-06-18 09:23:05,4068.0,27847
2021-06-18 09:23:06,4068.0,27883
2021-06-18 09:23:07,4070.8,27983
2021-06-18 09:23:09,4070.8,27983
2021-06-18 09:23:10,4070.8,27983
2021-06-18 09:23:11,4070.8,27983
2021-06-18 09:23:12,4066.55,28043
2021-06-18 09:23:12,4066.55,28043
2021-06-18 09:23:14,4068.95,28055
2021-06-18 09:23:15,4068.95,28057
2021-06-18 09:23:16,4068.95,28057
2021-06-18 09:23:16,4068.95,28057
2021-06-18 09:23:17,4068.95,28057
2021-06-18 09:23:18,4066.65,28059
2021-06-18 09:23:19,4068.95,28091
2021-06-18 09:23:20,4068.95,28091
2021-06-18 09:23:21,4068.95,28091
2021-06-18 09:23:22,4068.95,28091
2021-06-18 09:23:23,4068.95,28091
2021-06-18 09:23:24,4068.95,28096
2021-06-18 09:23:25,4066.0,28468
2021-06-18 09:23:26,4066.0,28539
2021-06-18 09:23:27,4066.05,28540
2021-06-18 09:23:28,4065.95,28600
2021-06-18 09:23:30,4065.0,28752
2021-06-18 09:23:29,4065.95,28600
2021-06-18 09:23:31,4065.0,28752
2021-06-18 09:23:32,4065.0,28752
2021-06-18 09:23:33,4067.6,28753
2021-06-18 09:23:34,4065.85,28832
2021-06-18 09:23:35,4065.85,28832
2021-06-18 09:23:36,4065.0,28852
2021-06-18 09:23:37,4065.0,28852
2021-06-18 09:23:38,4068.0,28952
2021-06-18 09:23:39,4065.3,28954
2021-06-18 09:23:40,4065.3,28974
2021-06-18 09:23:41,4065.3,28974
2021-06-18 09:23:42,4065.35,28999
2021-06-18 09:23:43,4065.35,28999
2021-06-18 09:23:44,4065.2,29024
2021-06-18 09:23:46,4065.0,29074
2021-06-18 09:23:46,4066.0,29099
2021-06-18 09:23:48,4066.0,29099
2021-06-18 09:23:48,4066.0,29099
2021-06-18 09:23:49,4066.95,29102
2021-06-18 09:23:56,4064.1,29144
2021-06-18 09:23:57,4064.95,29145
2021-06-18 09:23:58,4064.95,29145
2021-06-18 09:23:59,4064.95,29145
2021-06-18 09:24:01,4063.1,29176
2021-06-18 09:24:01,4063.1,29187
2021-06-18 09:24:02,4063.1,29187
2021-06-18 09:24:03,4062.55,29262
2021-06-18 09:24:04,4062.55,29262
2021-06-18 09:24:05,4062.4,29287
2021-06-18 09:24:06,4064.1,29291
2021-06-18 09:24:07,4064.1,29291
2021-06-18 09:24:08,4065.85,29376
2021-06-18 09:24:09,4067.9,29385
2021-06-18 09:24:10,4067.9,29392
2021-06-18 09:24:11,4067.9,29392
2021-06-18 09:24:12,4066.2,29393
2021-06-18 09:24:13,4066.35,29517
2021-06-18 09:24:14,4066.35,29517
2021-06-18 09:24:15,4067.9,29522
2021-06-18 09:24:16,4067.9,29522
2021-06-18 09:24:17,4068.0,29545
2021-06-18 09:24:18,4066.3,29645
2021-06-18 09:24:20,4067.9,29797
2021-06-18 09:24:20,4068.95,29849
2021-06-18 09:24:21,4071.0,30109
2021-06-18 09:24:23,4068.25,30209
2021-06-18 09:24:24,4068.25,30209
2021-06-18 09:24:24,4068.25,30209
2021-06-18 09:24:25,4070.8,30217
2021-06-18 09:24:26,4070.85,30247
2021-06-18 09:24:27,4070.85,30247
2021-06-18 09:24:28,4071.2,30522
2021-06-18 09:24:29,4073.3,30523
2021-06-18 09:24:30,4071.1,30525
2021-06-18 09:24:31,4071.1,30525
2021-06-18 09:24:32,4073.7,30565
2021-06-18 09:24:33,4074.2,30619
2021-06-18 09:24:34,4074.2,30619
2021-06-18 09:24:36,4074.2,30619
2021-06-18 09:24:37,4074.2,30619
2021-06-18 09:24:39,4074.2,30619
2021-06-18 09:24:40,4074.2,30619
2021-06-18 09:24:41,4074.2,30619
2021-06-18 09:24:42,4074.2,30619
2021-06-18 09:24:43,4074.2,30619
2021-06-18 09:24:44,4074.2,30619
2021-06-18 09:24:45,4073.85,30679
2021-06-18 09:24:46,4069.8,30779
2021-06-18 09:24:47,4073.45,30789
2021-06-18 09:24:48,4073.45,30789
2021-06-18 09:24:49,4073.9,30873
2021-06-18 09:24:50,4074.2,30875
2021-06-18 09:24:51,4074.2,30875
2021-06-18 09:24:52,4074.2,30885
2021-06-18 09:24:53,4074.7,30910
2021-06-18 09:24:54,4074.0,31012
2021-06-18 09:24:55,4074.0,31012
2021-06-18 09:24:56,4076.3,31342
2021-06-18 09:24:57,4076.3,31342
2021-06-18 09:24:58,4076.3,31342
2021-06-18 09:24:59,4074.2,31346
2021-06-18 09:25:00,4072.75,31356
2021-06-18 09:25:01,4072.75,31373
2021-06-18 09:25:02,4072.75,31373
2021-06-18 09:25:03,4076.05,31616
2021-06-18 09:25:04,4076.05,31616
2021-06-18 09:25:05,4075.95,31626
2021-06-18 09:25:07,4075.95,31626
2021-06-18 09:25:08,4073.6,31631
2021-06-18 09:25:09,4074.0,31756
2021-06-18 09:25:10,4079.0,32029
2021-06-18 09:25:11,4076.2,32107
2021-06-18 09:25:12,4076.55,32108
2021-06-18 09:25:13,4076.55,32108
2021-06-18 09:25:14,4079.0,32109
2021-06-18 09:25:15,4083.95,32908
2021-06-18 09:25:16,4084.1,32927
2021-06-18 09:25:17,4080.4,32928
2021-06-18 09:25:18,4079.6,33156
2021-06-18 09:25:19,4079.6,33156
2021-06-18 09:25:21,4080.0,33446
2021-06-18 09:25:22,4079.95,33483
2021-06-18 09:25:23,4078.4,34088
2021-06-18 09:25:24,4078.4,34088
2021-06-18 09:25:24,4078.4,34088
2021-06-18 09:25:26,4077.5,34106
2021-06-18 09:25:27,4080.0,34482
2021-06-18 09:25:28,4080.0,34482
2021-06-18 09:25:29,4078.55,34487
2021-06-18 09:25:30,4077.3,34582
2021-06-18 09:25:31,4079.0,34583
2021-06-18 09:25:32,4079.45,34663
2021-06-18 09:25:33,4079.45,34663
2021-06-18 09:25:34,4079.45,34663
2021-06-18 09:25:35,4079.45,34663
2021-06-18 09:25:36,4077.8,34817
2021-06-18 09:25:37,4077.8,34817
2021-06-18 09:25:38,4079.9,34818
2021-06-18 09:25:39,4080.9,34828
2021-06-18 09:25:40,4078.15,34833
2021-06-18 09:25:41,4078.15,34834
2021-06-18 09:25:42,4082.0,34884
2021-06-18 09:25:43,4082.0,34884
2021-06-18 09:25:44,4082.0,34884
2021-06-18 09:25:45,4079.95,34894
2021-06-18 09:25:46,4079.9,34897
2021-06-18 09:25:47,4079.85,34942
2021-06-18 09:25:48,4079.85,35325
2021-06-18 09:25:50,4079.85,35325
2021-06-18 09:25:51,4076.05,35630
2021-06-18 09:25:52,4076.6,35742
2021-06-18 09:25:53,4077.55,35796
2021-06-18 09:25:54,4077.55,35796
2021-06-18 09:25:54,4077.7,35846
2021-06-18 09:25:56,4081.3,35882
2021-06-18 09:25:57,4081.0,35883
2021-06-18 09:25:58,4081.0,36392
2021-06-18 09:25:59,4081.0,36392
2021-06-18 09:25:59,4081.0,36392
2021-06-18 09:26:01,4081.0,36392
2021-06-18 09:26:02,4081.0,36392
2021-06-18 09:26:03,4083.25,36417
2021-06-18 09:26:04,4083.4,36471
2021-06-18 09:26:05,4083.4,36471
2021-06-18 09:26:06,4083.3,36472
2021-06-18 09:26:07,4083.3,36472
2021-06-18 09:26:08,4083.3,36472
2021-06-18 09:26:09,4083.35,36477
2021-06-18 09:26:10,4082.6,36503
2021-06-18 09:26:11,4082.6,36503
2021-06-18 09:26:12,4082.65,36508
2021-06-18 09:26:13,4082.65,36508
2021-06-18 09:26:14,4082.65,36508
2021-06-18 09:26:15,4082.65,36508
2021-06-18 09:26:16,4083.3,36514
2021-06-18 09:26:17,4083.3,36514
2021-06-18 09:26:18,4083.3,36524
2021-06-18 09:26:19,4083.3,36524
2021-06-18 09:26:20,4083.3,36525
2021-06-18 09:26:21,4082.6,36550
2021-06-18 09:26:22,4083.35,36600
2021-06-18 09:26:23,4083.35,36600
2021-06-18 09:26:24,4083.35,36600
2021-06-18 09:26:25,4083.35,36601
2021-06-18 09:26:26,4083.35,36601
2021-06-18 09:26:27,4081.65,37005
2021-06-18 09:26:28,4078.65,37031
2021-06-18 09:26:30,4082.25,37057
2021-06-18 09:26:30,4082.25,37057
2021-06-18 09:26:31,4082.45,37075
2021-06-18 09:26:32,4082.45,37076
2021-06-18 09:26:33,4082.45,37076
2021-06-18 09:26:34,4082.45,37076
2021-06-18 09:26:35,4082.45,37076
2021-06-18 09:26:36,4082.85,37081
2021-06-18 09:26:38,4082.85,37088
2021-06-18 09:26:39,4083.35,37172
2021-06-18 09:26:40,4083.35,37172
2021-06-18 09:26:41,4083.35,37172
2021-06-18 09:26:41,4084.0,37515
2021-06-18 09:26:43,4084.0,37515
2021-06-18 09:26:44,4084.0,37515
2021-06-18 09:26:45,4084.15,37535
2021-06-18 09:26:45,4084.0,37538
2021-06-18 09:26:47,4082.15,37613
2021-06-18 09:26:48,4082.15,37613
2021-06-18 09:26:49,4081.95,37633
2021-06-18 09:26:50,4081.95,37633
2021-06-18 09:26:51,4079.9,37738
2021-06-18 09:26:52,4079.9,37738
2021-06-18 09:26:53,4079.9,37738
2021-06-18 09:26:54,4079.9,37738
2021-06-18 09:26:55,4079.85,37807
2021-06-18 09:26:56,4079.45,37845
2021-06-18 09:26:57,4079.45,37845
2021-06-18 09:26:58,4077.0,37866
2021-06-18 09:26:59,4079.5,37871
2021-06-18 09:27:01,4079.5,37871
2021-06-18 09:27:02,4079.5,37871
2021-06-18 09:27:03,4079.5,37871
2021-06-18 09:27:04,4079.5,37871
2021-06-18 09:27:05,4079.5,37871
2021-06-18 09:27:06,4079.5,37871
2021-06-18 09:27:07,4079.45,37881
2021-06-18 09:27:08,4076.0,38140
2021-06-18 09:27:09,4076.0,38140
2021-06-18 09:27:10,4076.0,38140
2021-06-18 09:27:11,4074.95,38421
2021-06-18 09:27:12,4074.95,38421
2021-06-18 09:27:13,4074.95,38421
2021-06-18 09:27:14,4074.95,38421
2021-06-18 09:27:15,4075.7,38436
2021-06-18 09:27:16,4075.7,38439
2021-06-18 09:27:17,4075.7,38439
2021-06-18 09:27:18,4074.0,38475
2021-06-18 09:27:19,4075.7,38503
2021-06-18 09:27:20,4075.7,38503
2021-06-18 09:27:21,4075.7,38503
2021-06-18 09:27:22,4075.7,38503
2021-06-18 09:27:23,4075.7,38503
2021-06-18 09:27:24,4075.7,38503
2021-06-18 09:27:25,4075.7,38584
2021-06-18 09:27:26,4075.7,38589
2021-06-18 09:27:27,4074.1,38594
2021-06-18 09:27:28,4075.65,38597
2021-06-18 09:27:29,4074.35,38802
2021-06-18 09:27:30,4074.35,38802
2021-06-18 09:27:31,4080.6,39402
2021-06-18 09:27:32,4080.6,39402
2021-06-18 09:27:33,4080.6,39402
2021-06-18 09:27:34,4080.0,39403
2021-06-18 09:27:36,4077.5,39453
2021-06-18 09:27:35,4077.5,39453
2021-06-18 09:27:37,4077.5,39453
2021-06-18 09:27:38,4077.5,39453
2021-06-18 09:27:39,4077.5,39453
2021-06-18 09:27:40,4080.75,39726
2021-06-18 09:27:41,4080.8,39795
2021-06-18 09:27:42,4080.8,39795
2021-06-18 09:27:43,4080.8,39795
2021-06-18 09:27:44,4082.0,39815
2021-06-18 09:27:45,4082.0,39818
2021-06-18 09:27:46,4082.0,39820
2021-06-18 09:27:47,4082.0,39820
2021-06-18 09:27:48,4082.0,39820
2021-06-18 09:27:49,4082.0,39820
2021-06-18 09:27:50,4082.0,39821
2021-06-18 09:27:51,4080.35,39851
2021-06-18 09:27:51,4080.35,39851
2021-06-18 09:27:52,4080.05,39876
2021-06-18 09:27:53,4080.05,39876
2021-06-18 09:27:55,4080.05,39876
2021-06-18 09:27:57,4081.95,39886
2021-06-18 09:27:58,4080.3,39892
2021-06-18 09:28:00,4081.0,39895
2021-06-18 09:28:01,4081.0,39895
2021-06-18 09:28:02,4080.3,39945
2021-06-18 09:28:04,4081.0,39950
2021-06-18 09:28:05,4081.0,39950
2021-06-18 09:28:06,4081.0,39952
2021-06-18 09:28:07,4081.0,39952
2021-06-18 09:28:08,4080.3,39955
2021-06-18 09:28:09,4080.3,39955
2021-06-18 09:28:10,4080.3,39965
2021-06-18 09:28:11,4080.0,40021
2021-06-18 09:28:13,4080.0,40021
2021-06-18 09:28:15,4080.3,40023
2021-06-18 09:28:16,4080.3,40023
2021-06-18 09:28:17,4080.3,40023
2021-06-18 09:28:18,4080.3,40023
2021-06-18 09:28:19,4080.3,40023
2021-06-18 09:28:20,4080.3,40023
2021-06-18 09:28:21,4080.3,40023
2021-06-18 09:28:22,4080.3,40049
2021-06-18 09:28:23,4080.3,40049
2021-06-18 09:28:25,4080.3,40049
2021-06-18 09:28:27,4080.0,40074
2021-06-18 09:28:28,4080.3,40075
2021-06-18 09:28:28,4080.3,40075
2021-06-18 09:28:29,4080.3,40075
2021-06-18 09:28:30,4080.0,40076
2021-06-18 09:28:31,4080.0,40077
2021-06-18 09:28:34,4080.0,40102
2021-06-18 09:28:35,4080.0,40102
2021-06-18 09:28:36,4080.0,40110
2021-06-18 09:28:37,4080.0,40110
2021-06-18 09:28:39,4080.1,40114
2021-06-18 09:28:38,4080.0,40110
2021-06-18 09:28:40,4080.1,40114
2021-06-18 09:28:41,4080.1,40114
2021-06-18 09:28:41,4080.1,40114
2021-06-18 09:28:42,4080.1,40114
2021-06-18 09:28:43,4080.0,40115
2021-06-18 09:28:45,4080.0,40165
2021-06-18 09:28:46,4080.0,40165
2021-06-18 09:28:47,4080.0,40165
2021-06-18 09:28:47,4077.9,40195
2021-06-18 09:28:48,4077.9,40195
2021-06-18 09:28:50,4077.9,40195
2021-06-18 09:28:51,4077.85,40215
2021-06-18 09:28:52,4077.1,40217
2021-06-18 09:28:53,4077.1,40217
2021-06-18 09:28:54,4077.1,40230
2021-06-18 09:28:55,4079.75,40253
2021-06-18 09:28:56,4079.75,40253
2021-06-18 09:28:57,4079.75,40253
2021-06-18 09:28:58,4079.75,40253
2021-06-18 09:28:59,4077.7,40257
2021-06-18 09:29:00,4077.7,40257
2021-06-18 09:29:01,4077.7,40257
2021-06-18 09:29:02,4077.25,40345
2021-06-18 09:29:03,4079.65,40397
2021-06-18 09:29:04,4079.65,40397
2021-06-18 09:29:05,4079.65,40397
2021-06-18 09:29:06,4077.0,40600
2021-06-18 09:29:07,4077.0,40600
2021-06-18 09:29:08,4077.0,40600
2021-06-18 09:29:09,4077.0,40600
2021-06-18 09:29:10,4075.9,40640
2021-06-18 09:29:11,4077.0,40740
2021-06-18 09:29:12,4077.0,40747
2021-06-18 09:29:13,4074.25,40765
2021-06-18 09:29:14,4070.0,41072
2021-06-18 09:29:15,4073.85,41151
2021-06-18 09:29:16,4070.15,41251
2021-06-18 09:29:17,4070.15,41251
2021-06-18 09:29:18,4070.15,41251
2021-06-18 09:29:19,4073.0,41264
2021-06-18 09:29:20,4073.0,41264
2021-06-18 09:29:21,4073.0,41264
2021-06-18 09:29:22,4071.0,41265
2021-06-18 09:29:23,4071.0,41265
2021-06-18 09:29:24,4071.95,41266
2021-06-18 09:29:25,4071.95,41266
2021-06-18 09:29:26,4071.85,41268
2021-06-18 09:29:27,4071.85,41268
2021-06-18 09:29:28,4071.85,41268
2021-06-18 09:29:29,4071.0,41291
2021-06-18 09:29:30,4071.0,41301
2021-06-18 09:29:31,4071.7,41302
2021-06-18 09:29:32,4071.7,41302
2021-06-18 09:29:33,4071.7,41332
2021-06-18 09:29:34,4071.7,41332
2021-06-18 09:29:35,4071.6,41338
2021-06-18 09:29:36,4071.6,41338
2021-06-18 09:29:37,4071.6,41340
2021-06-18 09:29:38,4071.85,41390
2021-06-18 09:29:39,4073.3,41490
2021-06-18 09:29:40,4071.7,41508
2021-06-18 09:29:41,4071.7,41508
2021-06-18 09:29:42,4071.7,41508
2021-06-18 09:29:43,4071.7,41508
2021-06-18 09:29:44,4071.7,41508
2021-06-18 09:29:45,4071.7,41508
2021-06-18 09:29:46,4071.6,41568
2021-06-18 09:29:47,4071.6,41568
2021-06-18 09:29:48,4071.6,41568
2021-06-18 09:29:49,4072.0,41593
2021-06-18 09:29:50,4070.2,41644
2021-06-18 09:29:51,4070.2,41644
2021-06-18 09:29:52,4070.2,41644
2021-06-18 09:29:53,4072.0,41699
2021-06-18 09:29:54,4072.0,41699
2021-06-18 09:29:55,4072.0,41699
2021-06-18 09:29:56,4072.0,41699
2021-06-18 09:29:57,4070.25,41912
2021-06-18 09:30:00,4071.35,42171
2021-06-18 09:30:01,4071.35,42171
2021-06-18 09:30:02,4071.25,42191
2021-06-18 09:30:03,4071.25,42191
2021-06-18 09:30:04,4071.35,42193
2021-06-18 09:30:05,4073.65,42203
2021-06-18 09:30:06,4073.65,42203
2021-06-18 09:30:07,4073.55,42204
2021-06-18 09:30:09,4073.55,42214
2021-06-18 09:30:10,4073.55,42214
2021-06-18 09:30:11,4073.55,42214
2021-06-18 09:30:13,4073.25,42234
2021-06-18 09:30:14,4073.25,42234
2021-06-18 09:30:15,4073.25,42237
2021-06-18 09:30:16,4073.25,42237
2021-06-18 09:30:17,4072.95,42310
2021-06-18 09:30:18,4072.95,42310
2021-06-18 09:30:19,4072.95,42310
2021-06-18 09:30:20,4073.0,42313
2021-06-18 09:30:21,4073.0,42313
2021-06-18 09:30:22,4073.0,42313
2021-06-18 09:30:23,4073.0,42313
2021-06-18 09:30:24,4071.25,42315
2021-06-18 09:30:25,4072.95,42316
2021-06-18 09:30:26,4073.0,42326
2021-06-18 09:30:27,4072.95,42369
2021-06-18 09:30:28,4072.95,42369
2021-06-18 09:30:29,4072.95,42369
2021-06-18 09:30:30,4072.95,42429
2021-06-18 09:30:31,4073.05,42445
2021-06-18 09:30:32,4073.05,42445
2021-06-18 09:30:33,4071.95,42446
2021-06-18 09:30:34,4071.95,42446
2021-06-18 09:30:35,4071.95,42446
2021-06-18 09:30:36,4071.95,42446
2021-06-18 09:30:37,4072.95,42471
2021-06-18 09:30:39,4072.95,42471
2021-06-18 09:30:40,4071.95,42475
2021-06-18 09:30:41,4071.95,42475
2021-06-18 09:30:42,4070.95,42579
2021-06-18 09:30:43,4070.95,42579
2021-06-18 09:30:44,4070.9,42587
2021-06-18 09:30:45,4070.9,42587
2021-06-18 09:30:46,4070.0,42638
2021-06-18 09:30:47,4070.0,42644
2021-06-18 09:30:48,4070.0,42644
2021-06-18 09:30:49,4070.0,42694
2021-06-18 09:30:50,4070.0,42694
2021-06-18 09:30:51,4070.0,42694
2021-06-18 09:30:52,4070.0,42694
2021-06-18 09:30:53,4071.15,42700
2021-06-18 09:30:54,4071.15,42701
2021-06-18 09:30:55,4070.0,42767
2021-06-18 09:30:56,4070.0,42845
2021-06-18 09:30:57,4070.0,42845
2021-06-18 09:30:58,4070.0,42845
2021-06-18 09:30:59,4066.55,43190
2021-06-18 09:31:00,4066.55,43190
2021-06-18 09:31:01,4066.55,43190
2021-06-18 09:31:02,4066.5,43199
2021-06-18 09:31:03,4066.5,43199
2021-06-18 09:31:04,4066.5,43199
2021-06-18 09:31:05,4066.5,43199
2021-06-18 09:31:06,4066.5,43199
2021-06-18 09:31:07,4069.1,43309
2021-06-18 09:31:08,4069.1,43309
2021-06-18 09:31:09,4069.1,43309
2021-06-18 09:31:10,4069.05,43316
2021-06-18 09:31:11,4069.05,43316
2021-06-18 09:31:12,4069.0,43320
2021-06-18 09:31:13,4069.0,43321
2021-06-18 09:31:14,4069.0,43323
2021-06-18 09:31:15,4068.7,43337
2021-06-18 09:31:16,4068.7,43337
2021-06-18 09:31:17,4068.6,43417
2021-06-18 09:31:18,4068.6,43417
2021-06-18 09:31:19,4068.6,43422
2021-06-18 09:31:20,4068.6,43422
2021-06-18 09:31:21,4069.55,43427
2021-06-18 09:31:22,4066.8,43529
2021-06-18 09:31:23,4069.5,43533
2021-06-18 09:31:24,4069.5,43533
2021-06-18 09:31:25,4069.5,43533
2021-06-18 09:31:26,4066.95,43538
2021-06-18 09:31:27,4069.5,43543
2021-06-18 09:31:28,4069.5,43546
2021-06-18 09:31:29,4069.9,43689
2021-06-18 09:31:30,4067.8,43709
2021-06-18 09:31:31,4072.45,43713
2021-06-18 09:31:32,4070.55,43716
2021-06-18 09:31:33,4070.55,43716
2021-06-18 09:31:34,4070.55,43716
2021-06-18 09:31:35,4070.55,43716
2021-06-18 09:31:37,4074.0,43766
2021-06-18 09:31:36,4070.55,43716
2021-06-18 09:31:38,4074.2,43817
2021-06-18 09:31:39,4074.2,43817
2021-06-18 09:31:40,4074.2,43817
2021-06-18 09:31:41,4074.0,43882
2021-06-18 09:31:42,4074.45,43883
2021-06-18 09:31:43,4073.65,43897
2021-06-18 09:31:44,4073.65,43897
2021-06-18 09:31:45,4073.65,43897
2021-06-18 09:31:46,4072.4,44147
2021-06-18 09:31:47,4072.4,44147
2021-06-18 09:31:48,4073.4,44160
2021-06-18 09:31:49,4073.4,44165
2021-06-18 09:31:50,4073.4,44165
2021-06-18 09:31:51,4070.65,44171
2021-06-18 09:31:53,4070.65,44171
2021-06-18 09:31:53,4070.65,44171
2021-06-18 09:31:55,4070.65,44171
2021-06-18 09:31:56,4070.65,44175
2021-06-18 09:31:56,4070.65,44175
2021-06-18 09:31:57,4070.65,44175
2021-06-18 09:31:58,4073.4,44180
2021-06-18 09:31:59,4073.4,44180
2021-06-18 09:32:02,4073.4,44180
2021-06-18 09:32:04,4073.4,44180
2021-06-18 09:32:05,4073.4,44181
2021-06-18 09:32:05,4073.4,44181
2021-06-18 09:32:06,4070.8,44198
2021-06-18 09:32:07,4070.8,44198
2021-06-18 09:32:08,4070.8,44198
2021-06-18 09:32:09,4070.8,44198
2021-06-18 09:32:10,4070.8,44198
2021-06-18 09:32:11,4070.8,44198
2021-06-18 09:32:12,4070.8,44198
2021-06-18 09:32:13,4070.8,44198
2021-06-18 09:32:14,4073.4,44200
2021-06-18 09:32:16,4073.4,44329
2021-06-18 09:32:17,4073.4,44329
2021-06-18 09:32:18,4073.4,44329
2021-06-18 09:32:18,4073.4,44329
2021-06-18 09:32:19,4073.4,44329
2021-06-18 09:32:20,4073.4,44329
2021-06-18 09:32:21,4070.7,44339
2021-06-18 09:32:22,4070.7,44339
2021-06-18 09:32:23,4070.7,44339
2021-06-18 09:32:24,4070.7,44339
2021-06-18 09:32:25,4070.7,44339
2021-06-18 09:32:26,4070.7,44339
2021-06-18 09:32:28,4070.7,44339
2021-06-18 09:32:30,4070.7,44339
2021-06-18 09:32:30,4070.7,44339
2021-06-18 09:32:31,4070.7,44339
2021-06-18 09:32:32,4070.6,44341
2021-06-18 09:32:33,4070.6,44341
2021-06-18 09:32:34,4070.6,44341
2021-06-18 09:32:35,4070.6,44341
2021-06-18 09:32:36,4070.6,44341
2021-06-18 09:32:37,4070.6,44341
2021-06-18 09:32:39,4070.6,44341
2021-06-18 09:32:39,4070.6,44341
2021-06-18 09:32:40,4071.85,44342
2021-06-18 09:32:41,4070.0,44358
2021-06-18 09:32:42,4070.0,44358
2021-06-18 09:32:43,4070.25,44408
2021-06-18 09:32:44,4070.25,44408
2021-06-18 09:32:45,4070.0,44433
2021-06-18 09:32:46,4070.0,44433
2021-06-18 09:32:47,4067.9,44455
2021-06-18 09:32:48,4067.2,44456
2021-06-18 09:32:49,4067.2,44456
2021-06-18 09:32:53,4069.5,44480
2021-06-18 09:32:57,4069.5,44495
2021-06-18 09:33:01,4069.5,44509
2021-06-18 09:33:05,4068.0,44666
2021-06-18 09:33:09,4068.0,44666
2021-06-18 09:33:13,4069.3,44668
2021-06-18 09:33:18,4067.2,44669
2021-06-18 09:33:22,4068.0,44672
2021-06-18 09:33:26,4067.0,44683
2021-06-18 09:33:30,4066.05,44723
2021-06-18 09:33:34,4065.55,44766
2021-06-18 09:33:38,4067.1,44769
2021-06-18 09:33:42,4066.0,44779
2021-06-18 09:33:45,4066.0,44789
2021-06-18 09:33:49,4068.3,45094
2021-06-18 09:33:53,4068.75,45200
2021-06-18 09:33:57,4070.0,45814
2021-06-18 09:34:01,4070.15,45836
2021-06-18 09:34:06,4070.15,45836
2021-06-18 09:34:10,4070.15,45836
2021-06-18 09:34:14,4070.15,45836
2021-06-18 09:34:18,4070.0,45851
2021-06-18 09:34:22,4070.8,45948
2021-06-18 09:34:26,4072.0,45975
2021-06-18 09:34:30,4072.0,45991
2021-06-18 09:34:34,4072.0,45992
2021-06-18 09:34:38,4072.9,46044
2021-06-18 09:34:42,4072.9,46044
2021-06-18 09:34:46,4072.05,46075
2021-06-18 09:34:50,4071.9,46097
2021-06-18 09:34:58,4073.4,46150
2021-06-18 09:35:02,4074.0,46384
2021-06-18 09:35:06,4074.9,46419
2021-06-18 09:35:10,4074.0,46429
2021-06-18 09:35:14,4071.1,46684
2021-06-18 09:35:18,4073.25,46720
2021-06-18 09:35:22,4072.95,46772
2021-06-18 09:35:26,4072.9,46773
2021-06-18 09:35:30,4072.9,46825
2021-06-18 09:35:34,4072.9,46827
2021-06-18 09:35:37,4072.9,46827
2021-06-18 09:35:41,4070.0,47317
2021-06-18 09:35:45,4072.2,47428
2021-06-18 09:35:49,4072.2,47428
2021-06-18 09:35:53,4070.0,47461
2021-06-18 09:35:57,4069.2,47511
2021-06-18 09:36:01,4069.2,47511
2021-06-18 09:36:05,4069.45,47543
2021-06-18 09:36:09,4069.65,47643
2021-06-18 09:36:13,4069.35,47656
2021-06-18 09:36:17,4068.75,47665
2021-06-18 09:36:21,4068.75,47670
2021-06-18 09:36:25,4068.0,47672
2021-06-18 09:36:28,4066.0,47699
2021-06-18 09:36:32,4066.05,47709
2021-06-18 09:36:36,4064.8,47808
2021-06-18 09:36:40,4064.3,47863
2021-06-18 09:36:44,4063.0,47864
2021-06-18 09:36:48,4060.8,48141
2021-06-18 09:36:51,4063.5,48232
2021-06-18 09:36:55,4063.5,48252
2021-06-18 09:36:59,4061.55,48288
2021-06-18 09:37:03,4060.45,48504
2021-06-18 09:37:07,4060.45,48504
2021-06-18 09:37:11,4061.45,48512
2021-06-18 09:37:15,4061.5,48539
2021-06-18 09:37:20,4062.95,48555
2021-06-18 09:37:23,4061.5,48564
2021-06-18 09:37:31,4065.0,48676
2021-06-18 09:37:36,4065.0,48676
2021-06-18 09:37:40,4063.5,48706
2021-06-18 09:37:44,4063.5,48706
2021-06-18 09:37:47,4064.9,48744
2021-06-18 09:37:50,4063.1,48758
2021-06-18 09:37:51,4063.1,48758
2021-06-18 09:37:52,4063.1,48758
2021-06-18 09:37:53,4064.9,48768
2021-06-18 09:37:54,4064.9,48786
2021-06-18 09:37:54,4064.9,48787
2021-06-18 09:37:55,4064.9,48794
2021-06-18 09:37:56,4064.9,48794
2021-06-18 09:37:57,4064.9,48794
2021-06-18 09:37:58,4064.9,48794
2021-06-18 09:37:59,4063.0,48869
2021-06-18 09:38:00,4063.0,48869
2021-06-18 09:38:01,4063.0,48869
2021-06-18 09:38:02,4063.0,48869
2021-06-18 09:38:04,4063.0,48869
2021-06-18 09:38:05,4064.7,48873
2021-06-18 09:38:06,4064.7,48873
2021-06-18 09:38:07,4064.7,48873
2021-06-18 09:38:08,4064.9,48929
2021-06-18 09:38:09,4064.9,48929
2021-06-18 09:38:10,4065.0,48992
2021-06-18 09:38:11,4065.0,48992
2021-06-18 09:38:12,4065.0,48992
2021-06-18 09:38:13,4065.0,48992
2021-06-18 09:38:14,4063.1,49012
2021-06-18 09:38:15,4065.0,49013
2021-06-18 09:38:17,4065.0,49013
2021-06-18 09:38:18,4065.0,49023
2021-06-18 09:38:19,4065.0,49023
2021-06-18 09:38:20,4065.0,49023
2021-06-18 09:38:21,4065.0,49023
2021-06-18 09:38:22,4065.0,49023
2021-06-18 09:38:23,4064.5,49028
2021-06-18 09:38:24,4064.55,49030
2021-06-18 09:38:25,4064.55,49030
2021-06-18 09:38:25,4064.55,49030
2021-06-18 09:38:26,4064.55,49030
2021-06-18 09:38:27,4064.55,49030
2021-06-18 09:38:29,4064.55,49031
2021-06-18 09:38:30,4064.95,49087
2021-06-18 09:38:31,4064.95,49087
2021-06-18 09:38:32,4064.5,49092
2021-06-18 09:38:33,4064.5,49092
2021-06-18 09:38:34,4064.5,49092
2021-06-18 09:38:35,4064.5,49092
2021-06-18 09:38:36,4064.5,49092
2021-06-18 09:38:37,4063.0,49201
2021-06-18 09:38:38,4063.0,49201
2021-06-18 09:38:39,4064.95,49278
2021-06-18 09:38:39,4064.95,49278
2021-06-18 09:38:40,4065.0,49280
2021-06-18 09:38:42,4065.0,49291
2021-06-18 09:38:43,4065.1,49315
2021-06-18 09:38:44,4067.0,49474
2021-06-18 09:38:45,4067.0,49474
2021-06-18 09:38:46,4067.0,49474
2021-06-18 09:38:47,4067.0,49474
2021-06-18 09:38:48,4067.0,49474
2021-06-18 09:38:49,4067.0,49474
2021-06-18 09:38:50,4068.35,49523
2021-06-18 09:38:51,4068.35,49523
2021-06-18 09:38:52,4068.35,49524
2021-06-18 09:38:53,4066.1,49552
2021-06-18 09:38:54,4066.1,49552
2021-06-18 09:38:55,4066.1,49552
2021-06-18 09:38:56,4066.1,49552
2021-06-18 09:38:57,4066.1,49552
2021-06-18 09:38:58,4068.0,49554
2021-06-18 09:38:59,4066.2,49557
2021-06-18 09:39:00,4066.2,49557
2021-06-18 09:39:01,4066.2,49557
2021-06-18 09:39:02,4066.2,49557
2021-06-18 09:39:03,4066.2,49557
2021-06-18 09:39:04,4066.2,49557
2021-06-18 09:39:04,4066.2,49557
2021-06-18 09:39:05,4068.0,49558
2021-06-18 09:39:07,4068.0,49578
2021-06-18 09:39:08,4068.85,49580
2021-06-18 09:39:10,4068.85,49580
2021-06-18 09:39:11,4068.85,49580
2021-06-18 09:39:12,4068.85,49580
2021-06-18 09:39:13,4068.85,49580
2021-06-18 09:39:14,4068.85,49580
2021-06-18 09:39:15,4068.85,49580
2021-06-18 09:39:16,4068.85,49580
2021-06-18 09:39:17,4067.0,49586
2021-06-18 09:39:18,4067.0,49586
2021-06-18 09:39:19,4067.0,49586
2021-06-18 09:39:20,4068.0,49589
2021-06-18 09:39:21,4068.0,49589
2021-06-18 09:39:22,4066.3,49593
2021-06-18 09:39:23,4066.3,49593
2021-06-18 09:39:24,4066.3,49593
2021-06-18 09:39:24,4066.3,49593
2021-06-18 09:39:25,4068.0,49595
2021-06-18 09:39:26,4066.25,49620
2021-06-18 09:39:28,4066.25,49620
2021-06-18 09:39:28,4066.25,49620
2021-06-18 09:39:29,4066.25,49620
2021-06-18 09:39:30,4066.25,49620
2021-06-18 09:39:31,4066.25,49620
2021-06-18 09:39:32,4067.95,49623
2021-06-18 09:39:33,4067.95,49625
2021-06-18 09:39:35,4067.95,49625
2021-06-18 09:39:36,4067.95,49625
2021-06-18 09:39:37,4067.95,49625
2021-06-18 09:39:38,4067.95,49625
2021-06-18 09:39:39,4067.95,49625
2021-06-18 09:39:40,4067.95,49625
2021-06-18 09:39:41,4067.95,49625
2021-06-18 09:39:42,4067.95,49625
2021-06-18 09:39:43,4067.95,49625
2021-06-18 09:39:44,4067.25,49626
2021-06-18 09:39:45,4067.25,49626
2021-06-18 09:39:46,4067.25,49626
2021-06-18 09:39:47,4067.25,49628
2021-06-18 09:39:48,4067.25,49628
2021-06-18 09:39:49,4067.25,49628
2021-06-18 09:39:50,4067.25,49635
2021-06-18 09:39:51,4066.0,49667
2021-06-18 09:39:52,4066.0,49667
2021-06-18 09:39:53,4066.0,49667
2021-06-18 09:39:54,4066.0,49667
2021-06-18 09:39:55,4066.0,49667
2021-06-18 09:39:56,4066.0,49667
2021-06-18 09:39:57,4065.0,49673
2021-06-18 09:39:58,4065.0,49673
2021-06-18 09:39:59,4066.3,49698
2021-06-18 09:40:00,4066.3,49702
2021-06-18 09:40:01,4065.0,49711
2021-06-18 09:40:02,4066.3,49735
2021-06-18 09:40:03,4066.3,49735
2021-06-18 09:40:04,4066.3,49735
2021-06-18 09:40:05,4066.3,49735
2021-06-18 09:40:06,4066.3,49735
2021-06-18 09:40:07,4066.3,49735
2021-06-18 09:40:08,4066.3,49735
2021-06-18 09:40:10,4063.6,49936
2021-06-18 09:40:09,4063.6,49936
2021-06-18 09:40:11,4063.6,49936
2021-06-18 09:40:12,4065.0,49937
2021-06-18 09:40:13,4065.0,49940
2021-06-18 09:40:14,4065.0,49940
2021-06-18 09:40:15,4063.55,49990
2021-06-18 09:40:16,4065.0,49995
2021-06-18 09:40:18,4063.6,50000
2021-06-18 09:40:19,4063.6,50000
2021-06-18 09:40:20,4063.3,50016
2021-06-18 09:40:21,4063.3,50016
2021-06-18 09:40:23,4063.3,50016
2021-06-18 09:40:22,4063.3,50016
2021-06-18 09:40:24,4063.3,50016
2021-06-18 09:40:25,4061.0,50081
2021-06-18 09:40:26,4061.0,50081
2021-06-18 09:40:27,4061.0,50081
2021-06-18 09:40:28,4063.35,50082
2021-06-18 09:40:29,4063.35,50082
2021-06-18 09:40:30,4063.35,50082
2021-06-18 09:40:31,4063.35,50082
2021-06-18 09:40:33,4063.35,50082
2021-06-18 09:40:34,4063.35,50082
2021-06-18 09:40:35,4061.0,50099
2021-06-18 09:40:36,4061.0,50122
2021-06-18 09:40:37,4063.2,50127
2021-06-18 09:40:38,4063.2,50127
2021-06-18 09:40:39,4060.05,50377
2021-06-18 09:40:40,4060.05,50377
2021-06-18 09:40:41,4060.05,50377
2021-06-18 09:40:42,4060.05,50377
2021-06-18 09:40:43,4060.05,50377
2021-06-18 09:40:44,4060.0,50387
2021-06-18 09:40:45,4061.4,50389
2021-06-18 09:40:46,4061.4,50389
2021-06-18 09:40:47,4061.4,50389
2021-06-18 09:40:48,4061.4,50389
2021-06-18 09:40:49,4063.0,50639
2021-06-18 09:40:50,4063.0,50639
2021-06-18 09:40:51,4063.0,50639
2021-06-18 09:40:52,4063.0,50639
2021-06-18 09:40:54,4061.5,50659
2021-06-18 09:40:55,4061.5,50659
2021-06-18 09:40:56,4061.5,50659
2021-06-18 09:40:57,4061.5,50684
2021-06-18 09:40:58,4061.5,50684
2021-06-18 09:40:59,4061.5,50684
2021-06-18 09:41:00,4061.5,50684
2021-06-18 09:41:02,4065.1,50811
2021-06-18 09:41:03,4065.1,50811
2021-06-18 09:41:04,4065.1,50811
2021-06-18 09:41:05,4065.1,50811
2021-06-18 09:41:06,4065.1,50811
2021-06-18 09:41:07,4065.1,50811
2021-06-18 09:41:08,4065.1,50811
2021-06-18 09:41:09,4065.1,50811
2021-06-18 09:41:10,4065.1,50811
2021-06-18 09:41:11,4063.7,51011
2021-06-18 09:41:12,4063.7,51011
2021-06-18 09:41:13,4063.7,51011
2021-06-18 09:41:14,4063.7,51011
2021-06-18 09:41:15,4063.7,51011
2021-06-18 09:41:16,4063.6,51071
2021-06-18 09:41:17,4063.6,51071
2021-06-18 09:41:18,4063.6,51071
2021-06-18 09:41:19,4063.6,51071
2021-06-18 09:41:20,4063.6,51071
2021-06-18 09:41:21,4063.6,51071
2021-06-18 09:41:22,4065.55,51076
2021-06-18 09:41:23,4065.55,51076
2021-06-18 09:41:24,4065.55,51076
2021-06-18 09:41:25,4065.55,51076
2021-06-18 09:41:26,4065.55,51117
2021-06-18 09:41:27,4065.55,51117
2021-06-18 09:41:28,4062.8,51167
2021-06-18 09:41:29,4062.8,51167
2021-06-18 09:41:31,4062.8,51167
2021-06-18 09:41:32,4062.8,51167
2021-06-18 09:41:33,4062.8,51167
2021-06-18 09:41:34,4062.8,51167
2021-06-18 09:41:35,4062.8,51167
2021-06-18 09:41:36,4065.55,51168
2021-06-18 09:41:37,4065.55,51168
2021-06-18 09:41:38,4065.55,51168
2021-06-18 09:41:39,4065.55,51168
2021-06-18 09:41:40,4065.55,51168
2021-06-18 09:41:41,4065.55,51169
2021-06-18 09:41:42,4065.55,51170
2021-06-18 09:41:43,4065.55,51170
2021-06-18 09:41:44,4065.0,51180
2021-06-18 09:41:45,4065.0,51180
2021-06-18 09:41:46,4065.0,51180
2021-06-18 09:41:47,4065.0,51180
2021-06-18 09:41:48,4065.0,51180
2021-06-18 09:41:49,4065.0,51180
2021-06-18 09:41:50,4065.3,51183
2021-06-18 09:41:51,4065.3,51183
2021-06-18 09:41:52,4065.3,51183
2021-06-18 09:41:53,4065.3,51183
2021-06-18 09:41:54,4065.3,51183
2021-06-18 09:41:56,4065.0,51210
2021-06-18 09:41:57,4065.0,51210
2021-06-18 09:42:00,4065.0,51210
2021-06-18 09:42:00,4065.0,51210
2021-06-18 09:42:01,4065.0,51210
2021-06-18 09:42:02,4065.0,51210
2021-06-18 09:42:03,4065.0,51210
2021-06-18 09:42:04,4065.0,51226
2021-06-18 09:42:08,4065.0,51226
2021-06-18 09:42:09,4065.0,51226
2021-06-18 09:42:10,4065.0,51226
2021-06-18 09:42:11,4065.0,51226
2021-06-18 09:42:12,4065.0,51226
2021-06-18 09:42:13,4065.0,51226
2021-06-18 09:42:14,4065.0,51226
2021-06-18 09:42:15,4065.0,51227
2021-06-18 09:42:17,4065.0,51227
2021-06-18 09:42:18,4065.0,51227
2021-06-18 09:42:19,4065.0,51248
2021-06-18 09:42:20,4065.0,51248
2021-06-18 09:42:21,4065.0,51323
2021-06-18 09:42:22,4065.0,51323
2021-06-18 09:42:23,4065.0,51323
2021-06-18 09:42:24,4065.0,51323
2021-06-18 09:42:25,4065.1,51333
2021-06-18 09:42:26,4065.1,51333
2021-06-18 09:42:27,4062.65,51343
2021-06-18 09:42:28,4062.65,51343
2021-06-18 09:42:29,4065.05,51344
2021-06-18 09:42:30,4064.15,51354
2021-06-18 09:42:31,4064.15,51354
2021-06-18 09:42:32,4064.15,51354
2021-06-18 09:42:33,4064.15,51355
2021-06-18 09:42:34,4064.15,51360
2021-06-18 09:42:35,4064.15,51360
2021-06-18 09:42:36,4064.15,51370
2021-06-18 09:42:37,4064.15,51370
2021-06-18 09:42:38,4064.15,51370
2021-06-18 09:42:39,4062.65,51373
2021-06-18 09:42:41,4062.65,51373
2021-06-18 09:42:42,4062.65,51373
2021-06-18 09:42:43,4062.65,51373
2021-06-18 09:42:44,4062.65,51373
2021-06-18 09:42:45,4062.65,51373
2021-06-18 09:42:46,4062.65,51373
2021-06-18 09:42:47,4062.65,51387
2021-06-18 09:42:48,4062.65,51387
2021-06-18 09:42:49,4062.65,51387
2021-06-18 09:42:52,4063.4,51388
2021-06-18 09:42:56,4063.4,51417
2021-06-18 09:43:00,4063.4,51417
2021-06-18 09:43:08,4061.0,51431
2021-06-18 09:43:12,4061.0,51431
2021-06-18 09:43:16,4061.0,51447
2021-06-18 09:43:21,4062.6,51448
2021-06-18 09:43:24,4062.6,51448
2021-06-18 09:43:28,4062.0,51460
2021-06-18 09:43:32,4062.0,51534
2021-06-18 09:43:40,4061.0,51592
2021-06-18 09:43:44,4062.0,51607
2021-06-18 09:43:48,4061.5,51655
2021-06-18 09:43:52,4060.0,51920
2021-06-18 09:43:56,4061.05,51921
2021-06-18 09:44:00,4060.8,51922
2021-06-18 09:44:04,4059.0,51973
2021-06-18 09:44:08,4060.0,52075
2021-06-18 09:44:12,4058.9,52159
2021-06-18 09:44:16,4057.55,52227
2021-06-18 09:44:20,4056.35,52286
2021-06-18 09:44:24,4058.8,52293
2021-06-18 09:44:28,4058.75,52306
2021-06-18 09:44:33,4056.55,52358
2021-06-18 09:44:37,4056.55,52358
2021-06-18 09:44:41,4056.35,52359
2021-06-18 09:44:45,4058.65,52364
2021-06-18 09:44:49,4058.65,52364
2021-06-18 09:44:53,4057.0,52387
2021-06-18 09:44:57,4057.0,52392
2021-06-18 09:45:02,4057.0,52444
2021-06-18 09:45:06,4057.5,52501
2021-06-18 09:45:10,4057.5,52501
2021-06-18 09:45:14,4056.95,52526
2021-06-18 09:45:18,4057.5,52540
2021-06-18 09:45:22,4057.5,52567
2021-06-18 09:45:26,4057.5,52570
2021-06-18 09:45:30,4058.9,52622
2021-06-18 09:45:35,4061.2,53194
2021-06-18 09:45:39,4058.7,53208
2021-06-18 09:45:43,4061.0,53282
2021-06-18 09:45:47,4061.35,53284
2021-06-18 09:45:51,4062.7,53494
2021-06-18 09:45:55,4062.7,53494
2021-06-18 09:46:00,4062.3,53526
2021-06-18 09:46:04,4057.7,53782
2021-06-18 09:46:08,4057.3,53798
2021-06-18 09:46:13,4060.2,53827
2021-06-18 09:46:17,4060.2,53827
2021-06-18 09:46:21,4058.25,53933
2021-06-18 09:46:25,4062.8,53983
2021-06-18 09:46:29,4062.8,53983
2021-06-18 09:46:33,4062.8,53983
2021-06-18 09:46:37,4060.25,53996
2021-06-18 09:46:40,4061.05,54026
2021-06-18 09:46:44,4060.6,54028
2021-06-18 09:46:48,4058.3,54063
2021-06-18 09:46:52,4058.3,54063
2021-06-18 09:46:56,4060.15,54093
2021-06-18 09:47:00,4060.05,54114
2021-06-18 09:47:04,4060.05,54121
2021-06-18 09:47:08,4060.05,54122
2021-06-18 09:47:12,4060.05,54141
2021-06-18 09:47:16,4060.15,54149
2021-06-18 09:47:20,4060.2,54209
2021-06-18 09:47:25,4060.2,54209
2021-06-18 09:47:29,4060.2,54209
2021-06-18 09:47:32,4060.0,54210
2021-06-18 09:47:36,4060.0,54213
2021-06-18 09:47:40,4060.6,54332
2021-06-18 09:47:44,4060.4,54341
2021-06-18 09:47:48,4061.95,54391
2021-06-18 09:47:51,4060.95,54418
2021-06-18 09:47:52,4059.7,54419
2021-06-18 09:47:53,4059.7,54419
2021-06-18 09:47:54,4059.7,54424
2021-06-18 09:47:55,4059.7,54424
2021-06-18 09:47:56,4059.7,54424
2021-06-18 09:47:57,4059.7,54424
2021-06-18 09:47:58,4059.7,54424
2021-06-18 09:47:59,4059.7,54424
2021-06-18 09:48:00,4059.7,54449
2021-06-18 09:48:00,4059.7,54449
2021-06-18 09:48:01,4059.7,54449
2021-06-18 09:48:03,4061.95,54499
2021-06-18 09:48:05,4061.95,54499
2021-06-18 09:48:06,4059.7,54522
2021-06-18 09:48:07,4059.6,54533
2021-06-18 09:48:08,4059.6,54533
2021-06-18 09:48:09,4058.3,54567
2021-06-18 09:48:10,4057.5,54596
2021-06-18 09:48:11,4059.65,54670
2021-06-18 09:48:11,4059.65,54670
2021-06-18 09:48:12,4057.5,54675
2021-06-18 09:48:13,4057.5,54675
2021-06-18 09:48:15,4057.5,54675
2021-06-18 09:48:16,4052.75,55005
2021-06-18 09:48:17,4052.75,55005
2021-06-18 09:48:18,4055.65,55016
2021-06-18 09:48:19,4055.7,55017
2021-06-18 09:48:20,4056.05,55136
2021-06-18 09:48:20,4056.05,55136
2021-06-18 09:48:22,4056.05,55136
2021-06-18 09:48:23,4056.05,55136
2021-06-18 09:48:24,4055.95,55153
2021-06-18 09:48:25,4055.95,55153
2021-06-18 09:48:26,4055.95,55153
2021-06-18 09:48:27,4056.0,55186
2021-06-18 09:48:27,4056.0,55186
2021-06-18 09:48:28,4056.0,55186
2021-06-18 09:48:29,4056.0,55186
2021-06-18 09:48:32,4055.0,55226
2021-06-18 09:48:33,4055.0,55226
2021-06-18 09:48:34,4055.0,55241
2021-06-18 09:48:35,4055.0,55241
2021-06-18 09:48:36,4056.4,55486
2021-06-18 09:48:37,4055.9,55496
2021-06-18 09:48:37,4055.9,55496
2021-06-18 09:48:40,4055.9,55496
2021-06-18 09:48:41,4056.0,55497
2021-06-18 09:48:43,4056.0,55497
2021-06-18 09:48:44,4056.0,55497
2021-06-18 09:48:45,4058.35,55546
2021-06-18 09:48:46,4058.35,55546
2021-06-18 09:48:47,4056.0,55556
2021-06-18 09:48:48,4056.0,55556
2021-06-18 09:48:49,4056.0,55556
2021-06-18 09:48:50,4056.0,55556
2021-06-18 09:48:51,4058.3,55557
2021-06-18 09:48:52,4058.45,55577
2021-06-18 09:48:52,4058.45,55577
2021-06-18 09:48:54,4058.45,55577
2021-06-18 09:48:55,4058.45,55577
2021-06-18 09:48:56,4058.45,55577
2021-06-18 09:48:58,4058.45,55577
2021-06-18 09:48:59,4058.4,55580
2021-06-18 09:49:00,4058.4,55580
2021-06-18 09:49:01,4058.4,55580
2021-06-18 09:49:01,4058.4,55580
2021-06-18 09:49:02,4058.4,55580
2021-06-18 09:49:03,4058.4,55580
2021-06-18 09:49:04,4058.4,55580
2021-06-18 09:49:05,4058.45,55590
2021-06-18 09:49:07,4058.4,55591
2021-06-18 09:49:08,4058.4,55600
2021-06-18 09:49:09,4058.4,55605
2021-06-18 09:49:10,4058.4,55607
2021-06-18 09:49:13,4058.35,55610
2021-06-18 09:49:14,4058.4,55611
2021-06-18 09:49:15,4058.4,55611
2021-06-18 09:49:16,4058.4,55611
2021-06-18 09:49:16,4058.4,55611
2021-06-18 09:49:20,4058.4,55611
2021-06-18 09:49:21,4058.4,55611
2021-06-18 09:49:22,4058.4,55611
2021-06-18 09:49:23,4058.4,55611
2021-06-18 09:49:24,4058.4,55611
2021-06-18 09:49:25,4058.4,55664
2021-06-18 09:49:26,4058.4,55664
2021-06-18 09:49:26,4058.4,55664
2021-06-18 09:49:28,4058.4,55664
2021-06-18 09:49:29,4058.4,55664
2021-06-18 09:49:30,4058.4,55664
2021-06-18 09:49:31,4058.4,55664
2021-06-18 09:49:32,4058.4,55664
2021-06-18 09:49:33,4058.4,55667
2021-06-18 09:49:33,4058.4,55667
2021-06-18 09:49:35,4058.75,55702
2021-06-18 09:49:36,4061.25,55752
2021-06-18 09:49:36,4064.45,55762
2021-06-18 09:49:37,4064.45,55762
2021-06-18 09:49:38,4061.1,55914
2021-06-18 09:49:39,4058.4,55915
2021-06-18 09:49:41,4058.3,55931
2021-06-18 09:49:41,4058.3,55934
2021-06-18 09:49:42,4058.3,55955
2021-06-18 09:49:44,4058.3,55955
2021-06-18 09:49:44,4058.3,55959
2021-06-18 09:49:46,4058.3,55963
2021-06-18 09:49:47,4057.3,55967
2021-06-18 09:49:47,4057.3,55967
2021-06-18 09:49:48,4058.7,55983
2021-06-18 09:49:50,4058.7,55983
2021-06-18 09:49:51,4058.7,55983
2021-06-18 09:49:52,4060.0,56008
2021-06-18 09:49:53,4060.0,56008
2021-06-18 09:49:54,4057.75,56010
2021-06-18 09:49:55,4057.75,56020
2021-06-18 09:49:55,4057.75,56020
2021-06-18 09:49:56,4057.75,56020
2021-06-18 09:49:57,4057.75,56020
2021-06-18 09:49:58,4057.75,56020
2021-06-18 09:49:59,4057.75,56020
2021-06-18 09:50:00,4057.75,56020
2021-06-18 09:50:02,4057.75,56020
2021-06-18 09:50:03,4057.25,56033
2021-06-18 09:50:03,4057.25,56033
2021-06-18 09:50:04,4057.25,56033
2021-06-18 09:50:05,4057.25,56033
2021-06-18 09:50:06,4057.25,56033
2021-06-18 09:50:08,4057.25,56033
2021-06-18 09:50:09,4057.25,56033
2021-06-18 09:50:10,4057.25,56033
2021-06-18 09:50:11,4057.25,56033
2021-06-18 09:50:12,4057.25,56033
2021-06-18 09:50:13,4057.25,56033
2021-06-18 09:50:16,4057.25,56033
2021-06-18 09:50:17,4057.25,56033
2021-06-18 09:50:18,4059.4,56034
2021-06-18 09:50:20,4059.4,56036
2021-06-18 09:50:21,4059.4,56198
2021-06-18 09:50:22,4059.4,56212
2021-06-18 09:50:23,4059.55,56229
2021-06-18 09:50:24,4059.55,56229
2021-06-18 09:50:25,4059.55,56229
2021-06-18 09:50:26,4059.55,56229
2021-06-18 09:50:27,4059.55,56229
2021-06-18 09:50:28,4061.85,56296
2021-06-18 09:50:29,4062.85,56305
2021-06-18 09:50:30,4063.0,56308
2021-06-18 09:50:31,4063.0,56308
2021-06-18 09:50:32,4063.0,56308
2021-06-18 09:50:33,4062.65,56311
2021-06-18 09:50:34,4062.65,56311
2021-06-18 09:50:35,4062.65,56311
2021-06-18 09:50:36,4062.65,56311
2021-06-18 09:50:37,4062.5,56313
2021-06-18 09:50:38,4062.8,56315
2021-06-18 09:50:39,4062.8,56317
2021-06-18 09:50:40,4062.8,56317
2021-06-18 09:50:41,4062.65,56319
2021-06-18 09:50:42,4062.65,56321
2021-06-18 09:50:43,4062.65,56321
2021-06-18 09:50:44,4062.65,56326
2021-06-18 09:50:45,4062.7,56333
2021-06-18 09:50:46,4062.7,56333
2021-06-18 09:50:47,4062.7,56335
2021-06-18 09:50:50,4062.7,56340
2021-06-18 09:50:51,4062.7,56340
2021-06-18 09:50:53,4062.7,56341
2021-06-18 09:50:54,4062.7,56341
2021-06-18 09:50:55,4062.7,56341
2021-06-18 09:50:56,4062.7,56341
2021-06-18 09:50:58,4062.65,56351
2021-06-18 09:50:59,4062.65,56351
2021-06-18 09:51:00,4062.7,56353
2021-06-18 09:51:01,4062.7,56354
2021-06-18 09:51:02,4062.7,56354
2021-06-18 09:51:03,4062.7,56354
2021-06-18 09:51:04,4064.65,56554
2021-06-18 09:51:05,4064.65,56554
2021-06-18 09:51:06,4064.7,56560
2021-06-18 09:51:07,4064.7,56560
2021-06-18 09:51:08,4064.7,56561
2021-06-18 09:51:09,4064.7,56561
2021-06-18 09:51:10,4064.7,56561
2021-06-18 09:51:11,4064.7,56561
2021-06-18 09:51:12,4064.6,56562
2021-06-18 09:51:13,4064.5,56575
2021-06-18 09:51:14,4064.5,56575
2021-06-18 09:51:15,4064.5,56575
2021-06-18 09:51:16,4064.5,56575
2021-06-18 09:51:17,4063.0,56578
2021-06-18 09:51:18,4063.0,56578
2021-06-18 09:51:19,4063.0,56583
2021-06-18 09:51:20,4064.4,56585
2021-06-18 09:51:21,4064.4,56587
2021-06-18 09:51:23,4064.4,56587
2021-06-18 09:51:24,4064.4,56587
2021-06-18 09:51:25,4064.4,56587
2021-06-18 09:51:26,4063.0,56590
2021-06-18 09:51:27,4063.0,56590
2021-06-18 09:51:28,4063.0,56614
2021-06-18 09:51:29,4063.0,56655
2021-06-18 09:51:31,4063.0,56655
2021-06-18 09:51:30,4063.0,56655
2021-06-18 09:51:32,4063.0,56655
2021-06-18 09:51:33,4062.0,56705
2021-06-18 09:51:35,4064.55,56755
2021-06-18 09:51:36,4064.55,56755
2021-06-18 09:51:37,4064.55,56755
2021-06-18 09:51:38,4064.55,56755
2021-06-18 09:51:39,4064.55,56755
2021-06-18 09:51:40,4064.55,56755
2021-06-18 09:51:41,4064.55,56755
2021-06-18 09:51:42,4064.55,56755
2021-06-18 09:51:43,4064.55,56755
2021-06-18 09:51:44,4062.9,56775
2021-06-18 09:51:45,4062.9,56775
2021-06-18 09:51:46,4062.9,56775
2021-06-18 09:51:47,4062.9,56775
2021-06-18 09:51:48,4062.9,56775
2021-06-18 09:51:49,4062.9,56775
2021-06-18 09:51:50,4062.9,56775
2021-06-18 09:51:51,4062.9,56775
2021-06-18 09:51:52,4063.0,56777
2021-06-18 09:51:53,4063.0,56777
2021-06-18 09:51:54,4063.0,56777
2021-06-18 09:51:55,4063.0,56777
2021-06-18 09:51:56,4063.0,56777
2021-06-18 09:51:57,4063.0,56777
2021-06-18 09:51:58,4062.0,56784
2021-06-18 09:51:59,4062.0,56794
2021-06-18 09:52:00,4063.0,56795
2021-06-18 09:52:01,4063.0,56827
2021-06-18 09:52:02,4063.0,56827
2021-06-18 09:52:03,4063.0,56827
2021-06-18 09:52:04,4063.0,56827
2021-06-18 09:52:05,4063.0,56827
2021-06-18 09:52:06,4063.0,56827
2021-06-18 09:52:07,4063.0,56827
2021-06-18 09:52:08,4063.0,56827
2021-06-18 09:52:09,4063.0,56828
2021-06-18 09:52:10,4063.0,56828
2021-06-18 09:52:11,4062.0,56836
2021-06-18 09:52:12,4062.0,56836
2021-06-18 09:52:13,4062.0,56836
2021-06-18 09:52:14,4062.0,56836
2021-06-18 09:52:15,4062.0,56836
2021-06-18 09:52:16,4062.0,56836
2021-06-18 09:52:17,4062.0,56836
2021-06-18 09:52:18,4062.0,56836
2021-06-18 09:52:19,4062.0,56836
2021-06-18 09:52:20,4060.4,56884
2021-06-18 09:52:21,4060.4,56884
2021-06-18 09:52:22,4060.4,56884
2021-06-18 09:52:23,4060.4,56884
2021-06-18 09:52:24,4060.4,56884
2021-06-18 09:52:25,4060.4,56884
2021-06-18 09:52:26,4062.7,56894
2021-06-18 09:52:27,4062.7,56894
2021-06-18 09:52:28,4062.7,56894
2021-06-18 09:52:29,4062.7,56894
2021-06-18 09:52:30,4062.7,56894
2021-06-18 09:52:31,4062.7,56894
2021-06-18 09:52:34,4062.7,56894
2021-06-18 09:52:35,4062.7,56894
2021-06-18 09:52:36,4062.7,56894
2021-06-18 09:52:37,4062.7,56894
2021-06-18 09:52:38,4062.7,56894
2021-06-18 09:52:39,4062.7,56894
2021-06-18 09:52:40,4062.7,56895
2021-06-18 09:52:42,4060.0,56905
2021-06-18 09:52:44,4061.85,56906
2021-06-18 09:52:45,4060.0,56922
2021-06-18 09:52:46,4060.0,56922
2021-06-18 09:52:49,4060.0,56922
2021-06-18 09:52:52,4057.8,56947
2021-06-18 09:52:55,4060.25,57166
2021-06-18 09:52:59,4058.15,57271
2021-06-18 09:53:04,4057.75,57279
2021-06-18 09:53:08,4059.6,57291
2021-06-18 09:53:12,4057.75,57352
2021-06-18 09:53:20,4053.05,57533
2021-06-18 09:53:24,4052.6,57552
2021-06-18 09:53:29,4053.0,57556
2021-06-18 09:53:33,4054.45,57560
2021-06-18 09:53:36,4053.0,57589
2021-06-18 09:53:40,4052.6,57604
2021-06-18 09:53:44,4052.25,57652
2021-06-18 09:53:48,4052.2,57664
2021-06-18 09:53:52,4050.4,57962
2021-06-18 09:53:57,4050.4,57978
2021-06-18 09:54:01,4052.25,58158
2021-06-18 09:54:05,4050.05,58235
2021-06-18 09:54:09,4050.0,58373
2021-06-18 09:54:13,4050.05,58429
2021-06-18 09:54:17,4050.4,58542
2021-06-18 09:54:21,4051.95,58550
2021-06-18 09:54:25,4052.0,58577
2021-06-18 09:54:29,4052.35,58606
2021-06-18 09:54:33,4052.75,58623
2021-06-18 09:54:37,4054.0,58624
2021-06-18 09:54:41,4052.75,58644
2021-06-18 09:54:45,4052.75,58644
2021-06-18 09:54:49,4054.4,58711
2021-06-18 09:54:52,4053.95,58717
2021-06-18 09:54:56,4053.95,58717
2021-06-18 09:55:00,4053.85,58725
2021-06-18 09:55:09,4052.65,58732
2021-06-18 09:55:13,4053.75,58805
2021-06-18 09:55:17,4053.8,58837
2021-06-18 09:55:21,4052.0,58879
2021-06-18 09:55:25,4052.3,58911
2021-06-18 09:55:29,4053.35,58943
2021-06-18 09:55:33,4053.0,58944
2021-06-18 09:55:37,4053.35,58953
2021-06-18 09:55:41,4053.0,59004
2021-06-18 09:55:45,4053.0,59017
2021-06-18 09:55:49,4052.5,59254
2021-06-18 09:55:53,4052.3,59256
2021-06-18 09:55:57,4052.3,59256
2021-06-18 09:56:01,4050.45,59295
2021-06-18 09:56:05,4050.45,59295
2021-06-18 09:56:09,4050.4,59300
2021-06-18 09:56:13,4050.4,59360
2021-06-18 09:56:17,4049.75,59875
2021-06-18 09:56:21,4049.6,59881
2021-06-18 09:56:25,4048.45,60016
2021-06-18 09:56:29,4047.1,60166
2021-06-18 09:56:33,4047.25,60253
2021-06-18 09:56:38,4047.0,60324
2021-06-18 09:56:42,4047.0,60324
2021-06-18 09:56:46,4047.5,60326
2021-06-18 09:56:51,4047.9,60381
2021-06-18 09:56:55,4048.0,60481
2021-06-18 09:56:59,4048.0,60491
2021-06-18 09:57:03,4047.25,60495
2021-06-18 09:57:07,4047.35,60557
2021-06-18 09:57:11,4047.35,60557
2021-06-18 09:57:19,4041.95,61552
2021-06-18 09:57:23,4041.95,61552
2021-06-18 09:57:28,4040.35,61661
2021-06-18 09:57:32,4042.5,61683
2021-06-18 09:57:36,4040.4,61686
2021-06-18 09:57:40,4042.05,61727
2021-06-18 09:57:45,4041.0,61878
2021-06-18 09:57:49,4040.4,61988
2021-06-18 09:57:53,4042.45,62008
2021-06-18 09:57:58,4041.0,62014
2021-06-18 09:58:02,4040.1,62328
2021-06-18 09:58:06,4041.0,62403
2021-06-18 09:58:11,4039.05,62422
2021-06-18 09:58:15,4045.8,62918
2021-06-18 09:58:19,4043.7,62936
2021-06-18 09:58:23,4043.5,63136
2021-06-18 09:58:28,4046.6,63221
2021-06-18 09:58:32,4045.0,63261
2021-06-18 09:58:36,4048.0,63379
2021-06-18 09:58:40,4047.0,63447
2021-06-18 09:58:45,4046.5,63475
2021-06-18 09:58:49,4046.5,63476
2021-06-18 09:58:54,4048.4,63516
2021-06-18 09:58:58,4047.0,63518
2021-06-18 09:59:03,4047.25,63617
2021-06-18 09:59:07,4049.65,63618
2021-06-18 09:59:11,4049.65,63618
2021-06-18 09:59:16,4049.0,63623
2021-06-18 09:59:20,4049.65,63625
2021-06-18 09:59:29,4049.9,63680
2021-06-18 09:59:34,4049.9,63680
2021-06-18 09:59:38,4049.65,63682
2021-06-18 09:59:42,4049.55,63763
2021-06-18 09:59:47,4049.65,63770
2021-06-18 09:59:51,4052.0,64326
2021-06-18 09:59:55,4054.8,64528
2021-06-18 10:00:00,4054.3,64698
2021-06-18 10:00:04,4053.05,64703
2021-06-18 10:00:08,4054.3,64756
2021-06-18 10:00:12,4056.4,64937
2021-06-18 10:00:17,4053.65,64939
2021-06-18 10:00:21,4052.9,65026
2021-06-18 10:00:26,4052.8,65044
2021-06-18 10:00:30,4052.8,65044
2021-06-18 10:00:34,4052.8,65045
2021-06-18 10:00:39,4051.35,65072
2021-06-18 10:00:43,4049.25,65186
2021-06-18 10:00:48,4048.0,65316
2021-06-18 10:00:52,4048.0,65316
2021-06-18 10:00:57,4050.1,65326
2021-06-18 10:01:01,4050.1,65326
2021-06-18 10:01:05,4047.8,65327
2021-06-18 10:01:10,4047.8,65327
2021-06-18 10:01:14,4050.65,65331
2021-06-18 10:01:18,4050.65,65331
2021-06-18 10:01:22,4048.25,65336
2021-06-18 10:01:26,4048.15,65381
2021-06-18 10:01:30,4048.5,65538
2021-06-18 10:01:35,4048.5,65538
2021-06-18 10:01:39,4048.2,65581
2021-06-18 10:01:43,4048.25,65590
2021-06-18 10:01:47,4048.2,65619
2021-06-18 10:01:51,4048.2,65619
2021-06-18 10:01:55,4048.2,65921
2021-06-18 10:01:59,4048.0,65927
2021-06-18 10:02:03,4046.5,65935
2021-06-18 10:02:07,4046.5,65939
2021-06-18 10:02:11,4046.5,65939
2021-06-18 10:02:15,4047.95,66015
2021-06-18 10:02:19,4045.8,66139
2021-06-18 10:02:23,4045.8,66139
2021-06-18 10:02:28,4046.45,66145
2021-06-18 10:02:32,4046.45,66146
2021-06-18 10:02:36,4044.0,66251
2021-06-18 10:02:40,4045.8,66269
2021-06-18 10:02:45,4051.2,66646
2021-06-18 10:02:49,4051.15,66661
2021-06-18 10:02:50,4051.15,66661
2021-06-18 10:02:51,4051.25,66671
2021-06-18 10:02:52,4052.8,66698
2021-06-18 10:02:53,4052.9,66699
2021-06-18 10:02:54,4052.9,66699
2021-06-18 10:02:55,4052.9,66699
2021-06-18 10:02:56,4052.9,66699
2021-06-18 10:02:57,4053.4,66703
2021-06-18 10:02:58,4054.85,66712
2021-06-18 10:02:59,4053.4,66714
2021-06-18 10:03:00,4053.4,66714
2021-06-18 10:03:01,4053.4,66714
2021-06-18 10:03:03,4053.4,66714
2021-06-18 10:03:04,4053.3,66745
2021-06-18 10:03:05,4053.3,66751
2021-06-18 10:03:06,4053.3,66751
2021-06-18 10:03:07,4053.3,66751
2021-06-18 10:03:08,4054.6,66754
2021-06-18 10:03:09,4054.6,66754
2021-06-18 10:03:10,4054.6,66754
2021-06-18 10:03:11,4054.6,66754
2021-06-18 10:03:12,4054.6,66754
2021-06-18 10:03:13,4056.0,66866
2021-06-18 10:03:14,4055.45,66867
2021-06-18 10:03:15,4055.45,66867
2021-06-18 10:03:17,4055.45,66867
2021-06-18 10:03:18,4055.45,66867
2021-06-18 10:03:18,4057.4,66892
2021-06-18 10:03:19,4057.4,66892
2021-06-18 10:03:20,4057.4,66892
2021-06-18 10:03:21,4057.4,66892
2021-06-18 10:03:22,4057.4,66892
2021-06-18 10:03:23,4057.4,66892
2021-06-18 10:03:26,4059.6,67192
2021-06-18 10:03:27,4059.6,67192
2021-06-18 10:03:28,4059.6,67192
2021-06-18 10:03:35,4059.0,67321
2021-06-18 10:03:36,4059.0,67321
2021-06-18 10:03:37,4059.0,67321
2021-06-18 10:03:39,4059.0,67353
2021-06-18 10:03:40,4059.0,67353
2021-06-18 10:03:41,4059.4,67357
2021-06-18 10:03:42,4059.4,67368
2021-06-18 10:03:43,4059.0,67369
2021-06-18 10:03:44,4058.15,67373
2021-06-18 10:03:45,4058.15,67373
2021-06-18 10:03:46,4058.15,67373
2021-06-18 10:03:47,4060.0,67376
2021-06-18 10:03:49,4062.0,67535
2021-06-18 10:03:49,4062.0,67535
2021-06-18 10:03:50,4062.0,67535
2021-06-18 10:03:51,4059.6,67547
2021-06-18 10:03:52,4059.6,67547
2021-06-18 10:03:53,4059.6,67547
2021-06-18 10:03:55,4062.0,67552
2021-06-18 10:03:56,4062.0,67555
2021-06-18 10:03:57,4060.0,67557
2021-06-18 10:03:58,4060.0,67557
2021-06-18 10:03:59,4062.0,67576
2021-06-18 10:03:59,4062.0,67576
2021-06-18 10:04:00,4061.95,67582
2021-06-18 10:04:01,4061.95,67582
2021-06-18 10:04:02,4061.95,67582
2021-06-18 10:04:03,4061.95,67582
2021-06-18 10:04:04,4061.95,67582
2021-06-18 10:04:05,4061.95,67582
2021-06-18 10:04:06,4059.75,67594
2021-06-18 10:04:07,4062.65,67810
2021-06-18 10:04:08,4062.65,67810
2021-06-18 10:04:09,4060.2,67817
2021-06-18 10:04:10,4060.2,67817
2021-06-18 10:04:11,4060.2,67817
2021-06-18 10:04:12,4062.7,67825
2021-06-18 10:04:13,4062.7,67825
2021-06-18 10:04:15,4062.7,67825
2021-06-18 10:04:16,4062.7,67825
2021-06-18 10:04:17,4062.6,67832
2021-06-18 10:04:18,4062.6,67832
2021-06-18 10:04:19,4062.6,67832
2021-06-18 10:04:20,4060.4,67847
2021-06-18 10:04:21,4060.4,67847
2021-06-18 10:04:21,4060.4,67847
2021-06-18 10:04:23,4062.55,67848
2021-06-18 10:04:24,4063.5,67951
2021-06-18 10:04:25,4060.55,67970
2021-06-18 10:04:26,4060.65,67971
2021-06-18 10:04:27,4060.65,67971
2021-06-18 10:04:28,4062.5,67975
2021-06-18 10:04:28,4062.5,67975
2021-06-18 10:04:29,4061.95,67980
2021-06-18 10:04:31,4061.95,67980
2021-06-18 10:04:31,4061.95,67980
2021-06-18 10:04:32,4061.95,67980
2021-06-18 10:04:33,4061.95,68092
2021-06-18 10:04:35,4062.5,68099
2021-06-18 10:04:35,4062.5,68099
2021-06-18 10:04:36,4062.5,68099
2021-06-18 10:04:38,4062.5,68099
2021-06-18 10:04:39,4062.5,68099
2021-06-18 10:04:40,4062.5,68099
2021-06-18 10:04:41,4062.5,68109
2021-06-18 10:04:42,4062.5,68109
2021-06-18 10:04:43,4062.5,68109
2021-06-18 10:04:44,4062.5,68109
2021-06-18 10:04:45,4062.5,68109
2021-06-18 10:04:46,4062.5,68109
2021-06-18 10:04:47,4063.8,68114
2021-06-18 10:04:48,4063.8,68114
2021-06-18 10:04:48,4063.8,68114
2021-06-18 10:04:50,4062.5,68129
2021-06-18 10:04:51,4062.5,68129
2021-06-18 10:04:52,4062.5,68129
2021-06-18 10:04:53,4062.5,68129
2021-06-18 10:04:54,4063.75,68169
2021-06-18 10:04:55,4063.75,68169
2021-06-18 10:04:56,4063.75,68189
2021-06-18 10:04:57,4063.65,68255
2021-06-18 10:04:58,4063.8,68258
2021-06-18 10:05:00,4063.8,68258
2021-06-18 10:05:01,4062.4,68311
2021-06-18 10:05:02,4063.65,68337
2021-06-18 10:05:03,4063.65,68337
2021-06-18 10:05:04,4063.65,68337
2021-06-18 10:05:04,4063.65,68337
2021-06-18 10:05:05,4063.75,68362
2021-06-18 10:05:06,4063.75,68362
2021-06-18 10:05:07,4063.75,68362
2021-06-18 10:05:08,4063.75,68362
2021-06-18 10:05:10,4063.75,68362
2021-06-18 10:05:11,4068.0,68846
2021-06-18 10:05:12,4064.15,68849
2021-06-18 10:05:13,4064.15,68849
2021-06-18 10:05:14,4064.15,68849
2021-06-18 10:05:16,4064.15,68849
2021-06-18 10:05:17,4064.15,68849
2021-06-18 10:05:18,4064.15,68849
2021-06-18 10:05:19,4064.15,68849
2021-06-18 10:05:20,4068.0,68949
2021-06-18 10:05:21,4068.0,68963
2021-06-18 10:05:22,4068.0,69078
2021-06-18 10:05:23,4068.4,69097
2021-06-18 10:05:24,4068.4,69097
2021-06-18 10:05:25,4068.4,69097
2021-06-18 10:05:26,4068.4,69097
2021-06-18 10:05:27,4068.4,69097
2021-06-18 10:05:28,4069.0,69147
2021-06-18 10:05:29,4069.0,69197
2021-06-18 10:05:30,4069.0,69197
2021-06-18 10:05:30,4069.0,69197
2021-06-18 10:05:31,4069.0,69197
2021-06-18 10:05:32,4069.0,69256
2021-06-18 10:05:33,4069.0,69256
2021-06-18 10:05:34,4069.0,69256
2021-06-18 10:05:36,4069.0,69261
2021-06-18 10:05:39,4069.0,69261
2021-06-18 10:05:39,4069.0,69261
2021-06-18 10:05:40,4067.55,69319
2021-06-18 10:05:42,4071.35,69597
2021-06-18 10:05:44,4071.35,69597
2021-06-18 10:05:45,4071.35,69597
2021-06-18 10:05:46,4071.35,69597
2021-06-18 10:05:47,4071.35,69597
2021-06-18 10:05:48,4069.9,69603
2021-06-18 10:05:49,4069.9,69603
2021-06-18 10:05:50,4071.35,69643
2021-06-18 10:05:51,4069.0,69646
2021-06-18 10:05:52,4069.0,69646
2021-06-18 10:05:53,4069.0,69646
2021-06-18 10:05:55,4069.0,69646
2021-06-18 10:05:56,4069.0,69646
2021-06-18 10:05:57,4069.0,69646
2021-06-18 10:05:58,4069.0,69646
2021-06-18 10:05:59,4069.85,69656
2021-06-18 10:06:00,4069.85,69656
2021-06-18 10:06:02,4071.35,69658
2021-06-18 10:06:03,4071.35,69658
2021-06-18 10:06:04,4070.05,69659
2021-06-18 10:06:05,4070.15,69661
2021-06-18 10:06:05,4070.15,69664
2021-06-18 10:06:06,4070.15,69664
2021-06-18 10:06:07,4069.15,69689
2021-06-18 10:06:08,4069.15,69689
2021-06-18 10:06:09,4069.15,69691
2021-06-18 10:06:11,4069.15,69691
2021-06-18 10:06:12,4071.0,69694
2021-06-18 10:06:13,4071.0,69695
2021-06-18 10:06:14,4071.0,69695
2021-06-18 10:06:15,4071.0,69696
2021-06-18 10:06:17,4071.0,69696
2021-06-18 10:06:18,4070.05,69792
2021-06-18 10:06:19,4069.0,69794
2021-06-18 10:06:20,4069.0,69794
2021-06-18 10:06:21,4069.0,69794
2021-06-18 10:06:22,4069.0,69796
2021-06-18 10:06:23,4069.0,69796
2021-06-18 10:06:24,4070.0,69801
2021-06-18 10:06:25,4069.0,69804
2021-06-18 10:06:26,4069.0,69804
2021-06-18 10:06:27,4070.9,69864
2021-06-18 10:06:28,4070.9,69864
2021-06-18 10:06:29,4070.9,69864
2021-06-18 10:06:31,4070.9,69864
2021-06-18 10:06:32,4070.9,69864
2021-06-18 10:06:34,4069.25,69876
2021-06-18 10:06:35,4069.2,69880
2021-06-18 10:06:36,4069.2,69880
2021-06-18 10:06:38,4069.2,69880
2021-06-18 10:06:39,4069.15,69885
2021-06-18 10:06:40,4069.15,69885
2021-06-18 10:06:41,4068.0,70085
2021-06-18 10:06:47,4068.35,70149
2021-06-18 10:06:48,4068.35,70149
2021-06-18 10:06:49,4068.35,70149
2021-06-18 10:06:50,4068.35,70149
2021-06-18 10:06:51,4069.6,70151
2021-06-18 10:06:52,4069.6,70151
2021-06-18 10:06:53,4070.5,70181
2021-06-18 10:06:54,4070.5,70181
2021-06-18 10:06:55,4070.5,70181
2021-06-18 10:06:56,4070.5,70181
2021-06-18 10:06:57,4070.5,70181
2021-06-18 10:06:59,4070.5,70181
2021-06-18 10:07:00,4070.5,70181
2021-06-18 10:07:01,4070.5,70181
2021-06-18 10:07:01,4070.5,70181
2021-06-18 10:07:03,4070.5,70181
2021-06-18 10:07:04,4070.5,70181
2021-06-18 10:07:05,4070.0,70182
2021-06-18 10:07:06,4070.0,70182
2021-06-18 10:07:07,4068.9,70183
2021-06-18 10:07:07,4068.9,70183
2021-06-18 10:07:08,4068.9,70183
2021-06-18 10:07:09,4068.9,70183
2021-06-18 10:07:10,4069.95,70185
2021-06-18 10:07:11,4069.95,70185
2021-06-18 10:07:13,4070.0,70196
2021-06-18 10:07:15,4070.35,70330
2021-06-18 10:07:16,4069.0,70331
2021-06-18 10:07:17,4069.0,70331
2021-06-18 10:07:18,4069.0,70331
2021-06-18 10:07:18,4069.0,70331
2021-06-18 10:07:20,4069.0,70336
2021-06-18 10:07:21,4069.0,70336
2021-06-18 10:07:22,4070.0,70338
2021-06-18 10:07:24,4070.0,70338
2021-06-18 10:07:25,4069.0,70346
2021-06-18 10:07:26,4069.0,70346
2021-06-18 10:07:27,4069.0,70349
2021-06-18 10:07:28,4069.0,70366
2021-06-18 10:07:29,4069.0,70368
2021-06-18 10:07:30,4069.0,70384
2021-06-18 10:07:31,4069.0,70394
2021-06-18 10:07:32,4070.0,70397
2021-06-18 10:07:33,4070.0,70397
2021-06-18 10:07:34,4068.95,70428
2021-06-18 10:07:35,4068.95,70428
2021-06-18 10:07:36,4068.95,70428
2021-06-18 10:07:37,4069.0,70438
2021-06-18 10:07:38,4068.85,70468
2021-06-18 10:07:39,4068.85,70468
2021-06-18 10:07:40,4068.85,70468
2021-06-18 10:07:41,4068.85,70468
2021-06-18 10:07:42,4068.85,70480
2021-06-18 10:07:43,4068.85,70480
2021-06-18 10:07:44,4069.95,70484
2021-06-18 10:07:45,4069.95,70484
2021-06-18 10:07:46,4069.95,70485
2021-06-18 10:07:47,4069.95,70485
2021-06-18 10:07:48,4068.85,70498
2021-06-18 10:07:49,4068.85,70498
2021-06-18 10:07:58,4071.0,70955
2021-06-18 10:08:02,4071.0,70955
2021-06-18 10:08:07,4074.0,71749
2021-06-18 10:08:11,4078.0,72082
2021-06-18 10:08:15,4079.0,72133
2021-06-18 10:08:19,4077.85,72138
2021-06-18 10:08:23,4077.85,72153
2021-06-18 10:08:28,4077.75,72172
2021-06-18 10:08:32,4077.55,72275
2021-06-18 10:08:36,4077.85,72297
2021-06-18 10:08:40,4078.0,72298
2021-06-18 10:08:44,4078.0,72298
2021-06-18 10:08:48,4077.85,72426
2021-06-18 10:08:52,4076.3,72508
2021-06-18 10:08:57,4075.05,72528
2021-06-18 10:09:01,4077.35,72562
2021-06-18 10:09:05,4073.85,72569
2021-06-18 10:09:09,4075.8,72572
2021-06-18 10:09:13,4076.5,72825
2021-06-18 10:09:17,4078.0,72836
2021-06-18 10:09:21,4076.85,72856
2021-06-18 10:09:25,4078.0,72877
2021-06-18 10:09:29,4078.0,72917
2021-06-18 10:09:33,4078.45,73168
2021-06-18 10:09:37,4078.45,73170
2021-06-18 10:09:41,4078.45,73170
2021-06-18 10:09:44,4077.0,73300
2021-06-18 10:09:48,4077.0,73300
2021-06-18 10:09:52,4077.0,73319
2021-06-18 10:09:56,4077.0,73319
2021-06-18 10:10:00,4076.9,73339
2021-06-18 10:10:08,4076.85,73384
2021-06-18 10:10:12,4074.0,73655
2021-06-18 10:10:15,4075.25,73656
2021-06-18 10:10:19,4075.25,73656
2021-06-18 10:10:22,4075.25,73656
2021-06-18 10:10:26,4072.7,73666
2021-06-18 10:10:30,4072.2,73703
2021-06-18 10:10:34,4072.2,73703
2021-06-18 10:10:38,4071.45,73797
2021-06-18 10:10:42,4071.7,73799
2021-06-18 10:10:46,4071.95,73812
2021-06-18 10:10:50,4070.0,73877
2021-06-18 10:10:54,4069.35,73905
2021-06-18 10:10:58,4070.0,73941
2021-06-18 10:11:03,4070.0,73978
2021-06-18 10:11:07,4068.5,73994
2021-06-18 10:11:11,4069.1,74009
2021-06-18 10:11:15,4067.0,74114
2021-06-18 10:11:19,4066.25,74135
2021-06-18 10:11:23,4068.0,74150
2021-06-18 10:11:26,4066.3,74154
2021-06-18 10:11:30,4066.3,74154
2021-06-18 10:11:34,4068.0,74157
2021-06-18 10:11:38,4066.35,74424
2021-06-18 10:11:42,4070.0,74689
2021-06-18 10:11:46,4070.0,74689
2021-06-18 10:11:50,4069.8,74729
2021-06-18 10:11:54,4069.8,74729
2021-06-18 10:11:58,4070.05,74731
2021-06-18 10:12:02,4072.0,74746
2021-06-18 10:12:06,4070.0,74807
2021-06-18 10:12:09,4071.8,74822
2021-06-18 10:12:13,4071.8,74824
2021-06-18 10:12:21,4074.7,75029
2021-06-18 10:12:25,4072.75,75030
2021-06-18 10:12:29,4072.75,75030
2021-06-18 10:12:33,4072.75,75030
2021-06-18 10:12:36,4074.5,75136
2021-06-18 10:12:41,4074.5,75136
2021-06-18 10:12:45,4074.25,75138
2021-06-18 10:12:48,4074.25,75138
2021-06-18 10:12:49,4072.45,75139
2021-06-18 10:12:50,4071.0,75270
2021-06-18 10:12:51,4071.0,75270
2021-06-18 10:12:52,4071.0,75270
2021-06-18 10:12:55,4071.0,75270
2021-06-18 10:12:56,4071.0,75270
2021-06-18 10:12:57,4073.0,75271
2021-06-18 10:12:58,4073.4,75286
2021-06-18 10:12:59,4070.75,75336
2021-06-18 10:13:00,4070.75,75336
2021-06-18 10:13:01,4070.75,75336
2021-06-18 10:13:02,4072.95,75342
2021-06-18 10:13:03,4074.05,75377
2021-06-18 10:13:04,4074.05,75378
2021-06-18 10:13:05,4074.05,75378
2021-06-18 10:13:08,4074.05,75378
2021-06-18 10:13:09,4074.0,75388
2021-06-18 10:13:10,4074.0,75388
2021-06-18 10:13:11,4074.0,75388
2021-06-18 10:13:12,4074.0,75388
2021-06-18 10:13:13,4073.0,75391
2021-06-18 10:13:14,4073.0,75391
2021-06-18 10:13:15,4074.0,75392
2021-06-18 10:13:16,4074.0,75392
2021-06-18 10:13:17,4074.0,75392
2021-06-18 10:13:18,4074.0,75392
2021-06-18 10:13:19,4074.0,75392
2021-06-18 10:13:20,4074.0,75392
2021-06-18 10:13:21,4074.0,75392
2021-06-18 10:13:22,4074.0,75412
2021-06-18 10:13:23,4074.0,75412
2021-06-18 10:13:24,4074.0,75412
2021-06-18 10:13:26,4074.0,75412
2021-06-18 10:13:28,4074.0,75412
2021-06-18 10:13:29,4074.0,75412
2021-06-18 10:13:30,4073.0,75421
2021-06-18 10:13:31,4073.0,75421
2021-06-18 10:13:32,4072.9,75448
2021-06-18 10:13:33,4072.9,75448
2021-06-18 10:13:34,4072.9,75448
2021-06-18 10:13:35,4072.9,75448
2021-06-18 10:13:36,4073.0,75456
2021-06-18 10:13:37,4074.0,75556
2021-06-18 10:13:38,4074.0,75556
2021-06-18 10:13:40,4074.0,75556
2021-06-18 10:13:41,4074.0,75556
2021-06-18 10:13:42,4074.0,75556
2021-06-18 10:13:43,4074.0,75761
2021-06-18 10:13:44,4074.0,75766
2021-06-18 10:13:45,4074.0,75766
2021-06-18 10:13:46,4074.0,75769
2021-06-18 10:13:47,4074.0,75779
2021-06-18 10:13:48,4074.0,75784
2021-06-18 10:13:49,4074.0,75802
2021-06-18 10:13:50,4074.0,75802
2021-06-18 10:13:51,4074.85,75808
2021-06-18 10:13:53,4074.85,75808
2021-06-18 10:13:54,4074.85,75808
2021-06-18 10:13:55,4074.85,75808
2021-06-18 10:13:57,4074.85,75808
2021-06-18 10:13:58,4074.0,75928
2021-06-18 10:13:59,4074.0,75928
2021-06-18 10:13:59,4074.0,75928
2021-06-18 10:14:00,4074.0,75928
2021-06-18 10:14:01,4077.4,76230
2021-06-18 10:14:02,4077.4,76230
2021-06-18 10:14:03,4077.4,76257
2021-06-18 10:14:05,4077.5,76264
2021-06-18 10:14:07,4075.1,76275
2021-06-18 10:14:07,4075.1,76275
2021-06-18 10:14:08,4075.1,76275
2021-06-18 10:14:09,4075.1,76275
2021-06-18 10:14:10,4075.1,76275
2021-06-18 10:14:11,4076.8,76307
2021-06-18 10:14:12,4076.8,76307
2021-06-18 10:14:13,4076.8,76307
2021-06-18 10:14:14,4076.8,76307
2021-06-18 10:14:15,4075.1,76308
2021-06-18 10:14:16,4075.1,76308
2021-06-18 10:14:17,4075.1,76308
2021-06-18 10:14:18,4074.0,76334
2021-06-18 10:14:19,4075.1,76335
2021-06-18 10:14:20,4075.1,76336
2021-06-18 10:14:21,4075.1,76336
2021-06-18 10:14:22,4075.1,76336
2021-06-18 10:14:23,4075.1,76336
2021-06-18 10:14:25,4075.1,76336
2021-06-18 10:14:25,4075.1,76337
2021-06-18 10:14:28,4075.1,76337
2021-06-18 10:14:29,4075.1,76337
2021-06-18 10:14:29,4075.1,76347
2021-06-18 10:14:30,4075.1,76347
2021-06-18 10:14:31,4075.1,76347
2021-06-18 10:14:32,4075.1,76347
2021-06-18 10:14:33,4075.1,76348
2021-06-18 10:14:34,4074.0,76350
2021-06-18 10:14:35,4073.55,76356
2021-06-18 10:14:36,4075.1,76367
2021-06-18 10:14:37,4075.1,76367
2021-06-18 10:14:38,4074.0,76437
2021-06-18 10:14:39,4075.5,76457
2021-06-18 10:14:40,4075.5,76457
2021-06-18 10:14:41,4075.5,76457
2021-06-18 10:14:42,4074.1,76468
2021-06-18 10:14:43,4074.1,76470
2021-06-18 10:14:44,4074.1,76470
2021-06-18 10:14:46,4075.5,76472
2021-06-18 10:14:47,4074.0,76490
2021-06-18 10:14:48,4075.8,76495
2021-06-18 10:14:49,4075.8,76495
2021-06-18 10:14:50,4075.8,76495
2021-06-18 10:14:51,4075.8,76495
2021-06-18 10:14:52,4076.45,76620
2021-06-18 10:14:53,4076.45,76620
2021-06-18 10:14:54,4076.3,76621
2021-06-18 10:14:55,4076.3,76621
2021-06-18 10:14:56,4076.3,76621
2021-06-18 10:14:57,4076.3,76621
2021-06-18 10:14:59,4076.3,76621
2021-06-18 10:15:00,4075.8,76623
2021-06-18 10:15:01,4076.45,76651
2021-06-18 10:15:02,4076.45,76651
2021-06-18 10:15:03,4076.45,76651
2021-06-18 10:15:04,4076.45,76651
2021-06-18 10:15:05,4076.5,76673
2021-06-18 10:15:06,4076.5,76673
2021-06-18 10:15:07,4076.5,76673
2021-06-18 10:15:09,4076.5,76699
2021-06-18 10:15:10,4077.3,76701
2021-06-18 10:15:10,4076.5,76699
2021-06-18 10:15:11,4073.9,76839
2021-06-18 10:15:12,4073.9,76839
2021-06-18 10:15:13,4075.6,76989
2021-06-18 10:15:14,4074.2,76991
2021-06-18 10:15:15,4074.2,76991
2021-06-18 10:15:16,4074.2,76991
2021-06-18 10:15:17,4075.55,76997
2021-06-18 10:15:18,4075.9,77048
2021-06-18 10:15:19,4075.9,77048
2021-06-18 10:15:21,4072.75,77058
2021-06-18 10:15:22,4072.75,77058
2021-06-18 10:15:23,4072.75,77058
2021-06-18 10:15:24,4075.9,77108
2021-06-18 10:15:25,4075.9,77108
2021-06-18 10:15:26,4075.9,77108
2021-06-18 10:15:27,4075.9,77108
2021-06-18 10:15:28,4075.9,77108
2021-06-18 10:15:29,4075.9,77108
2021-06-18 10:15:29,4075.9,77108
2021-06-18 10:15:30,4075.9,77108
2021-06-18 10:15:32,4075.9,77108
2021-06-18 10:15:32,4073.2,77128
2021-06-18 10:15:33,4073.2,77128
2021-06-18 10:15:34,4073.2,77128
2021-06-18 10:15:35,4073.2,77128
2021-06-18 10:15:37,4073.2,77128
2021-06-18 10:15:39,4075.75,77132
2021-06-18 10:15:40,4075.75,77132
2021-06-18 10:15:41,4077.1,77142
2021-06-18 10:15:41,4077.1,77142
2021-06-18 10:15:42,4077.1,77142
2021-06-18 10:15:43,4077.1,77142
2021-06-18 10:15:44,4077.1,77142
2021-06-18 10:15:45,4077.1,77142
2021-06-18 10:15:46,4077.1,77142
2021-06-18 10:15:47,4077.1,77142
2021-06-18 10:15:48,4077.1,77142
2021-06-18 10:15:49,4077.1,77142
2021-06-18 10:15:50,4077.1,77142
2021-06-18 10:15:51,4077.1,77147
2021-06-18 10:15:52,4077.1,77147
2021-06-18 10:15:53,4077.1,77147
2021-06-18 10:15:54,4077.1,77147
2021-06-18 10:15:55,4075.75,77173
2021-06-18 10:15:56,4075.9,77193
2021-06-18 10:15:58,4075.9,77218
2021-06-18 10:16:00,4075.9,77218
2021-06-18 10:16:01,4075.9,77218
2021-06-18 10:16:02,4075.9,77218
2021-06-18 10:16:03,4075.9,77218
2021-06-18 10:16:04,4075.9,77218
2021-06-18 10:16:05,4075.9,77218
2021-06-18 10:16:07,4076.95,77239
2021-06-18 10:16:08,4075.85,77244
2021-06-18 10:16:09,4075.85,77244
2021-06-18 10:16:10,4075.85,77244
2021-06-18 10:16:11,4075.85,77244
2021-06-18 10:16:11,4075.85,77244
2021-06-18 10:16:12,4075.85,77244
2021-06-18 10:16:13,4075.85,77244
2021-06-18 10:16:15,4075.85,77244
2021-06-18 10:16:16,4075.85,77244
2021-06-18 10:16:17,4075.85,77247
2021-06-18 10:16:18,4075.85,77247
2021-06-18 10:16:18,4075.85,77247
2021-06-18 10:16:21,4075.85,77247
2021-06-18 10:16:22,4075.85,77247
2021-06-18 10:16:22,4075.85,77247
2021-06-18 10:16:23,4075.85,77247
2021-06-18 10:16:25,4075.8,77250
2021-06-18 10:16:26,4075.8,77250
2021-06-18 10:16:27,4075.0,77253
2021-06-18 10:16:28,4075.8,77254
2021-06-18 10:16:29,4075.8,77254
2021-06-18 10:16:29,4075.8,77254
2021-06-18 10:16:31,4075.8,77256
2021-06-18 10:16:31,4075.8,77256
2021-06-18 10:16:33,4075.0,77291
2021-06-18 10:16:34,4075.0,77291
2021-06-18 10:16:35,4075.0,77296
2021-06-18 10:16:35,4075.0,77306
2021-06-18 10:16:38,4075.0,77306
2021-06-18 10:16:39,4075.0,77306
2021-06-18 10:16:41,4075.8,77311
2021-06-18 10:16:42,4075.8,77311
2021-06-18 10:16:44,4075.8,77311
2021-06-18 10:16:44,4075.0,77431
2021-06-18 10:16:45,4075.0,77431
2021-06-18 10:16:46,4073.25,77450
2021-06-18 10:16:47,4073.25,77450
2021-06-18 10:16:48,4073.25,77450
2021-06-18 10:16:49,4073.25,77450
2021-06-18 10:16:50,4073.25,77450
2021-06-18 10:16:52,4073.25,77450
2021-06-18 10:16:53,4073.25,77450
2021-06-18 10:16:54,4074.0,77460
2021-06-18 10:16:57,4074.0,77460
2021-06-18 10:16:58,4074.0,77460
2021-06-18 10:17:00,4072.0,77620
2021-06-18 10:17:01,4072.0,77620
2021-06-18 10:17:02,4071.3,77622
2021-06-18 10:17:02,4072.25,77624
2021-06-18 10:17:03,4072.25,77624
2021-06-18 10:17:04,4072.25,77624
2021-06-18 10:17:05,4072.25,77627
2021-06-18 10:17:06,4072.25,77627
2021-06-18 10:17:07,4072.25,77627
2021-06-18 10:17:09,4072.25,77627
2021-06-18 10:17:10,4072.25,77627
2021-06-18 10:17:11,4072.25,77627
2021-06-18 10:17:11,4072.25,77627
2021-06-18 10:17:13,4071.25,77649
2021-06-18 10:17:14,4071.25,77649
2021-06-18 10:17:15,4071.25,77649
2021-06-18 10:17:16,4071.25,77649
2021-06-18 10:17:17,4071.25,77649
2021-06-18 10:17:18,4071.25,77649
2021-06-18 10:17:19,4071.25,77649
2021-06-18 10:17:19,4071.25,77649
2021-06-18 10:17:21,4071.25,77649
2021-06-18 10:17:22,4071.25,77649
2021-06-18 10:17:23,4073.2,77817
2021-06-18 10:17:24,4073.2,77817
2021-06-18 10:17:25,4073.2,77817
2021-06-18 10:17:26,4073.2,77817
2021-06-18 10:17:27,4073.2,77817
2021-06-18 10:17:30,4073.2,77817
2021-06-18 10:17:31,4073.4,77819
2021-06-18 10:17:33,4073.4,77819
2021-06-18 10:17:35,4073.4,77819
2021-06-18 10:17:36,4073.4,77819
2021-06-18 10:17:37,4073.0,77821
2021-06-18 10:17:37,4073.0,77821
2021-06-18 10:17:38,4073.0,77821
2021-06-18 10:17:39,4073.9,77877
2021-06-18 10:17:40,4072.6,77927
2021-06-18 10:17:41,4071.65,78127
2021-06-18 10:17:42,4071.65,78127
2021-06-18 10:17:43,4071.65,78127
2021-06-18 10:17:44,4071.65,78127
2021-06-18 10:17:45,4071.65,78127
2021-06-18 10:17:46,4071.65,78127
2021-06-18 10:17:48,4071.65,78127
2021-06-18 10:17:51,4073.9,78130
2021-06-18 10:17:55,4073.9,78130
2021-06-18 10:17:58,4073.9,78131
2021-06-18 10:18:01,4073.9,78131
2021-06-18 10:18:08,4073.9,78145
2021-06-18 10:18:11,4073.9,78152
2021-06-18 10:18:14,4073.9,78152
2021-06-18 10:18:17,4073.9,78152
2021-06-18 10:18:20,4075.35,78240
2021-06-18 10:18:23,4075.8,78255
2021-06-18 10:18:27,4075.8,78255
2021-06-18 10:18:30,4074.25,78265
2021-06-18 10:18:33,4075.85,78362
2021-06-18 10:18:37,4075.85,78363
2021-06-18 10:18:41,4077.0,78388
2021-06-18 10:18:44,4077.0,78388
2021-06-18 10:18:47,4077.0,78388
2021-06-18 10:18:52,4077.0,78388
2021-06-18 10:18:56,4077.0,78388
2021-06-18 10:19:00,4077.0,78443
2021-06-18 10:19:03,4077.45,78798
2021-06-18 10:19:07,4076.05,78800
2021-06-18 10:19:11,4077.9,78803
2021-06-18 10:19:14,4077.9,78804
2021-06-18 10:19:17,4077.9,78816
2021-06-18 10:19:20,4077.0,78896
2021-06-18 10:19:23,4076.9,79231
2021-06-18 10:19:27,4076.9,79231
2021-06-18 10:19:31,4076.85,79326
2021-06-18 10:19:34,4076.85,79327
2021-06-18 10:19:38,4075.0,79328
2021-06-18 10:19:42,4077.0,79383
2021-06-18 10:19:46,4075.0,79418
2021-06-18 10:19:49,4077.0,79421
2021-06-18 10:19:53,4077.45,79795
2021-06-18 10:19:57,4079.55,80040
2021-06-18 10:20:01,4079.55,80101
2021-06-18 10:20:04,4079.55,80135
2021-06-18 10:20:08,4079.45,80136
2021-06-18 10:20:11,4079.55,80164
2021-06-18 10:20:15,4080.0,80268
2021-06-18 10:20:18,4080.0,80483
2021-06-18 10:20:21,4079.55,80583
2021-06-18 10:20:25,4079.7,80584
2021-06-18 10:20:29,4081.95,81109
2021-06-18 10:20:32,4082.0,81164
2021-06-18 10:20:36,4082.0,81193
2021-06-18 10:20:39,4083.0,81275
2021-06-18 10:20:43,4082.95,81277
2021-06-18 10:20:46,4084.15,81532
2021-06-18 10:20:50,4083.85,81836
2021-06-18 10:20:54,4083.85,81847
2021-06-18 10:20:58,4083.75,81950
2021-06-18 10:21:02,4083.8,82103
2021-06-18 10:21:05,4082.8,82963
2021-06-18 10:21:09,4082.95,82973
2021-06-18 10:21:13,4083.0,83066
2021-06-18 10:21:16,4083.1,83163
2021-06-18 10:21:19,4085.0,83188
2021-06-18 10:21:23,4084.9,83281
2021-06-18 10:21:26,4084.9,83281
2021-06-18 10:21:29,4088.4,84272
2021-06-18 10:21:33,4088.0,84326
2021-06-18 10:21:36,4086.15,84398
2021-06-18 10:21:40,4086.15,84419
2021-06-18 10:21:43,4088.0,84647
2021-06-18 10:21:47,4087.0,84754
2021-06-18 10:21:51,4087.0,84762
2021-06-18 10:21:55,4089.6,85065
2021-06-18 10:21:58,4090.0,85109
2021-06-18 10:22:01,4090.0,85109
2021-06-18 10:22:04,4091.6,85265
2021-06-18 10:22:07,4091.6,85372
2021-06-18 10:22:11,4091.6,85428
2021-06-18 10:22:14,4091.9,85573
2021-06-18 10:22:17,4091.8,85847
2021-06-18 10:22:20,4091.6,85859
2021-06-18 10:22:24,4092.05,85996
2021-06-18 10:22:28,4092.2,86080
2021-06-18 10:22:31,4094.0,86615
2021-06-18 10:22:35,4092.4,86774
2021-06-18 10:22:38,4095.15,87383
2021-06-18 10:22:41,4095.55,87835
2021-06-18 10:22:44,4096.95,88187
2021-06-18 10:22:48,4093.95,88642
2021-06-18 10:22:50,4093.95,88642
2021-06-18 10:22:51,4096.35,88643
2021-06-18 10:22:52,4097.2,88673
2021-06-18 10:22:53,4097.15,88695
2021-06-18 10:22:54,4094.75,88700
2021-06-18 10:22:55,4094.75,88700
2021-06-18 10:22:56,4097.4,88718
2021-06-18 10:22:58,4098.0,88749
2021-06-18 10:22:57,4098.0,88749
2021-06-18 10:22:59,4098.0,88768
2021-06-18 10:23:00,4099.6,88890
2021-06-18 10:23:01,4099.9,88935
2021-06-18 10:23:02,4101.2,89876
2021-06-18 10:23:03,4101.2,89876
2021-06-18 10:23:04,4102.25,89897
2021-06-18 10:23:05,4103.9,90066
2021-06-18 10:23:06,4103.95,90122
2021-06-18 10:23:07,4101.05,90131
2021-06-18 10:23:08,4103.8,90191
2021-06-18 10:23:09,4100.05,90428
2021-06-18 10:23:10,4101.3,90727
2021-06-18 10:23:12,4103.65,91149
2021-06-18 10:23:13,4103.65,91149
2021-06-18 10:23:14,4103.7,91179
2021-06-18 10:23:15,4103.95,91200
2021-06-18 10:23:16,4105.95,91841
2021-06-18 10:23:17,4100.0,92281
2021-06-18 10:23:18,4101.5,92517
2021-06-18 10:23:19,4104.4,92718
2021-06-18 10:23:20,4104.4,92718
2021-06-18 10:23:21,4104.0,92999
2021-06-18 10:23:22,4102.95,93024
2021-06-18 10:23:23,4101.95,93129
2021-06-18 10:23:24,4102.6,93131
2021-06-18 10:23:25,4104.4,93383
2021-06-18 10:23:26,4101.45,93393
2021-06-18 10:23:27,4100.0,93574
2021-06-18 10:23:28,4102.25,93624
2021-06-18 10:23:29,4102.25,93625
2021-06-18 10:23:30,4102.25,93748
2021-06-18 10:23:31,4103.4,93765
2021-06-18 10:23:32,4103.95,93791
2021-06-18 10:23:33,4103.95,93791
2021-06-18 10:23:34,4102.25,93841
2021-06-18 10:23:35,4104.0,93862
2021-06-18 10:23:36,4104.0,94027
2021-06-18 10:23:37,4104.7,94035
2021-06-18 10:23:38,4104.75,94228
2021-06-18 10:23:39,4104.75,94236
2021-06-18 10:23:40,4102.0,94292
2021-06-18 10:23:41,4103.95,94312
2021-06-18 10:23:42,4104.8,94412
2021-06-18 10:23:44,4101.95,94683
2021-06-18 10:23:45,4104.0,95151
2021-06-18 10:23:48,4101.0,96605
2021-06-18 10:23:49,4101.95,96668
2021-06-18 10:23:50,4101.0,96678
2021-06-18 10:23:51,4101.0,96678
2021-06-18 10:23:52,4101.0,96678
2021-06-18 10:23:53,4101.05,96950
2021-06-18 10:23:54,4103.0,97057
2021-06-18 10:23:55,4101.0,97075
2021-06-18 10:23:56,4101.95,97084
2021-06-18 10:23:58,4103.0,97087
2021-06-18 10:23:57,4103.0,97087
2021-06-18 10:23:59,4104.5,97121
2021-06-18 10:24:00,4104.5,97130
2021-06-18 10:24:01,4103.2,97387
2021-06-18 10:24:02,4107.95,97896
2021-06-18 10:24:03,4108.65,97906
2021-06-18 10:24:04,4108.8,97918
2021-06-18 10:24:05,4108.95,98011
2021-06-18 10:24:07,4109.0,98052
2021-06-18 10:24:06,4109.0,98026
2021-06-18 10:24:08,4109.0,98099
2021-06-18 10:24:09,4107.0,98272
2021-06-18 10:24:10,4108.65,98379
2021-06-18 10:24:11,4108.95,98673
2021-06-18 10:24:12,4108.9,98796
2021-06-18 10:24:13,4108.15,98988
2021-06-18 10:24:14,4105.6,99220
2021-06-18 10:24:15,4106.8,99325
2021-06-18 10:24:16,4107.65,99435
2021-06-18 10:24:17,4104.5,99459
2021-06-18 10:24:18,4105.6,99464
2021-06-18 10:24:19,4105.9,99510
2021-06-18 10:24:20,4105.9,99570
2021-06-18 10:24:21,4107.05,99636
2021-06-18 10:24:22,4105.0,99903
2021-06-18 10:24:23,4105.85,100697
2021-06-18 10:24:25,4105.6,100959
2021-06-18 10:24:26,4103.1,101025
2021-06-18 10:24:27,4103.1,101101
2021-06-18 10:24:28,4103.1,101132
2021-06-18 10:24:29,4100.4,101516
2021-06-18 10:24:30,4100.4,101545
2021-06-18 10:24:32,4100.3,101555
2021-06-18 10:24:33,4101.05,101991
2021-06-18 10:24:33,4101.05,101992
2021-06-18 10:24:34,4101.05,102000
2021-06-18 10:24:35,4101.3,102036
2021-06-18 10:24:36,4101.35,102155
2021-06-18 10:24:38,4101.5,102169
2021-06-18 10:24:41,4101.4,102309
2021-06-18 10:24:42,4103.0,102343
2021-06-18 10:24:43,4103.0,102344
2021-06-18 10:24:44,4101.0,102552
2021-06-18 10:24:45,4101.0,102552
2021-06-18 10:24:46,4102.0,102554
2021-06-18 10:24:47,4102.0,102582
2021-06-18 10:24:48,4102.0,102583
2021-06-18 10:24:49,4100.45,102629
2021-06-18 10:24:50,4099.0,102773
2021-06-18 10:24:52,4099.05,102797
2021-06-18 10:24:52,4099.0,102783
2021-06-18 10:24:53,4099.0,102937
2021-06-18 10:24:54,4098.4,102957
2021-06-18 10:24:55,4097.0,102967
2021-06-18 10:24:56,4096.0,102977
2021-06-18 10:24:57,4097.15,103461
2021-06-18 10:24:58,4097.05,103469
2021-06-18 10:25:00,4095.0,103588
2021-06-18 10:25:00,4095.1,103719
2021-06-18 10:25:02,4095.3,103828
2021-06-18 10:25:02,4095.1,103864
2021-06-18 10:25:03,4097.3,103955
2021-06-18 10:25:04,4097.7,104022
2021-06-18 10:25:06,4095.45,104367
2021-06-18 10:25:06,4097.9,104365
2021-06-18 10:25:07,4099.6,104551
2021-06-18 10:25:08,4099.85,104571
2021-06-18 10:25:09,4104.35,104851
2021-06-18 10:25:10,4104.45,104859
2021-06-18 10:25:11,4102.35,105033
2021-06-18 10:25:12,4102.1,105036
2021-06-18 10:25:13,4102.05,105075
2021-06-18 10:25:14,4100.0,105181
2021-06-18 10:25:15,4100.0,105187
2021-06-18 10:25:16,4100.0,105196
2021-06-18 10:25:17,4100.0,105269
2021-06-18 10:25:19,4100.0,105312
2021-06-18 10:25:19,4100.0,105312
2021-06-18 10:25:20,4099.7,105383
2021-06-18 10:25:21,4099.7,105401
2021-06-18 10:25:22,4099.7,105431
2021-06-18 10:25:23,4100.0,105452
2021-06-18 10:25:24,4100.0,105461
2021-06-18 10:25:25,4102.05,105597
2021-06-18 10:25:26,4102.2,105716
2021-06-18 10:25:27,4102.1,105843
2021-06-18 10:25:29,4104.6,106948
2021-06-18 10:25:29,4104.6,106948
2021-06-18 10:25:30,4101.95,107118
2021-06-18 10:25:31,4103.7,107138
2021-06-18 10:25:32,4103.7,107139
2021-06-18 10:25:33,4101.95,107214
2021-06-18 10:25:34,4103.0,107395
2021-06-18 10:25:35,4103.0,107412
2021-06-18 10:25:36,4103.0,107501
2021-06-18 10:25:37,4103.0,107501
2021-06-18 10:25:38,4102.9,107616
2021-06-18 10:25:39,4102.6,107880
2021-06-18 10:25:40,4102.05,108292
2021-06-18 10:25:41,4103.0,108374
2021-06-18 10:25:42,4103.25,108418
2021-06-18 10:25:43,4103.3,108456
2021-06-18 10:25:44,4102.45,108928
2021-06-18 10:25:45,4101.95,108985
2021-06-18 10:25:46,4102.75,109040
2021-06-18 10:25:47,4102.7,109057
2021-06-18 10:25:48,4102.75,109456
2021-06-18 10:25:49,4103.4,109474
2021-06-18 10:25:50,4100.0,109566
2021-06-18 10:25:51,4098.65,109855
2021-06-18 10:25:52,4096.45,109916
2021-06-18 10:25:53,4097.3,110001
2021-06-18 10:25:54,4097.25,110166
2021-06-18 10:25:55,4097.45,110175
2021-06-18 10:25:56,4097.45,110183
2021-06-18 10:25:58,4097.55,110198
2021-06-18 10:25:58,4097.55,110198
2021-06-18 10:25:59,4100.15,110231
2021-06-18 10:26:00,4097.95,110266
2021-06-18 10:26:01,4098.05,110309
2021-06-18 10:26:02,4098.25,110401
2021-06-18 10:26:03,4098.15,110411
2021-06-18 10:26:04,4098.05,110430
2021-06-18 10:26:05,4100.0,110466
2021-06-18 10:26:06,4098.35,110479
2021-06-18 10:26:07,4098.35,110487
2021-06-18 10:26:08,4098.3,110550
2021-06-18 10:26:09,4098.25,110556
2021-06-18 10:26:10,4098.25,110561
2021-06-18 10:26:11,4100.0,110621
2021-06-18 10:26:12,4097.95,110729
2021-06-18 10:26:13,4098.9,110738
2021-06-18 10:26:14,4098.9,110748
2021-06-18 10:26:15,4098.9,110757
2021-06-18 10:26:16,4098.1,110791
2021-06-18 10:26:17,4098.35,110804
2021-06-18 10:26:18,4096.6,111085
2021-06-18 10:26:19,4096.6,111194
2021-06-18 10:26:20,4095.65,111337
2021-06-18 10:26:23,4098.0,111416
2021-06-18 10:26:25,4096.3,111613
2021-06-18 10:26:25,4096.3,111623
2021-06-18 10:26:26,4096.3,111797
2021-06-18 10:26:27,4096.3,111866
2021-06-18 10:26:29,4096.4,111878
2021-06-18 10:26:30,4096.85,111984
2021-06-18 10:26:31,4096.9,111987
2021-06-18 10:26:32,4098.0,111994
2021-06-18 10:26:34,4100.0,112367
2021-06-18 10:26:35,4101.6,112383
2021-06-18 10:26:36,4102.8,112541
2021-06-18 10:26:37,4102.65,112546
2021-06-18 10:26:37,4102.65,112548
2021-06-18 10:26:38,4102.65,112605
2021-06-18 10:26:39,4102.65,112610
2021-06-18 10:26:40,4102.5,113681
2021-06-18 10:26:42,4102.25,113742
2021-06-18 10:26:43,4102.45,113868
2021-06-18 10:26:44,4102.45,113932
2021-06-18 10:26:45,4102.45,113935
2021-06-18 10:26:46,4102.3,114001
2021-06-18 10:26:47,4100.0,114250
2021-06-18 10:26:48,4097.45,114279
2021-06-18 10:26:49,4100.1,114303
2021-06-18 10:26:49,4100.1,114304
2021-06-18 10:26:50,4100.1,114314
2021-06-18 10:26:51,4098.1,114519
2021-06-18 10:26:52,4100.1,114536
2021-06-18 10:26:53,4100.1,114560
2021-06-18 10:26:54,4100.05,114599
2021-06-18 10:26:55,4100.05,114613
2021-06-18 10:26:56,4100.05,114631
2021-06-18 10:26:57,4100.1,114635
2021-06-18 10:26:58,4100.0,114693
2021-06-18 10:26:59,4100.05,114696
2021-06-18 10:27:00,4100.05,114699
2021-06-18 10:27:01,4100.05,114760
2021-06-18 10:27:02,4101.25,114869
2021-06-18 10:27:03,4099.0,114873
2021-06-18 10:27:04,4097.5,114947
2021-06-18 10:27:05,4098.85,115016
2021-06-18 10:27:06,4099.7,115035
2021-06-18 10:27:08,4099.65,115039
2021-06-18 10:27:09,4096.65,115148
2021-06-18 10:27:10,4098.8,115152
2021-06-18 10:27:11,4098.8,115154
2021-06-18 10:27:12,4096.0,115173
2021-06-18 10:27:12,4096.0,115174
2021-06-18 10:27:13,4096.0,115190
2021-06-18 10:27:14,4096.05,115302
2021-06-18 10:27:15,4096.05,115312
2021-06-18 10:27:16,4095.0,115773
2021-06-18 10:27:17,4095.45,116081
2021-06-18 10:27:18,4095.7,116125
2021-06-18 10:27:19,4096.6,116331
2021-06-18 10:27:21,4096.05,116370
2021-06-18 10:27:22,4096.05,116378
2021-06-18 10:27:23,4095.95,116387
2021-06-18 10:27:24,4095.95,116395
2021-06-18 10:27:25,4095.95,116399
2021-06-18 10:27:26,4095.95,116418
2021-06-18 10:27:27,4098.45,116422
2021-06-18 10:27:27,4095.95,116423
2021-06-18 10:27:28,4098.45,116477
2021-06-18 10:27:29,4098.3,116542
2021-06-18 10:27:30,4096.25,116562
2021-06-18 10:27:31,4096.25,116569
2021-06-18 10:27:33,4096.25,116584
2021-06-18 10:27:34,4096.25,116723
2021-06-18 10:27:35,4096.25,116726
2021-06-18 10:27:36,4096.25,116730
2021-06-18 10:27:37,4096.55,116734
2021-06-18 10:27:37,4096.25,116820
2021-06-18 10:27:38,4096.25,116824
2021-06-18 10:27:39,4096.25,117045
2021-06-18 10:27:41,4096.25,117049
2021-06-18 10:27:41,4096.25,117055
2021-06-18 10:27:43,4096.55,117059
2021-06-18 10:27:44,4096.45,117124
2021-06-18 10:27:45,4096.45,117132
2021-06-18 10:27:46,4096.25,117289
2021-06-18 10:27:47,4097.0,117298
2021-06-18 10:27:47,4097.0,117297
2021-06-18 10:27:49,4096.9,117415
2021-06-18 10:27:49,4096.9,117417
2021-06-18 10:27:50,4096.9,117430
2021-06-18 10:27:51,4096.9,117483
2021-06-18 10:27:52,4095.7,117486
2021-06-18 10:27:54,4093.0,118461
2021-06-18 10:27:53,4093.0,118452
2021-06-18 10:27:55,4096.95,118493
2021-06-18 10:27:56,4096.8,118523
2021-06-18 10:27:57,4094.3,118532
2021-06-18 10:27:59,4096.85,118596
2021-06-18 10:28:00,4096.95,118610
2021-06-18 10:28:00,4096.95,118614
2021-06-18 10:28:01,4096.7,118717
2021-06-18 10:28:02,4096.4,118725
2021-06-18 10:28:03,4096.4,118731
2021-06-18 10:28:04,4096.95,118739
2021-06-18 10:28:05,4096.95,118745
2021-06-18 10:28:06,4096.3,118960
2021-06-18 10:28:07,4096.3,118970
2021-06-18 10:28:09,4096.35,118987
2021-06-18 10:28:10,4096.65,119262
2021-06-18 10:28:10,4096.4,119266
2021-06-18 10:28:11,4095.85,119298
2021-06-18 10:28:12,4095.8,119303
2021-06-18 10:28:13,4095.75,119316
2021-06-18 10:28:14,4095.7,119489
2021-06-18 10:28:15,4095.7,119498
2021-06-18 10:28:16,4091.15,120812
2021-06-18 10:28:17,4091.3,120818
2021-06-18 10:28:18,4091.35,120826
2021-06-18 10:28:19,4091.15,120859
2021-06-18 10:28:20,4092.0,120863
2021-06-18 10:28:21,4092.0,120875
2021-06-18 10:28:22,4090.35,121166
2021-06-18 10:28:23,4091.75,121237
2021-06-18 10:28:24,4092.15,121291
2021-06-18 10:28:25,4092.85,121481
2021-06-18 10:28:27,4092.05,121498
2021-06-18 10:28:28,4092.0,121537
2021-06-18 10:28:29,4091.25,121545
2021-06-18 10:28:29,4091.25,121545
2021-06-18 10:28:30,4091.25,121545
2021-06-18 10:28:31,4088.1,121595
2021-06-18 10:28:32,4090.5,121617
2021-06-18 10:28:33,4088.0,121687
2021-06-18 10:28:36,4087.7,121760
2021-06-18 10:28:37,4087.15,121972
2021-06-18 10:28:39,4089.7,122016
2021-06-18 10:28:39,4089.7,122016
2021-06-18 10:28:40,4087.25,122036
2021-06-18 10:28:41,4087.3,122061
2021-06-18 10:28:42,4087.3,122061
2021-06-18 10:28:44,4086.8,122200
2021-06-18 10:28:44,4084.65,122260
2021-06-18 10:28:45,4087.0,122261
2021-06-18 10:28:47,4086.8,122276
2021-06-18 10:28:47,4085.85,122391
2021-06-18 10:28:48,4085.85,122400
2021-06-18 10:28:49,4085.85,122400
2021-06-18 10:28:51,4083.5,122951
2021-06-18 10:28:51,4086.5,122972
2021-06-18 10:28:53,4085.0,123002
2021-06-18 10:28:54,4085.0,123009
2021-06-18 10:28:55,4085.0,123117
2021-06-18 10:28:56,4085.75,123167
2021-06-18 10:28:57,4085.6,123173
2021-06-18 10:28:58,4083.45,123179
2021-06-18 10:29:00,4085.0,123712
2021-06-18 10:29:01,4087.0,123722
2021-06-18 10:29:03,4085.15,123828
2021-06-18 10:29:04,4085.15,123828
2021-06-18 10:29:05,4085.15,123828
2021-06-18 10:29:08,4085.0,123935
2021-06-18 10:29:08,4085.0,123935
2021-06-18 10:29:09,4083.5,123996
2021-06-18 10:29:10,4085.2,123998
2021-06-18 10:29:11,4085.0,124061
2021-06-18 10:29:13,4084.8,124183
2021-06-18 10:29:14,4084.8,124230
2021-06-18 10:29:15,4084.8,124276
2021-06-18 10:29:16,4084.8,124481
2021-06-18 10:29:17,4085.0,124488
2021-06-18 10:29:18,4085.0,124504
2021-06-18 10:29:19,4085.0,124526
2021-06-18 10:29:20,4085.0,124526
2021-06-18 10:29:21,4085.0,124527
2021-06-18 10:29:22,4084.0,124556
2021-06-18 10:29:24,4084.8,124564
2021-06-18 10:29:25,4085.0,124771
2021-06-18 10:29:26,4085.0,124771
2021-06-18 10:29:27,4084.3,124774
2021-06-18 10:29:27,4084.3,124774
2021-06-18 10:29:28,4086.0,125184
2021-06-18 10:29:29,4085.95,125206
2021-06-18 10:29:30,4084.0,125312
2021-06-18 10:29:32,4084.05,125464
2021-06-18 10:29:33,4084.05,125464
2021-06-18 10:29:34,4085.4,125469
2021-06-18 10:29:35,4085.4,125469
2021-06-18 10:29:36,4086.85,125474
2021-06-18 10:29:37,4086.85,125474
2021-06-18 10:29:38,4086.8,125526
2021-06-18 10:29:39,4085.4,125539
2021-06-18 10:29:40,4085.4,125539
2021-06-18 10:29:41,4085.4,125539
2021-06-18 10:29:42,4084.5,125634
2021-06-18 10:29:42,4084.5,125634
2021-06-18 10:29:43,4086.6,125645
2021-06-18 10:29:44,4086.6,125647
2021-06-18 10:29:45,4084.5,125650
2021-06-18 10:29:46,4084.5,125650
2021-06-18 10:29:47,4085.4,125727
2021-06-18 10:29:48,4085.4,125727
2021-06-18 10:29:49,4085.8,125748
2021-06-18 10:29:50,4085.4,125754
2021-06-18 10:29:51,4085.4,125757
2021-06-18 10:29:52,4085.4,125758
2021-06-18 10:29:54,4085.0,125777
2021-06-18 10:29:55,4085.8,125781
2021-06-18 10:29:56,4085.8,125781
2021-06-18 10:29:57,4086.5,125813
2021-06-18 10:29:57,4086.5,125813
2021-06-18 10:29:58,4087.0,125913
2021-06-18 10:30:00,4087.0,125919
2021-06-18 10:30:01,4087.0,125919
2021-06-18 10:30:02,4087.0,125919
2021-06-18 10:30:04,4087.0,125986
2021-06-18 10:30:05,4087.65,126259
2021-06-18 10:30:06,4088.15,126423
2021-06-18 10:30:06,4088.15,126423
2021-06-18 10:30:07,4088.4,126424
2021-06-18 10:30:08,4090.65,126486
2021-06-18 10:30:09,4091.25,126510
2021-06-18 10:30:11,4090.0,126629
2021-06-18 10:30:12,4089.9,126641
2021-06-18 10:30:13,4089.7,126747
2021-06-18 10:30:14,4089.75,126748
2021-06-18 10:30:15,4089.8,126752
2021-06-18 10:30:16,4090.2,126785
2021-06-18 10:30:16,4090.2,126785
2021-06-18 10:30:17,4090.2,126788
2021-06-18 10:30:18,4090.2,126788
2021-06-18 10:30:19,4090.2,126793
2021-06-18 10:30:20,4090.3,126815
2021-06-18 10:30:21,4093.95,126828
2021-06-18 10:30:22,4091.5,126988
2021-06-18 10:30:24,4093.9,126997
2021-06-18 10:30:25,4093.95,127007
2021-06-18 10:30:26,4093.85,127019
2021-06-18 10:30:27,4094.0,127109
2021-06-18 10:30:28,4094.0,127109
2021-06-18 10:30:29,4093.0,127129
2021-06-18 10:30:30,4093.0,127129
2021-06-18 10:30:31,4091.9,127143
2021-06-18 10:30:31,4093.85,127152
2021-06-18 10:30:33,4093.85,127152
2021-06-18 10:30:34,4093.85,127152
2021-06-18 10:30:35,4091.8,127187
2021-06-18 10:30:36,4092.95,127189
2021-06-18 10:30:37,4091.8,127208
2021-06-18 10:30:38,4090.2,127281
2021-06-18 10:30:39,4090.2,127281
2021-06-18 10:30:40,4090.55,127286
2021-06-18 10:30:41,4089.8,127458
2021-06-18 10:30:41,4089.8,127458
2021-06-18 10:30:43,4089.2,127498
2021-06-18 10:30:44,4089.25,127505
2021-06-18 10:30:44,4089.25,127505
2021-06-18 10:30:46,4088.5,127799
2021-06-18 10:30:49,4090.2,127804
2021-06-18 10:30:53,4092.0,127820
2021-06-18 10:30:54,4092.0,127929
2021-06-18 10:30:55,4092.0,127929
2021-06-18 10:30:56,4093.65,127932
2021-06-18 10:30:57,4093.65,127932
2021-06-18 10:30:58,4093.65,127932
2021-06-18 10:30:59,4092.4,128015
2021-06-18 10:31:00,4092.4,128088
2021-06-18 10:31:01,4092.4,128088
2021-06-18 10:31:02,4092.4,128255
2021-06-18 10:31:03,4092.4,128267
2021-06-18 10:31:04,4092.35,128272
2021-06-18 10:31:05,4092.35,128272
2021-06-18 10:31:07,4092.0,128523
2021-06-18 10:31:07,4092.0,128523
2021-06-18 10:31:09,4089.0,128579
2021-06-18 10:31:10,4091.95,128687
2021-06-18 10:31:11,4091.95,128687
2021-06-18 10:31:12,4090.0,128712
2021-06-18 10:31:13,4091.9,128715
2021-06-18 10:31:14,4091.9,128715
2021-06-18 10:31:15,4091.95,128755
2021-06-18 10:31:15,4091.95,128755
2021-06-18 10:31:17,4089.3,128781
2021-06-18 10:31:18,4089.3,128781
2021-06-18 10:31:19,4091.1,128783
2021-06-18 10:31:20,4091.1,128783
2021-06-18 10:31:21,4091.1,128784
2021-06-18 10:31:22,4091.45,128798
2021-06-18 10:31:23,4091.45,128798
2021-06-18 10:31:23,4091.45,128798
2021-06-18 10:31:24,4091.45,128798
2021-06-18 10:31:25,4091.45,128798
2021-06-18 10:31:27,4091.0,128800
2021-06-18 10:31:28,4091.0,128802
2021-06-18 10:31:29,4090.0,128806
2021-06-18 10:31:30,4090.0,128807
2021-06-18 10:31:31,4089.95,128840
2021-06-18 10:31:32,4089.05,128855
2021-06-18 10:31:33,4089.05,128855
2021-06-18 10:31:34,4091.0,128857
2021-06-18 10:31:35,4091.0,128867
2021-06-18 10:31:36,4089.45,128871
2021-06-18 10:31:37,4089.45,128871
2021-06-18 10:31:38,4091.6,128971
2021-06-18 10:31:39,4090.1,129027
2021-06-18 10:31:40,4090.1,129027
2021-06-18 10:31:41,4092.0,129073
2021-06-18 10:31:42,4092.0,129073
2021-06-18 10:31:43,4089.55,129074
2021-06-18 10:31:45,4091.55,129209
2021-06-18 10:31:44,4091.55,129209
