timestamp,ltp,volume
2021-06-18 09:16:27,3652.35,6208
2021-06-18 09:16:32,3650.0,6393
2021-06-18 09:16:38,3651.95,6520
2021-06-18 09:16:43,3650.1,6760
2021-06-18 09:16:48,3651.65,7054
2021-06-18 09:16:53,3650.1,7116
2021-06-18 09:16:57,3650.15,7172
2021-06-18 09:17:02,3649.05,7797
2021-06-18 09:17:08,3647.0,7846
2021-06-18 09:17:13,3646.85,7888
2021-06-18 09:17:18,3646.0,8049
2021-06-18 09:17:23,3643.35,9278
2021-06-18 09:17:28,3642.35,9741
2021-06-18 09:17:33,3642.15,9925
2021-06-18 09:17:37,3643.0,10094
2021-06-18 09:17:42,3643.0,10213
2021-06-18 09:17:47,3645.1,10442
2021-06-18 09:17:52,3648.45,10715
2021-06-18 09:17:57,3645.7,10791
2021-06-18 09:18:02,3646.05,10865
2021-06-18 09:18:07,3647.9,11132
2021-06-18 09:18:12,3649.05,11349
2021-06-18 09:18:17,3649.9,11442
2021-06-18 09:18:22,3651.9,11531
2021-06-18 09:18:27,3650.65,11802
2021-06-18 09:18:31,3650.7,11935
2021-06-18 09:18:36,3650.95,11981
2021-06-18 09:18:41,3651.25,12350
2021-06-18 09:18:46,3652.2,12515
2021-06-18 09:18:50,3651.7,12568
2021-06-18 09:18:55,3652.0,12674
2021-06-18 09:19:05,3655.7,12926
2021-06-18 09:19:10,3656.95,13074
2021-06-18 09:19:15,3660.0,13443
2021-06-18 09:19:20,3660.75,13909
2021-06-18 09:19:25,3660.0,14128
2021-06-18 09:19:29,3661.45,14377
2021-06-18 09:19:34,3664.3,14692
2021-06-18 09:19:39,3662.15,15041
2021-06-18 09:19:44,3663.4,15116
2021-06-18 09:19:49,3663.7,15291
2021-06-18 09:19:53,3663.4,15434
2021-06-18 09:19:58,3663.4,15525
2021-06-18 09:20:03,3663.65,15707
2021-06-18 09:20:08,3664.2,15800
2021-06-18 09:20:13,3663.05,15984
2021-06-18 09:20:18,3665.0,16171
2021-06-18 09:20:22,3664.5,16199
2021-06-18 09:20:27,3663.45,16283
2021-06-18 09:20:32,3665.0,16622
2021-06-18 09:20:37,3664.5,16872
2021-06-18 09:20:42,3663.55,17144
2021-06-18 09:20:46,3660.3,17315
2021-06-18 09:20:51,3662.4,17623
2021-06-18 09:20:56,3661.5,17719
2021-06-18 09:21:01,3660.7,17747
2021-06-18 09:21:05,3660.5,17781
2021-06-18 09:21:10,3660.4,17851
2021-06-18 09:21:15,3660.3,17960
2021-06-18 09:21:19,3660.0,18026
2021-06-18 09:21:24,3660.15,18112
2021-06-18 09:21:29,3660.0,18231
2021-06-18 09:21:34,3660.0,18498
2021-06-18 09:21:39,3658.35,18567
2021-06-18 09:21:43,3659.85,18637
2021-06-18 09:21:48,3660.0,18691
2021-06-18 09:21:57,3659.85,18725
2021-06-18 09:22:02,3657.2,18951
2021-06-18 09:22:07,3659.0,19039
2021-06-18 09:22:12,3659.1,19101
2021-06-18 09:22:16,3659.35,19287
2021-06-18 09:22:21,3659.3,19357
2021-06-18 09:22:31,3658.75,19561
2021-06-18 09:22:36,3657.1,19626
2021-06-18 09:22:40,3659.0,19647
2021-06-18 09:22:45,3659.0,19991
2021-06-18 09:22:50,3658.7,20186
2021-06-18 09:22:55,3660.3,20242
2021-06-18 09:22:59,3660.1,20479
2021-06-18 09:23:04,3660.0,20551
2021-06-18 09:23:08,3658.7,20675
2021-06-18 09:23:13,3659.6,20743
2021-06-18 09:23:18,3657.95,20850
2021-06-18 09:23:22,3657.95,20904
2021-06-18 09:23:27,3659.7,20963
2021-06-18 09:23:32,3657.45,21095
2021-06-18 09:23:36,3657.95,21242
2021-06-18 09:23:41,3657.1,21294
2021-06-18 09:23:46,3657.1,21420
2021-06-18 09:23:50,3659.0,21531
2021-06-18 09:23:55,3657.25,21573
2021-06-18 09:24:00,3659.05,21595
2021-06-18 09:24:05,3659.05,21600
2021-06-18 09:24:09,3659.0,21619
2021-06-18 09:24:14,3659.05,21695
2021-06-18 09:24:18,3658.05,21729
2021-06-18 09:24:23,3659.0,21763
2021-06-18 09:24:27,3660.0,22018
2021-06-18 09:24:31,3661.0,22183
2021-06-18 09:24:36,3659.5,22303
2021-06-18 09:24:40,3661.0,22345
2021-06-18 09:24:45,3659.55,22394
2021-06-18 09:24:49,3662.0,22561
2021-06-18 09:24:54,3662.0,22730
2021-06-18 09:24:59,3662.0,22821
2021-06-18 09:25:08,3661.25,22994
2021-06-18 09:25:12,3659.45,23106
2021-06-18 09:25:17,3660.0,23149
2021-06-18 09:25:21,3661.25,23160
2021-06-18 09:25:26,3663.75,23427
2021-06-18 09:25:30,3662.65,23526
2021-06-18 09:25:34,3662.0,23561
2021-06-18 09:25:39,3661.6,23642
2021-06-18 09:25:43,3662.0,23837
2021-06-18 09:25:48,3662.4,24042
2021-06-18 09:25:52,3662.4,24105
2021-06-18 09:25:57,3662.9,24121
2021-06-18 09:26:01,3661.5,24235
2021-06-18 09:26:06,3662.7,24322
2021-06-18 09:26:11,3662.7,24383
2021-06-18 09:26:15,3662.65,24415
2021-06-18 09:26:19,3662.6,24433
2021-06-18 09:26:24,3662.0,24471
2021-06-18 09:26:28,3662.85,24532
2021-06-18 09:26:33,3662.8,24561
2021-06-18 09:26:37,3664.0,24691
2021-06-18 09:26:42,3663.95,25271
2021-06-18 09:26:46,3663.5,25521
2021-06-18 09:26:51,3664.2,25627
2021-06-18 09:26:55,3664.95,25759
2021-06-18 09:26:59,3664.2,25779
2021-06-18 09:27:04,3665.0,25787
2021-06-18 09:27:08,3663.7,25890
2021-06-18 09:27:12,3664.2,25902
2021-06-18 09:27:16,3664.9,25908
2021-06-18 09:27:21,3664.2,25933
2021-06-18 09:27:25,3664.65,25991
2021-06-18 09:27:30,3664.55,26028
2021-06-18 09:27:34,3664.55,26028
2021-06-18 09:27:39,3664.55,26029
2021-06-18 09:27:43,3664.5,26061
2021-06-18 09:27:48,3664.5,26075
2021-06-18 09:27:52,3665.0,26460
2021-06-18 09:27:56,3667.5,26895
2021-06-18 09:28:00,3667.45,26901
2021-06-18 09:28:05,3666.0,26913
2021-06-18 09:28:09,3665.35,27003
2021-06-18 09:28:18,3667.3,27620
2021-06-18 09:28:23,3667.3,27656
2021-06-18 09:28:27,3667.2,27670
2021-06-18 09:28:31,3666.0,27737
2021-06-18 09:28:36,3666.0,27750
2021-06-18 09:28:40,3666.0,27750
2021-06-18 09:28:44,3665.0,27936
2021-06-18 09:28:48,3665.3,27953
2021-06-18 09:28:52,3665.3,27953
2021-06-18 09:28:56,3665.0,28006
2021-06-18 09:29:01,3664.0,28080
2021-06-18 09:29:05,3664.25,28158
2021-06-18 09:29:10,3664.2,28192
2021-06-18 09:29:14,3664.0,28879
2021-06-18 09:29:19,3662.15,29153
2021-06-18 09:29:23,3663.55,29233
2021-06-18 09:29:27,3663.8,29307
2021-06-18 09:29:36,3662.15,29462
2021-06-18 09:29:40,3662.1,29498
2021-06-18 09:29:44,3662.15,29576
2021-06-18 09:29:48,3662.15,29607
2021-06-18 09:29:52,3662.45,29625
2021-06-18 09:29:56,3663.95,29632
2021-06-18 09:30:00,3663.95,29656
2021-06-18 09:30:04,3663.95,29662
2021-06-18 09:30:08,3662.05,29902
2021-06-18 09:30:17,3663.45,30058
2021-06-18 09:30:21,3663.45,30167
2021-06-18 09:30:25,3662.0,30399
2021-06-18 09:30:30,3661.3,30480
2021-06-18 09:30:34,3662.6,30504
2021-06-18 09:30:42,3661.3,30513
2021-06-18 09:30:47,3661.3,30552
2021-06-18 09:30:51,3662.4,30608
2021-06-18 09:30:55,3662.4,30670
2021-06-18 09:30:59,3662.4,30707
2021-06-18 09:31:03,3662.4,30732
2021-06-18 09:31:08,3662.2,30765
2021-06-18 09:31:12,3662.4,30814
2021-06-18 09:31:16,3661.95,30872
2021-06-18 09:31:21,3661.95,30896
2021-06-18 09:31:25,3661.15,31153
2021-06-18 09:31:29,3663.3,31287
2021-06-18 09:31:34,3664.35,32194
2021-06-18 09:31:43,3665.95,32225
2021-06-18 09:31:47,3665.95,32247
2021-06-18 09:31:51,3665.95,32276
2021-06-18 09:31:55,3665.95,32276
2021-06-18 09:31:59,3664.2,32405
2021-06-18 09:32:03,3665.9,32454
2021-06-18 09:32:07,3664.2,32562
2021-06-18 09:32:11,3664.45,32567
2021-06-18 09:32:15,3664.45,32626
2021-06-18 09:32:19,3664.75,32744
2021-06-18 09:32:23,3665.7,32754
2021-06-18 09:32:27,3664.45,32803
2021-06-18 09:32:32,3667.15,33059
2021-06-18 09:32:35,3664.2,33066
2021-06-18 09:32:39,3665.6,33096
2021-06-18 09:32:43,3665.2,33114
2021-06-18 09:32:47,3665.85,33144
2021-06-18 09:32:51,3665.0,33217
2021-06-18 09:32:55,3665.85,33221
2021-06-18 09:32:59,3665.8,33242
2021-06-18 09:33:03,3664.5,33250
2021-06-18 09:33:07,3665.75,33251
2021-06-18 09:33:11,3665.75,33251
2021-06-18 09:33:15,3665.0,33253
2021-06-18 09:33:19,3665.4,33261
2021-06-18 09:33:23,3665.4,33335
2021-06-18 09:33:27,3665.7,33340
2021-06-18 09:33:31,3664.5,33389
2021-06-18 09:33:35,3665.4,33395
2021-06-18 09:33:39,3666.0,33654
2021-06-18 09:33:43,3666.0,33680
2021-06-18 09:33:47,3666.0,33742
2021-06-18 09:33:51,3665.7,33758
2021-06-18 09:33:54,3664.2,33770
2021-06-18 09:33:59,3666.0,34085
2021-06-18 09:34:03,3664.2,34133
2021-06-18 09:34:07,3666.0,34143
2021-06-18 09:34:12,3665.9,34166
2021-06-18 09:34:16,3665.9,34172
2021-06-18 09:34:20,3665.9,34191
2021-06-18 09:34:24,3663.8,34515
2021-06-18 09:34:28,3666.0,34872
2021-06-18 09:34:32,3666.0,34878
2021-06-18 09:34:36,3665.5,34936
2021-06-18 09:34:40,3664.2,34941
2021-06-18 09:34:44,3664.2,34946
2021-06-18 09:34:48,3664.2,34966
2021-06-18 09:34:52,3665.5,34978
2021-06-18 09:34:56,3664.2,34981
2021-06-18 09:34:59,3665.9,35169
2021-06-18 09:35:03,3665.0,35204
2021-06-18 09:35:08,3665.5,35234
2021-06-18 09:35:12,3664.3,35410
2021-06-18 09:35:16,3665.95,35412
2021-06-18 09:35:20,3665.95,35502
2021-06-18 09:35:24,3664.1,35519
2021-06-18 09:35:27,3664.1,35526
2021-06-18 09:35:31,3662.95,35571
2021-06-18 09:35:35,3662.35,35604
2021-06-18 09:35:39,3662.95,35614
2021-06-18 09:35:43,3661.85,35665
2021-06-18 09:35:47,3661.6,35681
2021-06-18 09:35:51,3661.6,36170
2021-06-18 09:35:58,3661.95,36335
2021-06-18 09:36:03,3660.0,36435
2021-06-18 09:36:06,3661.2,36564
2021-06-18 09:36:11,3660.0,36610
2021-06-18 09:36:15,3660.35,36634
2021-06-18 09:36:18,3660.0,36643
2021-06-18 09:36:22,3659.0,36751
2021-06-18 09:36:26,3657.5,37058
2021-06-18 09:36:34,3657.75,37197
2021-06-18 09:36:38,3657.75,37210
2021-06-18 09:36:42,3658.8,37241
2021-06-18 09:36:45,3656.65,37395
2021-06-18 09:36:49,3655.0,37510
2021-06-18 09:36:52,3656.6,37540
2021-06-18 09:36:56,3656.65,37667
2021-06-18 09:37:01,3656.6,37741
2021-06-18 09:37:05,3656.55,37797
2021-06-18 09:37:09,3654.9,37831
2021-06-18 09:37:13,3655.0,37843
2021-06-18 09:37:17,3656.6,37896
2021-06-18 09:37:21,3654.9,37959
2021-06-18 09:37:25,3656.6,37978
2021-06-18 09:37:29,3655.15,37991
2021-06-18 09:37:33,3655.2,38033
2021-06-18 09:37:37,3657.0,38043
2021-06-18 09:37:45,3655.25,38059
2021-06-18 09:37:49,3656.9,38065
2021-06-18 09:37:52,3656.9,38068
2021-06-18 09:37:56,3656.1,38079
2021-06-18 09:38:00,3656.6,38087
2021-06-18 09:38:04,3656.6,38124
2021-06-18 09:38:09,3656.6,38134
2021-06-18 09:38:13,3656.6,38146
2021-06-18 09:38:17,3655.1,38166
2021-06-18 09:38:21,3655.1,38191
2021-06-18 09:38:25,3656.6,38206
2021-06-18 09:38:28,3656.6,38209
2021-06-18 09:38:33,3657.0,38345
2021-06-18 09:38:37,3657.75,38411
2021-06-18 09:38:41,3656.6,38446
2021-06-18 09:38:45,3656.55,38465
2021-06-18 09:38:49,3657.95,38490
2021-06-18 09:38:53,3657.0,38499
2021-06-18 09:38:57,3656.6,38565
2021-06-18 09:39:00,3658.2,38583
2021-06-18 09:39:04,3658.15,38588
2021-06-18 09:39:08,3658.2,38643
2021-06-18 09:39:12,3658.3,38657
2021-06-18 09:39:17,3658.15,38660
2021-06-18 09:39:21,3658.15,38663
2021-06-18 09:39:25,3658.15,38667
2021-06-18 09:39:29,3658.15,38669
2021-06-18 09:39:33,3657.9,38670
2021-06-18 09:39:37,3658.65,38910
2021-06-18 09:39:41,3660.0,38972
2021-06-18 09:39:45,3660.0,38989
2021-06-18 09:39:49,3661.1,39015
2021-06-18 09:39:53,3661.45,39048
2021-06-18 09:39:57,3661.3,39101
2021-06-18 09:40:01,3661.75,39173
2021-06-18 09:40:05,3661.1,39233
2021-06-18 09:40:09,3661.95,39268
2021-06-18 09:40:12,3661.3,39292
2021-06-18 09:40:16,3661.95,39301
2021-06-18 09:40:20,3660.8,39319
2021-06-18 09:40:24,3659.05,39424
2021-06-18 09:40:28,3659.95,39561
2021-06-18 09:40:32,3658.65,39600
2021-06-18 09:40:36,3660.85,39613
2021-06-18 09:40:40,3660.85,39616
2021-06-18 09:40:43,3658.9,39635
2021-06-18 09:40:47,3659.2,39642
2021-06-18 09:40:51,3659.1,39673
2021-06-18 09:40:55,3660.8,39682
2021-06-18 09:40:58,3660.8,39685
2021-06-18 09:41:02,3660.8,39686
2021-06-18 09:41:06,3660.8,39686
2021-06-18 09:41:10,3660.8,39687
2021-06-18 09:41:13,3658.9,39760
2021-06-18 09:41:17,3659.65,39779
2021-06-18 09:41:20,3658.0,39796
2021-06-18 09:41:24,3657.15,39815
2021-06-18 09:41:28,3658.0,39831
2021-06-18 09:41:31,3657.1,39864
2021-06-18 09:41:35,3658.0,39875
2021-06-18 09:41:38,3658.0,39878
2021-06-18 09:41:42,3657.0,39879
2021-06-18 09:41:45,3657.95,39921
2021-06-18 09:41:49,3656.75,39943
2021-06-18 09:41:52,3657.25,39953
2021-06-18 09:41:56,3657.05,39965
2021-06-18 09:42:00,3656.9,39970
2021-06-18 09:42:04,3656.9,39975
2021-06-18 09:42:08,3657.0,39990
2021-06-18 09:42:12,3657.95,39993
2021-06-18 09:42:15,3656.55,40019
2021-06-18 09:42:18,3657.0,40076
2021-06-18 09:42:22,3656.75,40305
2021-06-18 09:42:26,3657.95,40375
2021-06-18 09:42:30,3657.0,40394
2021-06-18 09:42:33,3655.5,40414
2021-06-18 09:42:37,3655.0,40449
2021-06-18 09:42:41,3655.5,40458
2021-06-18 09:42:45,3655.0,40470
2021-06-18 09:42:49,3655.5,40473
2021-06-18 09:42:50,3655.0,40484
2021-06-18 09:42:51,3655.3,40488
2021-06-18 09:42:52,3655.9,40573
2021-06-18 09:42:53,3657.0,40594
2021-06-18 09:42:54,3655.45,40601
2021-06-18 09:42:55,3656.95,40603
2021-06-18 09:42:56,3656.8,40604
2021-06-18 09:42:57,3656.8,40604
2021-06-18 09:42:58,3656.8,40604
2021-06-18 09:42:59,3656.8,40604
2021-06-18 09:43:01,3656.8,40604
2021-06-18 09:43:02,3656.8,40604
2021-06-18 09:43:03,3656.8,40604
2021-06-18 09:43:04,3656.8,40604
2021-06-18 09:43:05,3656.8,40604
2021-06-18 09:43:07,3655.0,40606
2021-06-18 09:43:08,3655.0,40706
2021-06-18 09:43:08,3656.4,40731
2021-06-18 09:43:09,3656.55,40738
2021-06-18 09:43:10,3656.55,40739
2021-06-18 09:43:11,3655.0,40750
2021-06-18 09:43:12,3656.0,40752
2021-06-18 09:43:13,3656.0,40754
2021-06-18 09:43:14,3656.0,40754
2021-06-18 09:43:15,3656.0,40754
2021-06-18 09:43:16,3656.0,40754
2021-06-18 09:43:17,3656.0,40754
2021-06-18 09:43:18,3655.5,40763
2021-06-18 09:43:19,3655.9,40766
2021-06-18 09:43:20,3655.9,40766
2021-06-18 09:43:21,3655.9,40766
2021-06-18 09:43:22,3655.9,40766
2021-06-18 09:43:24,3655.9,40766
2021-06-18 09:43:25,3655.9,40766
2021-06-18 09:43:26,3655.9,40766
2021-06-18 09:43:27,3655.85,40771
2021-06-18 09:43:28,3655.85,40773
2021-06-18 09:43:29,3655.85,40773
2021-06-18 09:43:29,3655.0,40778
2021-06-18 09:43:30,3655.85,40779
2021-06-18 09:43:31,3655.85,40780
2021-06-18 09:43:32,3654.9,40835
2021-06-18 09:43:33,3655.5,40850
2021-06-18 09:43:34,3655.55,40853
2021-06-18 09:43:35,3655.6,40854
2021-06-18 09:43:36,3655.6,40854
2021-06-18 09:43:37,3655.6,40854
2021-06-18 09:43:39,3655.0,40860
2021-06-18 09:43:39,3655.55,40862
2021-06-18 09:43:40,3655.55,40862
2021-06-18 09:43:41,3655.75,40914
2021-06-18 09:43:42,3652.0,41129
2021-06-18 09:43:43,3653.1,41219
2021-06-18 09:43:44,3653.1,41254
2021-06-18 09:43:45,3655.1,41262
2021-06-18 09:43:46,3652.7,41284
2021-06-18 09:43:47,3654.9,41290
2021-06-18 09:43:48,3654.95,41291
2021-06-18 09:43:49,3654.95,41292
2021-06-18 09:43:51,3655.35,41304
2021-06-18 09:43:51,3655.35,41307
2021-06-18 09:43:52,3655.35,41308
2021-06-18 09:43:53,3652.65,41388
2021-06-18 09:43:54,3654.95,41408
2021-06-18 09:43:55,3654.9,41413
2021-06-18 09:43:56,3654.95,41414
2021-06-18 09:43:57,3654.95,41414
2021-06-18 09:43:58,3654.95,41414
2021-06-18 09:43:59,3652.7,41464
2021-06-18 09:44:00,3654.9,41477
2021-06-18 09:44:01,3654.9,41480
2021-06-18 09:44:02,3654.9,41481
2021-06-18 09:44:04,3652.8,41486
2021-06-18 09:44:05,3654.95,41496
2021-06-18 09:44:06,3655.3,41499
2021-06-18 09:44:07,3655.3,41500
2021-06-18 09:44:08,3655.3,41500
2021-06-18 09:44:09,3655.3,41500
2021-06-18 09:44:10,3655.0,41561
2021-06-18 09:44:11,3652.8,41578
2021-06-18 09:44:12,3655.15,41582
2021-06-18 09:44:13,3652.8,41587
2021-06-18 09:44:16,3655.1,41595
2021-06-18 09:44:16,3655.1,41596
2021-06-18 09:44:17,3652.8,41597
2021-06-18 09:44:18,3654.0,41605
2021-06-18 09:44:20,3655.0,41608
2021-06-18 09:44:21,3655.0,41608
2021-06-18 09:44:22,3655.0,41608
2021-06-18 09:44:23,3655.0,41608
2021-06-18 09:44:24,3652.9,41646
2021-06-18 09:44:25,3654.95,41655
2021-06-18 09:44:26,3653.0,41670
2021-06-18 09:44:27,3654.85,41675
2021-06-18 09:44:28,3654.85,41679
2021-06-18 09:44:29,3653.15,41731
2021-06-18 09:44:30,3654.9,41744
2021-06-18 09:44:31,3654.8,41747
2021-06-18 09:44:32,3654.8,41748
2021-06-18 09:44:33,3654.8,41748
2021-06-18 09:44:34,3653.15,41749
2021-06-18 09:44:35,3653.1,41771
2021-06-18 09:44:36,3654.75,41777
2021-06-18 09:44:37,3653.25,41783
2021-06-18 09:44:38,3654.7,41785
2021-06-18 09:44:40,3653.3,41792
2021-06-18 09:44:41,3654.7,41794
2021-06-18 09:44:42,3654.7,41794
2021-06-18 09:44:43,3653.15,41796
2021-06-18 09:44:44,3654.7,41797
2021-06-18 09:44:45,3654.7,41797
2021-06-18 09:44:46,3654.7,41797
2021-06-18 09:44:47,3652.95,41802
2021-06-18 09:44:48,3654.65,41804
2021-06-18 09:44:49,3654.65,41804
2021-06-18 09:44:50,3654.65,41804
2021-06-18 09:44:51,3652.25,41826
2021-06-18 09:44:52,3653.35,41858
2021-06-18 09:44:53,3654.45,41904
2021-06-18 09:44:54,3654.4,41918
2021-06-18 09:44:55,3652.9,41928
2021-06-18 09:44:56,3652.95,41941
2021-06-18 09:44:57,3654.35,41944
2021-06-18 09:44:58,3652.75,41946
2021-06-18 09:44:59,3652.75,41946
2021-06-18 09:45:00,3652.75,41946
2021-06-18 09:45:01,3652.75,41946
2021-06-18 09:45:02,3652.05,41956
2021-06-18 09:45:03,3653.95,41961
2021-06-18 09:45:04,3653.95,41962
2021-06-18 09:45:05,3653.9,41967
2021-06-18 09:45:06,3652.0,41976
2021-06-18 09:45:07,3653.85,41978
2021-06-18 09:45:08,3653.85,41978
2021-06-18 09:45:09,3653.85,41988
2021-06-18 09:45:10,3654.55,42143
2021-06-18 09:45:11,3653.75,42186
2021-06-18 09:45:12,3653.75,42200
2021-06-18 09:45:13,3653.75,42204
2021-06-18 09:45:14,3653.75,42207
2021-06-18 09:45:15,3653.75,42219
2021-06-18 09:45:16,3653.75,42222
2021-06-18 09:45:17,3652.05,42322
2021-06-18 09:45:18,3653.7,42348
2021-06-18 09:45:19,3653.7,42355
2021-06-18 09:45:20,3653.7,42388
2021-06-18 09:45:21,3654.7,42406
2021-06-18 09:45:22,3655.75,42463
2021-06-18 09:45:23,3655.75,42485
2021-06-18 09:45:24,3656.0,42504
2021-06-18 09:45:25,3656.55,42513
2021-06-18 09:45:26,3656.8,42518
2021-06-18 09:45:27,3655.65,42530
2021-06-18 09:45:28,3655.6,42580
2021-06-18 09:45:29,3658.0,42593
2021-06-18 09:45:30,3657.75,42648
2021-06-18 09:45:31,3655.65,42682
2021-06-18 09:45:32,3657.5,42699
2021-06-18 09:45:33,3657.75,42708
2021-06-18 09:45:34,3656.0,42714
2021-06-18 09:45:36,3657.75,42719
2021-06-18 09:45:37,3657.75,42730
2021-06-18 09:45:38,3657.75,42732
2021-06-18 09:45:39,3657.75,42733
2021-06-18 09:45:39,3657.75,42733
2021-06-18 09:45:41,3657.8,42735
2021-06-18 09:45:41,3656.1,42776
2021-06-18 09:45:42,3657.7,42786
2021-06-18 09:45:43,3657.8,42805
2021-06-18 09:45:44,3658.1,42815
2021-06-18 09:45:45,3658.1,42820
2021-06-18 09:45:46,3658.1,42821
2021-06-18 09:45:47,3658.1,42821
2021-06-18 09:45:48,3656.75,42827
2021-06-18 09:45:50,3658.0,42834
2021-06-18 09:45:51,3658.0,42834
2021-06-18 09:45:52,3658.0,42834
2021-06-18 09:45:53,3656.15,42845
2021-06-18 09:45:54,3658.0,42848
2021-06-18 09:45:55,3657.95,42849
2021-06-18 09:45:56,3655.8,42919
2021-06-18 09:45:57,3657.9,42937
2021-06-18 09:45:58,3657.95,42941
2021-06-18 09:45:59,3655.9,42947
2021-06-18 09:46:01,3657.8,42949
2021-06-18 09:46:02,3657.8,42949
2021-06-18 09:46:03,3657.8,42949
2021-06-18 09:46:05,3657.8,42949
2021-06-18 09:46:06,3657.8,42949
2021-06-18 09:46:07,3657.8,42949
2021-06-18 09:46:08,3657.8,42949
2021-06-18 09:46:09,3657.8,42949
2021-06-18 09:46:10,3657.8,42949
2021-06-18 09:46:11,3657.15,42956
2021-06-18 09:46:12,3657.15,42958
2021-06-18 09:46:13,3657.15,42958
2021-06-18 09:46:14,3657.15,42958
2021-06-18 09:46:15,3655.15,42963
2021-06-18 09:46:15,3656.25,42965
2021-06-18 09:46:16,3655.0,43006
2021-06-18 09:46:17,3656.0,43032
2021-06-18 09:46:18,3656.25,43039
2021-06-18 09:46:19,3655.55,43048
2021-06-18 09:46:20,3655.75,43089
2021-06-18 09:46:22,3656.7,43099
2021-06-18 09:46:23,3656.7,43102
2021-06-18 09:46:24,3656.7,43102
2021-06-18 09:46:25,3656.7,43102
2021-06-18 09:46:26,3656.7,43102
2021-06-18 09:46:27,3656.7,43102
2021-06-18 09:46:28,3656.25,43103
2021-06-18 09:46:29,3656.25,43152
2021-06-18 09:46:30,3656.65,43164
2021-06-18 09:46:31,3656.65,43167
2021-06-18 09:46:32,3656.65,43168
2021-06-18 09:46:33,3655.95,43169
2021-06-18 09:46:34,3655.95,43169
2021-06-18 09:46:35,3656.0,43185
2021-06-18 09:46:35,3655.95,43189
2021-06-18 09:46:37,3655.5,43195
2021-06-18 09:46:37,3655.95,43197
2021-06-18 09:46:39,3655.95,43197
2021-06-18 09:46:40,3655.95,43197
2021-06-18 09:46:41,3655.95,43197
2021-06-18 09:46:42,3655.95,43197
2021-06-18 09:46:44,3655.95,43197
2021-06-18 09:46:45,3656.0,43207
2021-06-18 09:46:45,3655.85,43210
2021-06-18 09:46:46,3655.85,43210
2021-06-18 09:46:47,3655.85,43220
2021-06-18 09:46:48,3656.0,43245
2021-06-18 09:46:49,3656.0,43289
2021-06-18 09:46:50,3655.75,43305
2021-06-18 09:46:52,3655.75,43310
2021-06-18 09:46:54,3656.0,43324
2021-06-18 09:46:55,3656.0,43325
2021-06-18 09:46:56,3656.0,43325
2021-06-18 09:46:57,3656.0,43333
2021-06-18 09:46:58,3656.0,43366
2021-06-18 09:46:59,3655.85,43374
2021-06-18 09:47:00,3655.85,43376
2021-06-18 09:47:00,3655.85,43377
2021-06-18 09:47:01,3655.55,43379
2021-06-18 09:47:02,3655.85,43382
2021-06-18 09:47:03,3655.85,43382
2021-06-18 09:47:04,3655.55,43383
2021-06-18 09:47:05,3655.0,43447
2021-06-18 09:47:06,3656.35,43463
2021-06-18 09:47:07,3656.35,43467
2021-06-18 09:47:08,3656.35,43468
2021-06-18 09:47:09,3656.35,43474
2021-06-18 09:47:10,3656.35,43479
2021-06-18 09:47:11,3656.35,43485
2021-06-18 09:47:12,3656.35,43486
2021-06-18 09:47:14,3656.35,43486
2021-06-18 09:47:15,3656.8,43489
2021-06-18 09:47:15,3656.8,43488
2021-06-18 09:47:16,3655.7,43492
2021-06-18 09:47:17,3655.7,43500
2021-06-18 09:47:19,3657.1,43502
2021-06-18 09:47:20,3657.1,43502
2021-06-18 09:47:21,3657.1,43502
2021-06-18 09:47:22,3657.1,43509
2021-06-18 09:47:22,3657.1,43507
2021-06-18 09:47:23,3657.1,43509
2021-06-18 09:47:24,3657.1,43509
2021-06-18 09:47:25,3657.1,43509
2021-06-18 09:47:26,3657.1,43510
2021-06-18 09:47:27,3656.95,43512
2021-06-18 09:47:28,3657.1,43513
2021-06-18 09:47:29,3657.1,43517
2021-06-18 09:47:30,3657.1,43518
2021-06-18 09:47:31,3657.1,43518
2021-06-18 09:47:32,3657.1,43518
2021-06-18 09:47:33,3657.1,43519
2021-06-18 09:47:34,3657.0,43520
2021-06-18 09:47:35,3657.0,43520
2021-06-18 09:47:36,3657.0,43529
2021-06-18 09:47:37,3657.1,43535
2021-06-18 09:47:38,3657.1,43537
2021-06-18 09:47:40,3657.45,43566
2021-06-18 09:47:40,3657.15,43560
2021-06-18 09:47:42,3657.45,43597
2021-06-18 09:47:42,3657.75,43605
2021-06-18 09:47:43,3657.75,43607
2021-06-18 09:47:44,3657.75,43617
2021-06-18 09:47:45,3657.75,43619
2021-06-18 09:47:46,3657.75,43627
2021-06-18 09:47:47,3657.75,43629
2021-06-18 09:47:49,3657.75,43631
2021-06-18 09:47:50,3657.75,43632
2021-06-18 09:47:53,3657.5,43642
2021-06-18 09:47:57,3657.75,43645
2021-06-18 09:48:05,3657.8,43678
2021-06-18 09:48:09,3654.6,43825
2021-06-18 09:48:13,3656.9,43934
2021-06-18 09:48:17,3656.35,43966
2021-06-18 09:48:21,3656.35,44172
2021-06-18 09:48:25,3656.7,44186
2021-06-18 09:48:29,3656.7,44187
2021-06-18 09:48:33,3656.35,44188
2021-06-18 09:48:36,3656.0,44196
2021-06-18 09:48:40,3655.5,44302
2021-06-18 09:48:44,3655.05,44338
2021-06-18 09:48:47,3655.05,44338
2021-06-18 09:48:52,3652.0,44388
2021-06-18 09:48:55,3654.45,44389
2021-06-18 09:48:59,3652.25,44391
2021-06-18 09:49:03,3652.4,44396
2021-06-18 09:49:06,3654.25,44555
2021-06-18 09:49:10,3654.2,44575
2021-06-18 09:49:14,3654.0,44604
2021-06-18 09:49:18,3652.55,44638
2021-06-18 09:49:22,3652.55,44667
2021-06-18 09:49:26,3652.5,44694
2021-06-18 09:49:30,3652.0,44789
2021-06-18 09:49:34,3652.0,44839
2021-06-18 09:49:39,3652.0,44898
2021-06-18 09:49:43,3652.5,44933
2021-06-18 09:49:47,3652.5,44937
2021-06-18 09:49:51,3652.0,44953
2021-06-18 09:49:56,3652.25,45174
2021-06-18 09:50:00,3652.5,45415
2021-06-18 09:50:04,3652.45,45545
2021-06-18 09:50:09,3652.45,45571
2021-06-18 09:50:13,3650.25,45581
2021-06-18 09:50:17,3650.05,45692
2021-06-18 09:50:21,3650.0,46406
2021-06-18 09:50:25,3648.45,46437
2021-06-18 09:50:30,3648.45,46534
2021-06-18 09:50:34,3648.85,46669
2021-06-18 09:50:38,3647.6,46835
2021-06-18 09:50:42,3647.95,46843
2021-06-18 09:50:47,3648.0,46973
2021-06-18 09:50:54,3646.25,47021
2021-06-18 09:50:59,3646.15,47027
2021-06-18 09:51:07,3646.0,47133
2021-06-18 09:51:11,3645.25,47213
2021-06-18 09:51:14,3646.5,47251
2021-06-18 09:51:18,3646.0,47333
2021-06-18 09:51:23,3646.45,47343
2021-06-18 09:51:27,3646.0,47345
2021-06-18 09:51:31,3645.85,47366
2021-06-18 09:51:35,3642.85,47885
2021-06-18 09:51:39,3638.0,48480
2021-06-18 09:51:43,3640.05,49008
2021-06-18 09:51:47,3641.55,49013
2021-06-18 09:51:51,3641.15,49103
2021-06-18 09:51:55,3640.5,49138
2021-06-18 09:51:59,3640.5,49506
2021-06-18 09:52:03,3642.45,49609
2021-06-18 09:52:11,3640.0,49750
2021-06-18 09:52:14,3640.0,49750
2021-06-18 09:52:18,3645.7,49892
2021-06-18 09:52:22,3645.0,49931
2021-06-18 09:52:26,3645.45,50008
2021-06-18 09:52:34,3642.95,50091
2021-06-18 09:52:38,3642.2,50109
2021-06-18 09:52:42,3644.6,50115
2021-06-18 09:52:45,3643.0,50118
2021-06-18 09:52:50,3643.0,50137
2021-06-18 09:52:51,3641.1,50150
2021-06-18 09:52:51,3641.1,50150
2021-06-18 09:52:52,3641.1,50150
2021-06-18 09:52:53,3641.1,50150
2021-06-18 09:52:55,3642.45,50155
2021-06-18 09:52:54,3642.45,50155
2021-06-18 09:52:56,3642.45,50157
2021-06-18 09:52:57,3642.45,50157
2021-06-18 09:52:59,3642.45,50157
2021-06-18 09:52:59,3642.45,50157
2021-06-18 09:53:00,3642.4,50208
2021-06-18 09:53:01,3640.55,50212
2021-06-18 09:53:02,3640.8,50228
2021-06-18 09:53:03,3640.6,50283
2021-06-18 09:53:04,3640.6,50283
2021-06-18 09:53:05,3640.35,50338
2021-06-18 09:53:06,3640.35,50341
2021-06-18 09:53:07,3640.35,50341
2021-06-18 09:53:08,3640.35,50467
2021-06-18 09:53:09,3640.15,50517
2021-06-18 09:53:10,3640.15,50517
2021-06-18 09:53:11,3640.1,50857
2021-06-18 09:53:12,3641.85,50859
2021-06-18 09:53:13,3640.2,50869
2021-06-18 09:53:14,3641.85,50894
2021-06-18 09:53:15,3641.85,50894
2021-06-18 09:53:16,3641.85,50896
2021-06-18 09:53:17,3641.85,50906
2021-06-18 09:53:18,3641.85,50906
2021-06-18 09:53:19,3641.85,50907
2021-06-18 09:53:20,3641.85,50910
2021-06-18 09:53:22,3641.85,50910
2021-06-18 09:53:23,3641.85,50910
2021-06-18 09:53:23,3641.85,50910
2021-06-18 09:53:25,3641.85,50910
2021-06-18 09:53:26,3641.85,50910
2021-06-18 09:53:27,3641.85,50910
2021-06-18 09:53:28,3641.45,50918
2021-06-18 09:53:29,3641.45,50918
2021-06-18 09:53:30,3641.7,50931
2021-06-18 09:53:32,3641.7,50931
2021-06-18 09:53:35,3641.7,50931
2021-06-18 09:53:36,3641.7,50931
2021-06-18 09:53:37,3641.7,50931
2021-06-18 09:53:38,3641.7,50931
2021-06-18 09:53:39,3641.7,50931
2021-06-18 09:53:41,3640.25,50981
2021-06-18 09:53:42,3640.25,50981
2021-06-18 09:53:43,3641.7,51031
2021-06-18 09:53:44,3641.7,51049
2021-06-18 09:53:45,3641.7,51051
2021-06-18 09:53:46,3641.7,51051
2021-06-18 09:53:47,3641.65,51052
2021-06-18 09:53:48,3641.65,51052
2021-06-18 09:53:49,3641.65,51052
2021-06-18 09:53:50,3641.0,51255
2021-06-18 09:53:51,3640.15,51260
2021-06-18 09:53:53,3640.15,51260
2021-06-18 09:53:53,3640.15,51260
2021-06-18 09:53:54,3640.15,51268
2021-06-18 09:53:55,3640.15,51270
2021-06-18 09:53:56,3640.15,51270
2021-06-18 09:53:57,3640.15,51270
2021-06-18 09:53:58,3640.15,51270
2021-06-18 09:53:59,3639.25,51331
2021-06-18 09:54:00,3639.25,51331
2021-06-18 09:54:01,3639.9,51338
2021-06-18 09:54:02,3637.4,51388
2021-06-18 09:54:03,3637.4,51404
2021-06-18 09:54:04,3637.4,51404
2021-06-18 09:54:05,3637.4,51404
2021-06-18 09:54:06,3635.75,52700
2021-06-18 09:54:07,3635.7,52701
2021-06-18 09:54:08,3635.7,52707
2021-06-18 09:54:09,3635.7,52707
2021-06-18 09:54:10,3635.3,52731
2021-06-18 09:54:11,3634.9,52737
2021-06-18 09:54:12,3634.0,52751
2021-06-18 09:54:13,3633.95,52926
2021-06-18 09:54:14,3634.0,52936
2021-06-18 09:54:15,3632.55,53058
2021-06-18 09:54:16,3634.35,53076
2021-06-18 09:54:17,3632.65,53077
2021-06-18 09:54:18,3632.65,53077
2021-06-18 09:54:19,3632.65,53077
2021-06-18 09:54:20,3632.55,53101
2021-06-18 09:54:21,3632.55,53103
2021-06-18 09:54:23,3632.55,53107
2021-06-18 09:54:25,3632.2,53110
2021-06-18 09:54:25,3632.2,53110
2021-06-18 09:54:26,3632.2,53145
2021-06-18 09:54:27,3632.2,53178
2021-06-18 09:54:29,3632.9,53196
2021-06-18 09:54:30,3632.2,53216
2021-06-18 09:54:31,3631.7,53256
2021-06-18 09:54:31,3631.85,53271
2021-06-18 09:54:33,3631.0,53301
2021-06-18 09:54:34,3631.0,53301
2021-06-18 09:54:35,3631.0,53316
2021-06-18 09:54:36,3631.8,53336
2021-06-18 09:54:37,3628.65,53661
2021-06-18 09:54:37,3628.65,53661
2021-06-18 09:54:39,3628.0,53740
2021-06-18 09:54:39,3627.0,53744
2021-06-18 09:54:40,3628.8,53794
2021-06-18 09:54:41,3628.8,53794
2021-06-18 09:54:43,3626.75,53808
2021-06-18 09:54:44,3626.75,53809
2021-06-18 09:54:44,3629.95,53951
2021-06-18 09:54:46,3627.6,54139
2021-06-18 09:54:47,3627.6,54139
2021-06-18 09:54:49,3627.6,54139
2021-06-18 09:54:50,3629.35,54141
2021-06-18 09:54:51,3629.35,54141
2021-06-18 09:54:51,3629.35,54141
2021-06-18 09:54:52,3629.35,54141
2021-06-18 09:54:53,3629.4,54165
2021-06-18 09:54:54,3629.4,54165
2021-06-18 09:54:55,3627.35,54210
2021-06-18 09:54:56,3627.35,54210
2021-06-18 09:54:57,3627.35,54585
2021-06-18 09:54:58,3629.3,54630
2021-06-18 09:54:59,3627.45,54642
2021-06-18 09:55:01,3627.35,54712
2021-06-18 09:55:01,3630.0,54928
2021-06-18 09:55:02,3629.8,55178
2021-06-18 09:55:03,3631.75,55211
2021-06-18 09:55:04,3631.75,55211
2021-06-18 09:55:05,3632.0,55248
2021-06-18 09:55:06,3631.8,55250
2021-06-18 09:55:07,3629.55,55305
2021-06-18 09:55:08,3631.95,55345
2021-06-18 09:55:10,3631.95,55345
2021-06-18 09:55:10,3629.95,55367
2021-06-18 09:55:11,3629.95,55372
2021-06-18 09:55:13,3627.65,55422
2021-06-18 09:55:14,3627.75,55485
2021-06-18 09:55:14,3627.75,55485
2021-06-18 09:55:15,3627.75,55485
2021-06-18 09:55:16,3630.15,55500
2021-06-18 09:55:17,3627.8,55570
2021-06-18 09:55:18,3629.9,55593
2021-06-18 09:55:19,3629.9,55627
2021-06-18 09:55:20,3629.85,55647
2021-06-18 09:55:21,3629.85,55647
2021-06-18 09:55:22,3629.85,55647
2021-06-18 09:55:23,3627.5,55650
2021-06-18 09:55:24,3629.75,55751
2021-06-18 09:55:25,3629.7,55921
2021-06-18 09:55:26,3629.7,55921
2021-06-18 09:55:27,3629.7,55921
2021-06-18 09:55:29,3628.0,55923
2021-06-18 09:55:29,3628.0,55923
2021-06-18 09:55:30,3628.0,55923
2021-06-18 09:55:31,3628.0,55923
2021-06-18 09:55:32,3627.9,55924
2021-06-18 09:55:33,3627.9,55924
2021-06-18 09:55:34,3627.9,55924
2021-06-18 09:55:35,3629.3,55928
2021-06-18 09:55:36,3629.3,55928
2021-06-18 09:55:37,3629.3,55951
2021-06-18 09:55:38,3629.3,55951
2021-06-18 09:55:39,3629.5,55955
2021-06-18 09:55:40,3629.5,55957
2021-06-18 09:55:41,3629.5,55957
2021-06-18 09:55:42,3629.5,55957
2021-06-18 09:55:43,3629.5,55957
2021-06-18 09:55:45,3629.5,55957
2021-06-18 09:55:45,3629.5,55957
2021-06-18 09:55:46,3628.0,55977
2021-06-18 09:55:47,3628.0,55977
2021-06-18 09:55:48,3628.0,55977
2021-06-18 09:55:49,3627.5,55995
2021-06-18 09:55:50,3627.2,56003
2021-06-18 09:55:51,3627.2,56003
2021-06-18 09:55:52,3627.2,56003
2021-06-18 09:55:54,3627.05,56007
2021-06-18 09:55:54,3627.05,56007
2021-06-18 09:55:57,3626.8,56063
2021-06-18 09:55:57,3626.8,56063
2021-06-18 09:55:58,3627.0,56065
2021-06-18 09:55:59,3627.0,56065
2021-06-18 09:56:00,3626.75,56067
2021-06-18 09:56:01,3626.75,56067
2021-06-18 09:56:02,3626.75,56067
2021-06-18 09:56:03,3627.0,56077
2021-06-18 09:56:04,3626.65,56087
2021-06-18 09:56:05,3626.65,56102
2021-06-18 09:56:08,3626.3,56118
2021-06-18 09:56:09,3625.0,56448
2021-06-18 09:56:12,3623.1,56484
2021-06-18 09:56:12,3623.65,56517
2021-06-18 09:56:13,3623.65,56517
2021-06-18 09:56:15,3623.65,56517
2021-06-18 09:56:15,3623.1,56520
2021-06-18 09:56:16,3623.1,56520
2021-06-18 09:56:18,3625.0,56668
2021-06-18 09:56:19,3623.1,56683
2021-06-18 09:56:21,3625.0,57074
2021-06-18 09:56:23,3624.15,57124
2021-06-18 09:56:24,3624.3,57125
2021-06-18 09:56:25,3624.7,57163
2021-06-18 09:56:26,3624.7,57163
2021-06-18 09:56:27,3624.7,57286
2021-06-18 09:56:28,3624.6,57287
2021-06-18 09:56:29,3624.6,57287
2021-06-18 09:56:30,3623.7,57290
2021-06-18 09:56:31,3625.65,57316
2021-06-18 09:56:32,3623.7,57363
2021-06-18 09:56:33,3623.7,57404
2021-06-18 09:56:34,3623.7,57423
2021-06-18 09:56:35,3623.0,57432
2021-06-18 09:56:36,3623.0,57432
2021-06-18 09:56:37,3623.7,57439
2021-06-18 09:56:38,3623.7,57446
2021-06-18 09:56:40,3623.7,57446
2021-06-18 09:56:40,3622.0,57489
2021-06-18 09:56:41,3622.35,57495
2021-06-18 09:56:42,3624.5,57502
2021-06-18 09:56:44,3624.5,57502
2021-06-18 09:56:45,3622.3,57504
2021-06-18 09:56:46,3622.3,57504
2021-06-18 09:56:47,3622.3,57504
2021-06-18 09:56:48,3622.3,57504
2021-06-18 09:56:49,3625.7,57565
2021-06-18 09:56:49,3625.7,57565
2021-06-18 09:56:50,3623.45,57570
2021-06-18 09:56:51,3623.45,57570
2021-06-18 09:56:52,3623.45,57570
2021-06-18 09:56:53,3624.8,57596
2021-06-18 09:56:55,3624.8,57596
2021-06-18 09:56:56,3623.4,57606
2021-06-18 09:56:57,3623.4,57606
2021-06-18 09:56:58,3622.0,57640
2021-06-18 09:56:59,3622.0,57640
2021-06-18 09:57:00,3624.25,57641
2021-06-18 09:57:01,3624.25,57642
2021-06-18 09:57:02,3622.0,57650
2021-06-18 09:57:03,3622.0,57652
2021-06-18 09:57:04,3621.6,57662
2021-06-18 09:57:05,3621.6,57662
2021-06-18 09:57:06,3622.35,57731
2021-06-18 09:57:07,3622.35,57731
2021-06-18 09:57:08,3622.35,57731
2021-06-18 09:57:09,3622.05,57733
2021-06-18 09:57:10,3621.6,57743
2021-06-18 09:57:11,3622.05,57751
2021-06-18 09:57:12,3621.6,57761
2021-06-18 09:57:13,3621.6,57817
2021-06-18 09:57:14,3621.6,57817
2021-06-18 09:57:14,3621.6,57817
2021-06-18 09:57:15,3621.9,57873
2021-06-18 09:57:16,3621.6,57883
2021-06-18 09:57:18,3619.65,58415
2021-06-18 09:57:19,3620.0,58464
2021-06-18 09:57:21,3620.0,58464
2021-06-18 09:57:22,3620.0,58466
2021-06-18 09:57:24,3620.0,58504
2021-06-18 09:57:25,3620.0,58504
2021-06-18 09:57:26,3620.0,58504
2021-06-18 09:57:27,3619.95,58519
2021-06-18 09:57:28,3619.95,58520
2021-06-18 09:57:29,3617.0,58566
2021-06-18 09:57:30,3617.0,58571
2021-06-18 09:57:31,3617.0,58571
2021-06-18 09:57:32,3620.0,58727
2021-06-18 09:57:33,3620.0,58727
2021-06-18 09:57:33,3620.0,58727
2021-06-18 09:57:34,3618.25,58739
2021-06-18 09:57:35,3618.25,58739
2021-06-18 09:57:36,3618.25,58739
2021-06-18 09:57:37,3618.25,58739
2021-06-18 09:57:38,3620.0,58996
2021-06-18 09:57:40,3620.0,58996
2021-06-18 09:57:41,3620.45,58997
2021-06-18 09:57:42,3620.45,58997
2021-06-18 09:57:43,3620.45,58997
2021-06-18 09:57:44,3620.45,58998
2021-06-18 09:57:45,3620.45,58998
2021-06-18 09:57:45,3620.45,58998
2021-06-18 09:57:46,3620.45,58998
2021-06-18 09:57:48,3620.45,59008
2021-06-18 09:57:49,3620.45,59008
2021-06-18 09:57:50,3620.45,59008
2021-06-18 09:57:51,3620.45,59008
2021-06-18 09:57:52,3620.45,59050
2021-06-18 09:57:53,3619.4,59053
2021-06-18 09:57:54,3619.4,59053
2021-06-18 09:57:55,3621.1,59079
2021-06-18 09:57:56,3620.0,59104
2021-06-18 09:57:57,3620.0,59104
2021-06-18 09:57:58,3620.55,59219
2021-06-18 09:57:59,3620.15,59220
2021-06-18 09:58:00,3620.1,59221
2021-06-18 09:58:01,3620.1,59221
2021-06-18 09:58:02,3620.0,59263
2021-06-18 09:58:03,3620.0,59273
2021-06-18 09:58:04,3620.0,59273
2021-06-18 09:58:05,3620.0,59273
2021-06-18 09:58:06,3619.95,59284
2021-06-18 09:58:07,3619.95,59284
2021-06-18 09:58:08,3619.95,59291
2021-06-18 09:58:08,3619.95,59291
2021-06-18 09:58:09,3619.95,59295
2021-06-18 09:58:10,3619.95,59300
2021-06-18 09:58:11,3620.0,59315
2021-06-18 09:58:12,3618.4,59323
2021-06-18 09:58:13,3618.35,59435
2021-06-18 09:58:14,3618.55,59465
2021-06-18 09:58:15,3620.4,59468
2021-06-18 09:58:16,3620.4,59468
2021-06-18 09:58:17,3618.5,59600
2021-06-18 09:58:18,3618.5,59600
2021-06-18 09:58:19,3618.5,59600
2021-06-18 09:58:20,3620.35,59601
2021-06-18 09:58:21,3620.35,59601
2021-06-18 09:58:23,3620.35,59601
2021-06-18 09:58:24,3620.35,59601
2021-06-18 09:58:25,3620.35,59601
2021-06-18 09:58:26,3620.35,59601
2021-06-18 09:58:29,3618.05,59611
2021-06-18 09:58:30,3618.05,59611
2021-06-18 09:58:31,3619.8,59612
2021-06-18 09:58:32,3618.1,59635
2021-06-18 09:58:32,3618.1,59635
2021-06-18 09:58:34,3619.85,59661
2021-06-18 09:58:35,3619.85,59661
2021-06-18 09:58:36,3619.85,59663
2021-06-18 09:58:37,3619.95,59688
2021-06-18 09:58:38,3619.95,59688
2021-06-18 09:58:39,3619.95,59688
2021-06-18 09:58:40,3619.95,59688
2021-06-18 09:58:41,3619.95,59688
2021-06-18 09:58:42,3619.95,59688
2021-06-18 09:58:43,3619.2,59771
2021-06-18 09:58:44,3619.75,59789
2021-06-18 09:58:45,3619.75,59814
2021-06-18 09:58:46,3619.8,59818
2021-06-18 09:58:47,3619.7,59831
2021-06-18 09:58:48,3619.7,59831
2021-06-18 09:58:49,3619.65,59834
2021-06-18 09:58:49,3619.65,59834
2021-06-18 09:58:50,3619.65,59909
2021-06-18 09:58:51,3619.65,59909
2021-06-18 09:58:52,3619.65,59909
2021-06-18 09:58:53,3619.65,59909
2021-06-18 09:58:55,3617.25,59924
2021-06-18 09:58:55,3615.0,60245
2021-06-18 09:58:57,3615.0,60245
2021-06-18 09:58:58,3616.55,60250
2021-06-18 09:58:59,3616.55,60250
2021-06-18 09:59:01,3615.05,60255
2021-06-18 09:59:02,3616.55,60280
2021-06-18 09:59:03,3616.95,60323
2021-06-18 09:59:04,3615.2,60345
2021-06-18 09:59:05,3615.15,60355
2021-06-18 09:59:06,3615.0,60357
2021-06-18 09:59:07,3615.05,60358
2021-06-18 09:59:08,3615.05,60358
2021-06-18 09:59:09,3615.05,60358
2021-06-18 09:59:10,3614.15,60381
2021-06-18 09:59:11,3614.15,60381
2021-06-18 09:59:12,3614.0,60389
2021-06-18 09:59:13,3613.2,60427
2021-06-18 09:59:14,3613.5,60548
2021-06-18 09:59:15,3613.5,60548
2021-06-18 09:59:16,3611.25,60624
2021-06-18 09:59:17,3611.25,60624
2021-06-18 09:59:18,3611.05,60706
2021-06-18 09:59:19,3612.15,60709
2021-06-18 09:59:20,3611.05,60727
2021-06-18 09:59:21,3611.0,60769
2021-06-18 09:59:22,3611.0,60828
2021-06-18 09:59:23,3612.0,60839
2021-06-18 09:59:24,3609.75,61476
2021-06-18 09:59:25,3607.1,61554
2021-06-18 09:59:26,3613.85,61825
2021-06-18 09:59:27,3612.85,61840
2021-06-18 09:59:29,3612.85,61840
2021-06-18 09:59:30,3612.85,61840
2021-06-18 09:59:31,3611.85,61860
2021-06-18 09:59:32,3612.8,61896
2021-06-18 09:59:33,3610.5,61898
2021-06-18 09:59:34,3610.0,61908
2021-06-18 09:59:35,3610.0,61908
2021-06-18 09:59:36,3610.0,61911
2021-06-18 09:59:37,3612.0,61948
2021-06-18 09:59:38,3610.0,61997
2021-06-18 09:59:39,3610.0,61998
2021-06-18 09:59:40,3610.35,62023
2021-06-18 09:59:41,3610.15,62124
2021-06-18 09:59:43,3612.7,62151
2021-06-18 09:59:44,3612.7,62151
2021-06-18 09:59:45,3613.7,62453
2021-06-18 09:59:46,3612.5,62454
2021-06-18 09:59:47,3610.0,62588
2021-06-18 09:59:47,3610.0,62588
2021-06-18 09:59:49,3615.1,62655
2021-06-18 09:59:50,3614.8,62661
2021-06-18 09:59:51,3614.8,62661
2021-06-18 09:59:52,3614.8,62661
2021-06-18 09:59:53,3616.1,62664
2021-06-18 09:59:54,3615.1,62684
2021-06-18 09:59:54,3615.1,62684
2021-06-18 09:59:55,3614.0,62690
2021-06-18 09:59:57,3614.0,62690
2021-06-18 09:59:57,3614.0,62690
2021-06-18 09:59:59,3614.0,62690
2021-06-18 10:00:01,3615.1,62701
2021-06-18 10:00:02,3613.15,62801
2021-06-18 10:00:03,3613.15,62801
2021-06-18 10:00:04,3614.9,62847
2021-06-18 10:00:05,3614.8,62858
2021-06-18 10:00:05,3614.85,62862
2021-06-18 10:00:07,3613.15,62931
2021-06-18 10:00:08,3613.15,62931
2021-06-18 10:00:09,3614.0,62941
2021-06-18 10:00:10,3614.0,62941
2021-06-18 10:00:11,3613.15,62945
2021-06-18 10:00:12,3613.15,62950
2021-06-18 10:00:13,3613.95,63051
2021-06-18 10:00:14,3614.0,63127
2021-06-18 10:00:15,3614.0,63127
2021-06-18 10:00:16,3614.0,63127
2021-06-18 10:00:17,3614.0,63127
2021-06-18 10:00:18,3614.0,63127
2021-06-18 10:00:19,3614.0,63167
2021-06-18 10:00:20,3613.6,63200
2021-06-18 10:00:21,3614.3,63419
2021-06-18 10:00:22,3613.15,63448
2021-06-18 10:00:23,3613.15,63448
2021-06-18 10:00:24,3614.25,63453
2021-06-18 10:00:25,3614.3,63463
2021-06-18 10:00:26,3613.15,63487
2021-06-18 10:00:27,3613.15,63487
2021-06-18 10:00:28,3613.15,63490
2021-06-18 10:00:29,3613.8,63505
2021-06-18 10:00:30,3613.15,63528
2021-06-18 10:00:31,3614.4,63615
2021-06-18 10:00:32,3614.0,63711
2021-06-18 10:00:33,3617.0,63911
2021-06-18 10:00:34,3614.7,63944
2021-06-18 10:00:35,3614.7,63944
2021-06-18 10:00:36,3614.7,63944
2021-06-18 10:00:37,3617.6,64174
2021-06-18 10:00:38,3617.6,64174
2021-06-18 10:00:39,3616.9,64190
2021-06-18 10:00:40,3614.8,64215
2021-06-18 10:00:41,3614.8,64215
2021-06-18 10:00:42,3614.8,64215
2021-06-18 10:00:43,3614.8,64215
2021-06-18 10:00:44,3614.8,64215
2021-06-18 10:00:45,3614.8,64215
2021-06-18 10:00:46,3614.8,64215
2021-06-18 10:00:47,3614.0,64452
2021-06-18 10:00:48,3614.0,64452
2021-06-18 10:00:49,3614.0,64452
2021-06-18 10:00:50,3615.7,64471
2021-06-18 10:00:51,3615.7,64471
2021-06-18 10:00:52,3615.7,64471
2021-06-18 10:00:53,3615.7,64471
2021-06-18 10:00:54,3614.0,65600
2021-06-18 10:00:55,3614.0,65600
2021-06-18 10:00:56,3615.05,65636
2021-06-18 10:00:57,3615.05,65636
2021-06-18 10:00:58,3615.05,65646
2021-06-18 10:00:59,3615.15,65766
2021-06-18 10:01:00,3614.3,65852
2021-06-18 10:01:01,3614.3,65852
2021-06-18 10:01:02,3614.3,65852
2021-06-18 10:01:03,3613.15,67234
2021-06-18 10:01:04,3613.15,67234
2021-06-18 10:01:05,3613.15,67244
2021-06-18 10:01:06,3613.15,67244
2021-06-18 10:01:07,3613.15,67244
2021-06-18 10:01:08,3613.15,67358
2021-06-18 10:01:09,3613.95,67359
2021-06-18 10:01:10,3613.95,67418
2021-06-18 10:01:11,3613.95,67433
2021-06-18 10:01:12,3613.15,67458
2021-06-18 10:01:13,3613.15,68101
2021-06-18 10:01:14,3613.95,68121
2021-06-18 10:01:15,3613.95,68121
2021-06-18 10:01:17,3615.45,68184
2021-06-18 10:01:18,3615.45,68184
2021-06-18 10:01:19,3615.45,68184
2021-06-18 10:01:20,3615.45,68184
2021-06-18 10:01:21,3615.45,68184
2021-06-18 10:01:22,3615.45,68184
2021-06-18 10:01:23,3615.45,68184
2021-06-18 10:01:24,3614.5,68201
2021-06-18 10:01:25,3614.5,68201
2021-06-18 10:01:26,3614.5,68201
2021-06-18 10:01:27,3614.5,68201
2021-06-18 10:01:28,3615.8,68203
2021-06-18 10:01:29,3615.8,68203
2021-06-18 10:01:30,3615.8,68203
2021-06-18 10:01:31,3615.8,68203
2021-06-18 10:01:32,3615.8,68203
2021-06-18 10:01:33,3615.8,68203
2021-06-18 10:01:34,3615.45,68208
2021-06-18 10:01:35,3615.65,68210
2021-06-18 10:01:36,3615.65,68212
2021-06-18 10:01:37,3615.85,68233
2021-06-18 10:01:38,3614.0,68590
2021-06-18 10:01:39,3614.0,68590
2021-06-18 10:01:40,3614.0,68602
2021-06-18 10:01:41,3614.0,68602
2021-06-18 10:01:42,3613.15,69233
2021-06-18 10:01:43,3613.15,69233
2021-06-18 10:01:45,3614.0,69296
2021-06-18 10:01:44,3614.0,69290
2021-06-18 10:01:46,3614.0,69296
2021-06-18 10:01:48,3614.0,69296
2021-06-18 10:01:49,3614.0,69317
2021-06-18 10:01:50,3613.2,69337
2021-06-18 10:01:51,3613.15,69338
2021-06-18 10:01:52,3613.15,69338
2021-06-18 10:01:53,3614.4,69343
2021-06-18 10:01:54,3614.4,69349
2021-06-18 10:01:55,3614.4,69349
2021-06-18 10:01:56,3614.4,69349
2021-06-18 10:01:57,3614.4,69351
2021-06-18 10:01:58,3614.4,69351
2021-06-18 10:01:59,3614.4,69351
2021-06-18 10:02:00,3614.4,69351
2021-06-18 10:02:01,3614.4,69351
2021-06-18 10:02:02,3613.15,69386
2021-06-18 10:02:03,3613.15,69386
2021-06-18 10:02:04,3613.15,69386
2021-06-18 10:02:05,3615.4,69461
2021-06-18 10:02:06,3615.8,69463
2021-06-18 10:02:07,3614.65,69568
2021-06-18 10:02:08,3614.65,69568
2021-06-18 10:02:09,3614.65,69571
2021-06-18 10:02:10,3614.65,69571
2021-06-18 10:02:11,3614.65,69599
2021-06-18 10:02:12,3614.8,69601
2021-06-18 10:02:13,3614.8,69603
2021-06-18 10:02:14,3614.8,69603
2021-06-18 10:02:16,3614.8,69603
2021-06-18 10:02:17,3614.8,69603
2021-06-18 10:02:18,3614.8,69603
2021-06-18 10:02:19,3614.8,69603
2021-06-18 10:02:20,3614.8,69603
2021-06-18 10:02:21,3614.8,69603
2021-06-18 10:02:23,3615.0,69633
2021-06-18 10:02:24,3615.0,69633
2021-06-18 10:02:25,3616.6,69634
2021-06-18 10:02:26,3614.75,69641
2021-06-18 10:02:27,3616.6,69642
2021-06-18 10:02:28,3616.6,69647
2021-06-18 10:02:29,3616.6,69647
2021-06-18 10:02:30,3614.75,69648
2021-06-18 10:02:31,3614.75,69648
2021-06-18 10:02:32,3614.75,69648
2021-06-18 10:02:33,3614.95,69658
2021-06-18 10:02:34,3618.35,69781
2021-06-18 10:02:35,3618.35,69781
2021-06-18 10:02:36,3616.5,69782
2021-06-18 10:02:37,3616.15,69792
2021-06-18 10:02:38,3616.15,69792
2021-06-18 10:02:39,3616.15,69792
2021-06-18 10:02:40,3619.55,69892
2021-06-18 10:02:41,3619.55,69892
2021-06-18 10:02:42,3619.55,69892
2021-06-18 10:02:43,3619.0,69898
2021-06-18 10:02:44,3619.0,69898
2021-06-18 10:02:45,3619.0,69898
2021-06-18 10:02:46,3616.65,69952
2021-06-18 10:02:47,3616.65,69952
2021-06-18 10:02:48,3619.7,69957
2021-06-18 10:02:49,3619.7,69957
2021-06-18 10:02:50,3619.4,69961
2021-06-18 10:02:54,3620.5,70090
2021-06-18 10:02:58,3620.5,70090
2021-06-18 10:03:03,3622.65,70105
2021-06-18 10:03:07,3621.05,70123
2021-06-18 10:03:12,3622.65,70131
2021-06-18 10:03:16,3624.45,70307
2021-06-18 10:03:20,3624.1,70316
2021-06-18 10:03:24,3628.2,71317
2021-06-18 10:03:28,3626.25,71327
2021-06-18 10:03:33,3626.25,71379
2021-06-18 10:03:37,3625.0,71534
2021-06-18 10:03:41,3627.85,71576
2021-06-18 10:03:45,3625.7,71679
2021-06-18 10:03:49,3627.65,71689
2021-06-18 10:03:53,3628.0,71798
2021-06-18 10:03:57,3627.0,71831
2021-06-18 10:04:01,3627.4,72187
2021-06-18 10:04:06,3627.8,74274
2021-06-18 10:04:10,3627.8,74283
2021-06-18 10:04:14,3627.8,74290
2021-06-18 10:04:19,3627.8,74290
2021-06-18 10:04:23,3626.55,74453
2021-06-18 10:04:27,3626.8,74463
2021-06-18 10:04:31,3626.55,74464
2021-06-18 10:04:35,3626.5,74666
2021-06-18 10:04:39,3625.0,75225
2021-06-18 10:04:43,3623.8,75227
2021-06-18 10:04:48,3623.65,75230
2021-06-18 10:04:52,3623.65,75230
2021-06-18 10:04:56,3623.0,75268
2021-06-18 10:05:01,3623.45,75270
2021-06-18 10:05:05,3623.0,75297
2021-06-18 10:05:09,3623.0,75310
2021-06-18 10:05:13,3623.6,75587
2021-06-18 10:05:22,3625.0,75635
2021-06-18 10:05:26,3625.0,75635
2021-06-18 10:05:30,3624.8,75641
2021-06-18 10:05:35,3625.0,75702
2021-06-18 10:05:39,3624.9,75729
2021-06-18 10:05:43,3624.0,75789
2021-06-18 10:05:47,3623.55,75844
2021-06-18 10:05:51,3624.5,75845
2021-06-18 10:05:56,3624.5,75845
2021-06-18 10:06:00,3624.0,75946
2021-06-18 10:06:04,3624.0,75959
2021-06-18 10:06:07,3623.0,75966
2021-06-18 10:06:11,3623.0,75968
2021-06-18 10:06:15,3624.0,75989
2021-06-18 10:06:19,3624.95,78551
2021-06-18 10:06:23,3624.95,78553
2021-06-18 10:06:26,3624.9,78561
2021-06-18 10:06:30,3624.15,78566
2021-06-18 10:06:34,3624.3,78568
2021-06-18 10:06:38,3624.35,78583
2021-06-18 10:06:42,3624.35,78613
2021-06-18 10:06:46,3625.0,78618
2021-06-18 10:06:50,3626.2,78619
2021-06-18 10:06:53,3626.2,78633
2021-06-18 10:06:57,3626.2,78648
2021-06-18 10:07:01,3626.2,78704
2021-06-18 10:07:05,3626.2,78718
2021-06-18 10:07:09,3627.65,78744
2021-06-18 10:07:13,3627.65,78744
2021-06-18 10:07:18,3627.65,78746
2021-06-18 10:07:22,3629.5,78907
2021-06-18 10:07:26,3629.5,78907
2021-06-18 10:07:30,3630.8,79030
2021-06-18 10:07:34,3630.05,79145
2021-06-18 10:07:39,3633.2,79355
2021-06-18 10:07:43,3633.2,79355
2021-06-18 10:07:47,3633.2,79355
2021-06-18 10:07:51,3632.7,79484
2021-06-18 10:07:55,3633.85,79509
2021-06-18 10:08:00,3633.35,79511
2021-06-18 10:08:04,3633.35,79511
2021-06-18 10:08:08,3632.7,79532
2021-06-18 10:08:13,3632.55,79654
2021-06-18 10:08:17,3632.0,79666
2021-06-18 10:08:21,3632.0,79666
2021-06-18 10:08:25,3634.05,79675
2021-06-18 10:08:29,3633.1,79772
2021-06-18 10:08:34,3632.7,79785
2021-06-18 10:08:38,3632.7,79785
2021-06-18 10:08:42,3633.0,79795
2021-06-18 10:08:46,3632.7,79804
2021-06-18 10:08:50,3633.1,79838
2021-06-18 10:08:54,3633.1,79854
2021-06-18 10:08:58,3632.7,79886
2021-06-18 10:09:02,3633.1,79889
2021-06-18 10:09:06,3630.85,80001
2021-06-18 10:09:10,3633.1,80151
2021-06-18 10:09:18,3632.0,80161
2021-06-18 10:09:23,3630.9,80230
2021-06-18 10:09:27,3631.0,80239
2021-06-18 10:09:30,3633.4,80384
2021-06-18 10:09:35,3633.4,80384
2021-06-18 10:09:38,3633.4,80384
2021-06-18 10:09:42,3631.35,80391
2021-06-18 10:09:46,3631.35,80391
2021-06-18 10:09:50,3631.35,80391
2021-06-18 10:09:53,3632.3,80392
2021-06-18 10:09:57,3633.1,80408
2021-06-18 10:10:01,3633.0,80485
2021-06-18 10:10:05,3633.0,80487
2021-06-18 10:10:09,3633.0,80487
2021-06-18 10:10:13,3632.85,80492
2021-06-18 10:10:17,3632.9,80558
2021-06-18 10:10:20,3632.1,80567
2021-06-18 10:10:24,3632.1,80567
2021-06-18 10:10:27,3629.1,80897
2021-06-18 10:10:31,3629.5,80921
2021-06-18 10:10:35,3629.5,80922
2021-06-18 10:10:40,3629.5,80925
2021-06-18 10:10:44,3629.5,80925
2021-06-18 10:10:48,3627.8,81022
2021-06-18 10:10:52,3629.25,81029
2021-06-18 10:10:56,3629.8,81051
2021-06-18 10:11:00,3629.8,81053
2021-06-18 10:11:04,3630.2,81217
2021-06-18 10:11:09,3630.2,81217
2021-06-18 10:11:13,3630.2,81217
2021-06-18 10:11:17,3628.3,81243
2021-06-18 10:11:20,3630.3,81254
2021-06-18 10:11:24,3630.3,81254
2021-06-18 10:11:28,3629.45,81265
2021-06-18 10:11:32,3629.45,81276
2021-06-18 10:11:36,3630.3,81280
2021-06-18 10:11:40,3628.8,81421
2021-06-18 10:11:44,3628.85,81436
2021-06-18 10:11:47,3629.6,81562
2021-06-18 10:11:51,3629.5,81598
2021-06-18 10:11:55,3629.5,81604
2021-06-18 10:11:59,3628.2,81605
2021-06-18 10:12:03,3628.2,81605
2021-06-18 10:12:07,3629.5,81633
2021-06-18 10:12:11,3629.0,81644
2021-06-18 10:12:15,3627.9,82480
2021-06-18 10:12:19,3626.4,82490
2021-06-18 10:12:23,3626.5,82503
2021-06-18 10:12:26,3626.5,82518
2021-06-18 10:12:30,3627.0,82527
2021-06-18 10:12:34,3626.5,82538
2021-06-18 10:12:38,3626.5,82540
2021-06-18 10:12:42,3627.4,82541
2021-06-18 10:12:46,3626.5,82543
2021-06-18 10:12:50,3626.5,82543
2021-06-18 10:12:54,3626.95,82568
2021-06-18 10:12:58,3626.95,82568
2021-06-18 10:13:02,3626.95,82568
2021-06-18 10:13:05,3627.35,82572
2021-06-18 10:13:09,3626.5,82587
2021-06-18 10:13:12,3625.1,82737
2021-06-18 10:13:16,3626.45,82842
2021-06-18 10:13:20,3624.85,82875
2021-06-18 10:13:24,3624.85,82875
2021-06-18 10:13:28,3624.85,82875
2021-06-18 10:13:31,3624.0,82888
2021-06-18 10:13:35,3624.0,82891
2021-06-18 10:13:39,3624.0,82911
2021-06-18 10:13:43,3624.95,83050
2021-06-18 10:13:47,3624.0,83095
2021-06-18 10:13:51,3624.0,83095
2021-06-18 10:13:55,3624.25,83119
2021-06-18 10:13:59,3624.25,83121
2021-06-18 10:14:03,3625.95,83122
2021-06-18 10:14:07,3626.0,83380
2021-06-18 10:14:11,3626.45,83419
2021-06-18 10:14:15,3626.3,83420
2021-06-18 10:14:19,3626.3,83420
2021-06-18 10:14:23,3624.5,83520
2021-06-18 10:14:26,3624.5,83520
2021-06-18 10:14:30,3624.45,83526
2021-06-18 10:14:34,3624.45,83526
2021-06-18 10:14:39,3623.1,83539
2021-06-18 10:14:43,3623.1,83539
2021-06-18 10:14:46,3623.1,83545
2021-06-18 10:14:51,3624.1,83554
2021-06-18 10:14:55,3624.95,83580
2021-06-18 10:15:03,3623.0,83582
2021-06-18 10:15:07,3623.0,83611
2021-06-18 10:15:11,3623.0,83631
2021-06-18 10:15:15,3622.65,83643
2021-06-18 10:15:19,3621.75,83696
2021-06-18 10:15:23,3620.0,83883
2021-06-18 10:15:27,3620.0,83883
2021-06-18 10:15:30,3620.0,83883
2021-06-18 10:15:34,3620.0,83894
2021-06-18 10:15:38,3620.0,83899
2021-06-18 10:15:41,3620.0,83905
2021-06-18 10:15:45,3622.35,84094
2021-06-18 10:15:49,3621.3,84096
2021-06-18 10:15:53,3622.55,84131
2021-06-18 10:15:56,3622.0,84140
2021-06-18 10:16:00,3621.0,84150
2021-06-18 10:16:03,3621.0,84150
2021-06-18 10:16:06,3621.0,84150
2021-06-18 10:16:09,3622.0,84156
2021-06-18 10:16:13,3620.0,84186
2021-06-18 10:16:16,3622.0,84194
2021-06-18 10:16:20,3621.0,84204
2021-06-18 10:16:23,3622.0,84218
2021-06-18 10:16:27,3622.4,84318
2021-06-18 10:16:31,3622.4,84318
2021-06-18 10:16:34,3622.0,84321
2021-06-18 10:16:38,3622.0,84323
2021-06-18 10:16:44,3623.0,84362
2021-06-18 10:16:48,3624.15,84375
2021-06-18 10:16:51,3624.15,84376
2021-06-18 10:16:54,3624.15,84398
2021-06-18 10:16:58,3624.85,84401
2021-06-18 10:17:02,3624.2,84406
2021-06-18 10:17:06,3622.7,84424
2021-06-18 10:17:10,3622.5,84593
2021-06-18 10:17:14,3623.4,84620
2021-06-18 10:17:17,3623.4,84620
2021-06-18 10:17:21,3623.4,84629
2021-06-18 10:17:25,3622.6,84630
2021-06-18 10:17:28,3622.6,84630
2021-06-18 10:17:31,3622.85,84637
2021-06-18 10:17:35,3624.1,84740
2021-06-18 10:17:39,3624.1,84740
2021-06-18 10:17:42,3623.0,84851
2021-06-18 10:17:46,3623.0,84851
2021-06-18 10:17:49,3623.0,84851
2021-06-18 10:17:52,3623.0,84851
2021-06-18 10:18:00,3623.95,84978
2021-06-18 10:18:03,3623.95,84978
2021-06-18 10:18:06,3623.0,84983
2021-06-18 10:18:09,3623.0,84989
2021-06-18 10:18:12,3623.95,84990
2021-06-18 10:18:16,3623.95,84990
2021-06-18 10:18:18,3623.5,84992
2021-06-18 10:18:21,3624.35,85024
2021-06-18 10:18:25,3624.35,85024
2021-06-18 10:18:28,3624.0,85025
2021-06-18 10:18:31,3623.5,85041
2021-06-18 10:18:35,3624.3,85051
2021-06-18 10:18:38,3624.3,85051
2021-06-18 10:18:42,3624.75,85113
2021-06-18 10:18:45,3624.0,85117
2021-06-18 10:18:49,3624.0,85117
2021-06-18 10:18:54,3624.0,85117
2021-06-18 10:18:57,3625.6,85136
2021-06-18 10:19:01,3625.6,85143
2021-06-18 10:19:05,3625.6,85152
2021-06-18 10:19:09,3625.6,85170
2021-06-18 10:19:12,3625.6,85202
2021-06-18 10:19:15,3625.6,85202
2021-06-18 10:19:18,3625.55,85208
2021-06-18 10:19:21,3625.55,85208
2021-06-18 10:19:25,3625.55,85218
2021-06-18 10:19:28,3625.6,85273
2021-06-18 10:19:32,3625.2,85284
2021-06-18 10:19:36,3625.2,85284
2021-06-18 10:19:40,3625.85,85286
2021-06-18 10:19:43,3625.85,85286
2021-06-18 10:19:51,3625.2,85308
2021-06-18 10:19:55,3625.2,85308
2021-06-18 10:19:58,3625.95,85510
2021-06-18 10:20:02,3625.0,85525
2021-06-18 10:20:06,3625.0,85525
2021-06-18 10:20:09,3625.0,85543
2021-06-18 10:20:12,3625.0,85544
2021-06-18 10:20:16,3625.0,85544
2021-06-18 10:20:19,3625.0,85551
2021-06-18 10:20:23,3624.6,85564
2021-06-18 10:20:26,3624.1,85576
2021-06-18 10:20:30,3624.6,85587
2021-06-18 10:20:34,3624.0,85608
2021-06-18 10:20:37,3624.0,85608
2021-06-18 10:20:41,3624.6,85609
2021-06-18 10:20:44,3624.6,85621
2021-06-18 10:20:48,3624.6,85621
2021-06-18 10:20:52,3625.4,85798
2021-06-18 10:20:56,3624.15,85813
2021-06-18 10:20:59,3623.7,85928
2021-06-18 10:21:03,3623.7,85928
2021-06-18 10:21:07,3623.7,85928
2021-06-18 10:21:11,3623.7,85928
2021-06-18 10:21:14,3624.0,85988
2021-06-18 10:21:18,3624.0,85988
2021-06-18 10:21:21,3624.0,85988
2021-06-18 10:21:24,3625.85,85989
2021-06-18 10:21:27,3625.85,85989
2021-06-18 10:21:31,3625.4,85992
2021-06-18 10:21:34,3625.4,86049
2021-06-18 10:21:37,3626.4,86100
2021-06-18 10:21:41,3626.8,86112
2021-06-18 10:21:45,3626.8,86112
2021-06-18 10:21:49,3626.9,86115
2021-06-18 10:21:52,3627.4,86118
2021-06-18 10:21:56,3627.7,86122
2021-06-18 10:21:59,3628.3,86139
2021-06-18 10:22:02,3629.75,86229
2021-06-18 10:22:05,3628.3,86230
2021-06-18 10:22:08,3629.75,86253
2021-06-18 10:22:12,3629.4,86256
2021-06-18 10:22:15,3629.65,86257
2021-06-18 10:22:18,3629.7,86297
2021-06-18 10:22:22,3629.75,86303
2021-06-18 10:22:26,3629.75,86303
2021-06-18 10:22:29,3628.75,86312
2021-06-18 10:22:32,3628.75,86312
2021-06-18 10:22:36,3629.4,86322
2021-06-18 10:22:39,3629.8,86348
2021-06-18 10:22:42,3628.75,86350
2021-06-18 10:22:46,3629.3,86366
2021-06-18 10:22:49,3629.3,86366
2021-06-18 10:22:53,3629.75,86381
2021-06-18 10:22:56,3629.75,86381
2021-06-18 10:23:00,3629.75,86406
2021-06-18 10:23:02,3629.75,86406
2021-06-18 10:23:05,3629.75,86406
2021-06-18 10:23:09,3629.5,86415
2021-06-18 10:23:13,3629.2,86418
2021-06-18 10:23:16,3627.8,86429
2021-06-18 10:23:19,3627.8,86429
2021-06-18 10:23:22,3627.8,86429
2021-06-18 10:23:25,3628.5,86439
2021-06-18 10:23:28,3628.5,86439
2021-06-18 10:23:31,3628.85,86442
2021-06-18 10:23:34,3628.85,86442
2021-06-18 10:23:38,3628.85,86442
2021-06-18 10:23:42,3628.85,86448
2021-06-18 10:23:45,3628.85,86448
2021-06-18 10:23:49,3628.85,86448
2021-06-18 10:23:52,3628.85,86448
2021-06-18 10:23:55,3628.85,86448
2021-06-18 10:23:58,3629.1,86464
2021-06-18 10:24:02,3629.15,86471
2021-06-18 10:24:06,3628.95,86475
2021-06-18 10:24:09,3628.95,86477
2021-06-18 10:24:12,3628.95,86483
2021-06-18 10:24:16,3625.75,86518
2021-06-18 10:24:19,3625.75,86518
2021-06-18 10:24:23,3626.1,86526
2021-06-18 10:24:26,3626.1,86526
2021-06-18 10:24:30,3626.1,86536
2021-06-18 10:24:33,3626.75,86539
2021-06-18 10:24:36,3626.75,86539
2021-06-18 10:24:43,3625.0,86625
2021-06-18 10:24:47,3626.6,86631
2021-06-18 10:24:50,3626.35,86705
2021-06-18 10:24:53,3624.7,86725
2021-06-18 10:24:57,3624.7,86726
2021-06-18 10:25:01,3626.9,86829
2021-06-18 10:25:04,3626.9,86829
2021-06-18 10:25:08,3626.9,86838
2021-06-18 10:25:11,3625.5,86844
2021-06-18 10:25:14,3625.5,86844
2021-06-18 10:25:17,3625.5,86844
2021-06-18 10:25:21,3625.3,86855
2021-06-18 10:25:24,3625.3,86855
2021-06-18 10:25:27,3625.3,86855
2021-06-18 10:25:31,3625.3,86855
2021-06-18 10:25:34,3625.3,86855
2021-06-18 10:25:37,3625.3,86855
2021-06-18 10:25:41,3625.1,86915
2021-06-18 10:25:44,3625.7,86927
2021-06-18 10:25:48,3625.0,86951
2021-06-18 10:25:52,3624.0,86960
2021-06-18 10:25:56,3624.95,86967
2021-06-18 10:26:00,3625.0,86969
2021-06-18 10:26:04,3625.0,86973
2021-06-18 10:26:07,3625.35,87007
2021-06-18 10:26:11,3625.35,87013
2021-06-18 10:26:15,3625.35,87013
2021-06-18 10:26:22,3625.0,87064
2021-06-18 10:26:26,3625.0,87065
2021-06-18 10:26:30,3625.0,87065
2021-06-18 10:26:34,3626.3,87069
2021-06-18 10:26:37,3625.0,87311
2021-06-18 10:26:41,3627.25,87351
2021-06-18 10:26:45,3627.25,87351
2021-06-18 10:26:49,3627.25,87372
2021-06-18 10:26:53,3627.3,87374
2021-06-18 10:26:56,3627.3,87374
2021-06-18 10:27:00,3627.3,87374
2021-06-18 10:27:04,3627.65,87377
2021-06-18 10:27:07,3627.9,87421
2021-06-18 10:27:11,3628.25,87422
2021-06-18 10:27:14,3628.0,87424
2021-06-18 10:27:17,3628.0,87424
2021-06-18 10:27:21,3628.35,87427
2021-06-18 10:27:24,3628.4,87469
2021-06-18 10:27:28,3628.4,87469
2021-06-18 10:27:32,3628.4,87483
2021-06-18 10:27:36,3629.15,87498
2021-06-18 10:27:39,3629.05,87526
2021-06-18 10:27:43,3629.4,87556
2021-06-18 10:27:47,3628.6,87557
2021-06-18 10:27:50,3629.1,87565
2021-06-18 10:27:54,3629.1,87565
2021-06-18 10:27:57,3629.95,87578
2021-06-18 10:28:01,3630.0,87591
2021-06-18 10:28:04,3631.35,87636
2021-06-18 10:28:08,3631.8,87652
2021-06-18 10:28:12,3630.0,87672
2021-06-18 10:28:16,3630.1,87674
2021-06-18 10:28:19,3630.1,87709
2021-06-18 10:28:23,3630.1,87709
2021-06-18 10:28:27,3630.1,87709
2021-06-18 10:28:31,3628.8,87736
2021-06-18 10:28:35,3628.8,87736
2021-06-18 10:28:39,3630.0,87738
2021-06-18 10:28:42,3630.0,87745
2021-06-18 10:28:46,3630.0,87778
2021-06-18 10:28:50,3628.35,87809
2021-06-18 10:28:54,3628.35,87809
2021-06-18 10:28:57,3628.35,87809
2021-06-18 10:29:01,3630.25,87839
2021-06-18 10:29:05,3630.25,87842
2021-06-18 10:29:09,3628.4,87884
2021-06-18 10:29:13,3628.4,87884
2021-06-18 10:29:17,3628.4,87894
2021-06-18 10:29:21,3629.25,87895
2021-06-18 10:29:25,3629.25,87895
2021-06-18 10:29:29,3629.25,87895
2021-06-18 10:29:32,3630.0,87900
2021-06-18 10:29:36,3629.65,87908
2021-06-18 10:29:40,3630.0,87909
2021-06-18 10:29:45,3629.25,87913
2021-06-18 10:29:49,3629.65,87922
2021-06-18 10:29:52,3628.4,87964
2021-06-18 10:29:56,3629.95,87970
2021-06-18 10:30:00,3628.4,87980
2021-06-18 10:30:04,3628.05,88035
2021-06-18 10:30:08,3628.05,88035
2021-06-18 10:30:12,3628.05,88035
2021-06-18 10:30:16,3628.0,88074
2021-06-18 10:30:20,3629.2,88076
2021-06-18 10:30:24,3629.55,88122
2021-06-18 10:30:28,3629.55,88128
2021-06-18 10:30:32,3629.55,88129
2021-06-18 10:30:37,3629.5,88156
2021-06-18 10:30:41,3628.0,88166
2021-06-18 10:30:45,3628.0,88166
2021-06-18 10:30:49,3629.5,88191
2021-06-18 10:30:53,3629.5,88193
2021-06-18 10:30:58,3629.2,88196
2021-06-18 10:31:02,3629.45,88218
2021-06-18 10:31:06,3629.45,88220
2021-06-18 10:31:10,3629.35,88229
2021-06-18 10:31:14,3629.35,88245
2021-06-18 10:31:17,3629.35,88250
2021-06-18 10:31:21,3628.7,88263
2021-06-18 10:31:25,3628.7,88273
2021-06-18 10:31:28,3629.2,88275
2021-06-18 10:31:32,3628.0,88296
2021-06-18 10:31:36,3629.2,88298
2021-06-18 10:31:40,3628.0,88303
2021-06-18 10:31:44,3628.0,88328
2021-06-18 10:31:52,3625.4,88480
2021-06-18 10:31:57,3625.4,88480
2021-06-18 10:32:00,3625.45,88491
2021-06-18 10:32:04,3625.35,88496
2021-06-18 10:32:08,3624.0,88500
2021-06-18 10:32:12,3622.45,88506
2021-06-18 10:32:16,3624.0,88533
2021-06-18 10:32:20,3624.0,88533
2021-06-18 10:32:24,3624.0,88538
2021-06-18 10:32:28,3623.2,88550
2021-06-18 10:32:32,3624.0,88554
2021-06-18 10:32:36,3623.2,88568
2021-06-18 10:32:41,3624.0,89090
2021-06-18 10:32:45,3625.4,89094
2021-06-18 10:32:49,3624.5,89098
2021-06-18 10:32:53,3623.75,89108
2021-06-18 10:33:01,3625.15,89118
2021-06-18 10:33:04,3624.95,89132
2021-06-18 10:33:09,3624.0,89139
2021-06-18 10:33:13,3626.35,89151
2021-06-18 10:33:17,3624.3,89152
2021-06-18 10:33:21,3624.85,89196
2021-06-18 10:33:25,3621.5,89308
2021-06-18 10:33:29,3623.75,89312
2021-06-18 10:33:33,3625.05,89318
2021-06-18 10:33:37,3624.8,89342
2021-06-18 10:33:40,3622.1,89348
2021-06-18 10:33:44,3622.1,89348
2021-06-18 10:33:48,3623.3,89448
2021-06-18 10:33:51,3622.5,89566
2021-06-18 10:33:56,3623.65,89570
2021-06-18 10:34:00,3623.65,89570
2021-06-18 10:34:04,3622.1,89620
2021-06-18 10:34:08,3622.1,89620
2021-06-18 10:34:12,3622.1,89620
2021-06-18 10:34:16,3621.1,89782
2021-06-18 10:34:20,3621.1,89782
2021-06-18 10:34:24,3623.35,89850
2021-06-18 10:34:27,3622.35,89869
2021-06-18 10:34:31,3621.6,89870
2021-06-18 10:34:35,3621.5,89893
2021-06-18 10:34:38,3621.5,89903
2021-06-18 10:34:42,3621.5,89908
2021-06-18 10:34:46,3622.9,89915
2021-06-18 10:34:50,3621.5,89935
2021-06-18 10:34:54,3621.5,89945
2021-06-18 10:34:58,3621.5,89956
2021-06-18 10:35:02,3621.5,89957
2021-06-18 10:35:05,3621.65,89959
2021-06-18 10:35:09,3621.5,89960
2021-06-18 10:35:13,3621.45,89980
2021-06-18 10:35:16,3620.0,90175
2021-06-18 10:35:20,3620.7,90185
2021-06-18 10:35:24,3620.5,90189
2021-06-18 10:35:28,3620.5,90218
2021-06-18 10:35:32,3620.0,90246
2021-06-18 10:35:36,3620.0,90246
2021-06-18 10:35:39,3620.75,90248
2021-06-18 10:35:44,3620.75,90276
2021-06-18 10:35:48,3621.0,90454
2021-06-18 10:35:51,3621.15,90490
2021-06-18 10:35:55,3621.5,90572
2021-06-18 10:35:59,3621.5,90576
2021-06-18 10:36:02,3622.9,90634
2021-06-18 10:36:06,3622.9,90636
2021-06-18 10:36:10,3622.0,90667
2021-06-18 10:36:14,3621.9,90672
2021-06-18 10:36:18,3623.0,90696
2021-06-18 10:36:22,3624.0,90723
2021-06-18 10:36:26,3624.0,90723
2021-06-18 10:36:29,3625.0,90727
2021-06-18 10:36:33,3626.0,90730
2021-06-18 10:36:37,3627.0,91048
2021-06-18 10:36:40,3627.75,91248
2021-06-18 10:36:44,3630.0,91498
2021-06-18 10:36:48,3629.85,91643
2021-06-18 10:36:52,3627.85,91814
2021-06-18 10:36:56,3631.1,92164
2021-06-18 10:36:59,3631.25,92165
2021-06-18 10:37:03,3630.3,92170
2021-06-18 10:37:06,3630.3,92207
2021-06-18 10:37:10,3632.45,92319
2021-06-18 10:37:14,3632.7,92349
2021-06-18 10:37:18,3632.65,92354
2021-06-18 10:37:21,3632.65,92354
2021-06-18 10:37:25,3632.65,92354
2021-06-18 10:37:29,3632.0,92390
2021-06-18 10:37:32,3632.35,92394
2021-06-18 10:37:36,3632.35,92394
2021-06-18 10:37:40,3630.25,92424
2021-06-18 10:37:44,3630.25,92424
2021-06-18 10:37:48,3630.15,92429
2021-06-18 10:37:50,3630.15,92429
2021-06-18 10:37:51,3630.15,92429
2021-06-18 10:37:52,3630.15,92429
2021-06-18 10:37:53,3630.15,92429
2021-06-18 10:37:54,3630.15,92429
2021-06-18 10:37:56,3630.15,92429
2021-06-18 10:37:58,3631.5,92431
2021-06-18 10:37:59,3631.5,92437
2021-06-18 10:38:00,3631.5,92437
2021-06-18 10:38:01,3631.5,92437
2021-06-18 10:38:02,3631.5,92437
2021-06-18 10:38:03,3630.0,92440
2021-06-18 10:38:04,3630.0,92470
2021-06-18 10:38:05,3631.3,92475
2021-06-18 10:38:07,3631.3,92475
2021-06-18 10:38:08,3630.0,92515
2021-06-18 10:38:09,3630.0,92515
2021-06-18 10:38:10,3630.0,92515
2021-06-18 10:38:10,3630.0,92515
2021-06-18 10:38:12,3630.0,92566
2021-06-18 10:38:13,3630.0,92571
2021-06-18 10:38:14,3630.0,92571
2021-06-18 10:38:15,3630.0,92571
2021-06-18 10:38:16,3630.0,92574
2021-06-18 10:38:17,3630.0,92574
2021-06-18 10:38:18,3630.0,92574
2021-06-18 10:38:19,3630.0,92574
2021-06-18 10:38:20,3630.55,92639
2021-06-18 10:38:21,3630.55,92639
2021-06-18 10:38:22,3630.0,92665
2021-06-18 10:38:23,3630.0,92665
2021-06-18 10:38:24,3630.0,92675
2021-06-18 10:38:25,3630.0,92675
2021-06-18 10:38:26,3630.0,92675
2021-06-18 10:38:27,3630.0,92676
2021-06-18 10:38:28,3630.0,92676
2021-06-18 10:38:29,3630.0,92676
2021-06-18 10:38:30,3630.0,92676
2021-06-18 10:38:31,3630.0,92676
2021-06-18 10:38:32,3630.0,92676
2021-06-18 10:38:33,3630.0,92684
2021-06-18 10:38:34,3630.0,92684
2021-06-18 10:38:35,3630.0,92684
2021-06-18 10:38:36,3630.0,92734
2021-06-18 10:38:37,3631.0,93232
2021-06-18 10:38:38,3631.0,93232
2021-06-18 10:38:40,3631.0,93233
2021-06-18 10:38:41,3631.0,93233
2021-06-18 10:38:41,3631.0,93233
2021-06-18 10:38:44,3630.0,93238
2021-06-18 10:38:45,3630.0,93258
2021-06-18 10:38:46,3630.0,93258
2021-06-18 10:38:47,3630.0,93263
2021-06-18 10:38:48,3630.0,93263
2021-06-18 10:38:49,3631.0,93267
2021-06-18 10:38:50,3631.0,93267
2021-06-18 10:38:51,3631.0,93271
2021-06-18 10:38:53,3631.0,93271
2021-06-18 10:38:54,3631.0,93276
2021-06-18 10:38:55,3631.0,93276
2021-06-18 10:38:56,3631.0,93276
2021-06-18 10:38:57,3631.0,93276
2021-06-18 10:38:58,3631.0,93276
2021-06-18 10:38:58,3631.0,93276
2021-06-18 10:38:59,3630.8,93277
2021-06-18 10:39:01,3630.0,93379
2021-06-18 10:39:02,3630.0,93379
2021-06-18 10:39:02,3630.0,93379
2021-06-18 10:39:03,3630.0,93383
2021-06-18 10:39:04,3630.0,93383
2021-06-18 10:39:05,3630.0,93383
2021-06-18 10:39:07,3630.95,93393
2021-06-18 10:39:08,3630.0,93418
2021-06-18 10:39:08,3630.0,93418
2021-06-18 10:39:09,3630.0,93418
2021-06-18 10:39:10,3630.0,93418
2021-06-18 10:39:11,3630.0,93498
2021-06-18 10:39:12,3630.0,93498
2021-06-18 10:39:14,3630.95,93500
2021-06-18 10:39:15,3630.0,93518
2021-06-18 10:39:15,3630.0,93518
2021-06-18 10:39:17,3630.0,93518
2021-06-18 10:39:18,3630.0,93518
2021-06-18 10:39:19,3630.0,93518
2021-06-18 10:39:20,3630.0,93528
2021-06-18 10:39:21,3630.0,93528
2021-06-18 10:39:22,3630.0,93528
2021-06-18 10:39:23,3630.0,93547
2021-06-18 10:39:24,3630.0,93552
2021-06-18 10:39:25,3630.0,93554
2021-06-18 10:39:26,3630.0,93554
2021-06-18 10:39:26,3630.0,93554
2021-06-18 10:39:27,3630.0,93554
2021-06-18 10:39:28,3630.0,93554
2021-06-18 10:39:29,3630.0,93554
2021-06-18 10:39:31,3630.0,93582
2021-06-18 10:39:31,3630.0,93604
2021-06-18 10:39:32,3630.0,93609
2021-06-18 10:39:33,3630.0,93609
2021-06-18 10:39:34,3630.0,93613
2021-06-18 10:39:35,3630.0,93613
2021-06-18 10:39:37,3630.0,93613
2021-06-18 10:39:37,3630.0,93613
2021-06-18 10:39:38,3630.0,93677
2021-06-18 10:39:39,3630.0,93677
2021-06-18 10:39:40,3630.0,93681
2021-06-18 10:39:41,3630.0,93690
2021-06-18 10:39:42,3630.0,93690
2021-06-18 10:39:43,3630.0,93690
2021-06-18 10:39:44,3630.0,93690
2021-06-18 10:39:45,3630.0,93690
2021-06-18 10:39:46,3630.0,93690
2021-06-18 10:39:47,3630.85,93693
2021-06-18 10:39:49,3630.85,93693
2021-06-18 10:39:49,3630.85,93696
2021-06-18 10:39:50,3630.85,93696
2021-06-18 10:39:51,3630.85,93696
2021-06-18 10:39:52,3630.85,93696
2021-06-18 10:39:53,3630.85,93696
2021-06-18 10:39:54,3630.65,93706
2021-06-18 10:39:56,3630.65,93711
2021-06-18 10:39:56,3630.65,93711
2021-06-18 10:39:57,3630.85,93712
2021-06-18 10:39:58,3630.8,93723
2021-06-18 10:39:59,3630.85,93729
2021-06-18 10:40:00,3630.85,93729
2021-06-18 10:40:01,3630.85,93729
2021-06-18 10:40:03,3630.85,93732
2021-06-18 10:40:05,3630.85,93732
2021-06-18 10:40:06,3630.85,93732
2021-06-18 10:40:07,3630.8,93733
2021-06-18 10:40:08,3630.85,93736
2021-06-18 10:40:09,3630.85,93737
2021-06-18 10:40:09,3630.85,93737
2021-06-18 10:40:10,3630.85,93750
2021-06-18 10:40:11,3630.85,93750
2021-06-18 10:40:12,3630.85,93750
2021-06-18 10:40:13,3630.0,93752
2021-06-18 10:40:14,3630.0,93752
2021-06-18 10:40:15,3630.0,93809
2021-06-18 10:40:16,3630.0,93809
2021-06-18 10:40:17,3630.0,93809
2021-06-18 10:40:18,3630.35,93815
2021-06-18 10:40:19,3630.35,93817
2021-06-18 10:40:20,3630.0,93837
2021-06-18 10:40:21,3630.0,93837
2021-06-18 10:40:22,3630.0,93837
2021-06-18 10:40:23,3630.0,93837
2021-06-18 10:40:24,3630.0,93837
2021-06-18 10:40:25,3630.0,93839
2021-06-18 10:40:27,3630.0,93872
2021-06-18 10:40:28,3630.65,93875
2021-06-18 10:40:29,3630.65,93875
2021-06-18 10:40:29,3630.65,93875
2021-06-18 10:40:30,3630.0,93876
2021-06-18 10:40:31,3630.0,93876
2021-06-18 10:40:33,3630.65,93896
2021-06-18 10:40:33,3630.65,93896
2021-06-18 10:40:34,3630.65,93896
2021-06-18 10:40:35,3630.0,93911
2021-06-18 10:40:37,3630.0,93911
2021-06-18 10:40:38,3630.0,93911
2021-06-18 10:40:39,3630.0,93911
2021-06-18 10:40:41,3630.0,93945
2021-06-18 10:40:42,3630.0,93945
2021-06-18 10:40:43,3630.6,93960
2021-06-18 10:40:44,3630.65,93963
2021-06-18 10:40:45,3630.0,93965
2021-06-18 10:40:46,3630.0,94234
2021-06-18 10:40:47,3630.0,94466
2021-06-18 10:40:48,3630.45,94469
2021-06-18 10:40:49,3630.25,94470
2021-06-18 10:40:49,3630.25,94470
2021-06-18 10:40:50,3630.0,94489
2021-06-18 10:40:52,3630.0,94489
2021-06-18 10:40:52,3630.0,94489
2021-06-18 10:40:53,3630.45,94494
2021-06-18 10:40:54,3630.45,94494
2021-06-18 10:40:55,3630.45,94496
2021-06-18 10:40:57,3630.45,94498
2021-06-18 10:40:57,3630.45,94498
2021-06-18 10:40:59,3630.45,94498
2021-06-18 10:41:00,3630.45,94498
2021-06-18 10:41:01,3630.45,94501
2021-06-18 10:41:02,3630.45,94501
2021-06-18 10:41:03,3630.45,94501
2021-06-18 10:41:04,3630.0,94502
2021-06-18 10:41:05,3630.0,94502
2021-06-18 10:41:06,3630.0,94502
2021-06-18 10:41:07,3630.0,94532
2021-06-18 10:41:08,3630.0,94562
2021-06-18 10:41:08,3630.0,94562
2021-06-18 10:41:10,3630.0,94842
2021-06-18 10:41:11,3630.0,94842
2021-06-18 10:41:13,3630.0,94842
2021-06-18 10:41:14,3630.0,94842
2021-06-18 10:41:14,3630.0,94842
2021-06-18 10:41:15,3630.0,94842
2021-06-18 10:41:16,3630.5,94845
2021-06-18 10:41:18,3630.5,94845
2021-06-18 10:41:18,3630.3,94846
2021-06-18 10:41:19,3630.3,94846
2021-06-18 10:41:20,3632.45,96471
2021-06-18 10:41:22,3632.45,96471
2021-06-18 10:41:24,3632.45,96471
2021-06-18 10:41:25,3632.45,96471
2021-06-18 10:41:26,3632.45,96471
2021-06-18 10:41:27,3632.45,96471
2021-06-18 10:41:28,3632.45,96471
2021-06-18 10:41:29,3632.45,96471
2021-06-18 10:41:30,3632.7,96473
2021-06-18 10:41:31,3632.7,96475
2021-06-18 10:41:32,3632.7,96475
2021-06-18 10:41:33,3632.1,96481
2021-06-18 10:41:35,3632.1,96481
2021-06-18 10:41:37,3632.1,96481
2021-06-18 10:41:37,3632.1,96481
2021-06-18 10:41:39,3632.1,96481
2021-06-18 10:41:40,3632.7,96482
2021-06-18 10:41:41,3632.45,96483
2021-06-18 10:41:43,3632.45,96483
2021-06-18 10:41:44,3632.45,96484
2021-06-18 10:41:45,3632.45,96484
2021-06-18 10:41:46,3632.95,96487
2021-06-18 10:41:47,3631.55,96512
2021-06-18 10:41:48,3634.3,96613
2021-06-18 10:41:49,3634.3,96613
2021-06-18 10:41:50,3634.3,96613
2021-06-18 10:41:51,3634.3,96613
2021-06-18 10:41:52,3634.3,96613
2021-06-18 10:41:53,3634.3,96613
2021-06-18 10:41:54,3634.3,96613
2021-06-18 10:41:55,3634.3,96613
2021-06-18 10:41:56,3634.3,96613
2021-06-18 10:41:57,3634.3,96613
2021-06-18 10:41:59,3634.3,96613
2021-06-18 10:41:59,3634.4,96614
2021-06-18 10:42:00,3633.45,96616
2021-06-18 10:42:01,3633.45,96616
2021-06-18 10:42:04,3633.45,96624
2021-06-18 10:42:06,3633.45,96624
2021-06-18 10:42:09,3633.45,96624
2021-06-18 10:42:11,3633.0,96644
2021-06-18 10:42:12,3633.0,96654
2021-06-18 10:42:13,3633.0,96654
2021-06-18 10:42:13,3633.4,96655
2021-06-18 10:42:14,3633.4,96655
2021-06-18 10:42:16,3633.4,96655
2021-06-18 10:42:17,3634.15,96668
2021-06-18 10:42:19,3634.15,96668
2021-06-18 10:42:20,3634.15,96668
2021-06-18 10:42:21,3633.6,96669
2021-06-18 10:42:22,3633.6,96669
2021-06-18 10:42:24,3633.6,96669
2021-06-18 10:42:25,3633.6,96669
2021-06-18 10:42:26,3633.6,96669
2021-06-18 10:42:27,3634.0,96671
2021-06-18 10:42:28,3634.0,96671
2021-06-18 10:42:30,3633.85,96674
2021-06-18 10:42:31,3634.0,96678
2021-06-18 10:42:32,3633.6,96834
2021-06-18 10:42:33,3634.0,96837
2021-06-18 10:42:34,3634.0,96847
2021-06-18 10:42:36,3634.0,96915
2021-06-18 10:42:37,3633.6,96918
2021-06-18 10:42:38,3635.6,97268
2021-06-18 10:42:39,3635.6,97268
2021-06-18 10:42:40,3635.6,97268
2021-06-18 10:42:41,3635.6,97281
2021-06-18 10:42:42,3633.95,97331
2021-06-18 10:42:42,3633.95,97331
2021-06-18 10:42:43,3633.95,97331
2021-06-18 10:42:44,3633.95,97331
2021-06-18 10:42:45,3633.95,97331
2021-06-18 10:42:47,3635.6,97392
2021-06-18 10:42:48,3635.6,97392
2021-06-18 10:42:49,3635.6,97392
2021-06-18 10:42:49,3635.6,97392
2021-06-18 10:42:50,3635.6,97392
2021-06-18 10:42:51,3636.0,97423
2021-06-18 10:42:53,3635.95,97436
2021-06-18 10:42:54,3635.95,97436
2021-06-18 10:42:55,3636.0,97466
2021-06-18 10:42:56,3636.0,97474
2021-06-18 10:42:57,3636.0,97476
2021-06-18 10:42:58,3636.0,97500
2021-06-18 10:42:59,3635.95,97503
2021-06-18 10:43:00,3635.95,97503
2021-06-18 10:43:01,3635.95,97503
2021-06-18 10:43:02,3635.95,97504
2021-06-18 10:43:03,3636.0,97515
2021-06-18 10:43:05,3636.0,97515
2021-06-18 10:43:06,3636.0,97515
2021-06-18 10:43:07,3636.0,97515
2021-06-18 10:43:08,3636.0,97515
2021-06-18 10:43:09,3636.0,97515
2021-06-18 10:43:10,3636.0,97515
2021-06-18 10:43:11,3635.0,97526
2021-06-18 10:43:13,3635.0,97526
2021-06-18 10:43:14,3635.0,97526
2021-06-18 10:43:15,3632.95,97576
2021-06-18 10:43:16,3632.95,97576
2021-06-18 10:43:17,3632.95,97576
2021-06-18 10:43:18,3632.25,97577
2021-06-18 10:43:19,3632.25,97577
2021-06-18 10:43:20,3633.25,97579
2021-06-18 10:43:21,3633.25,97579
2021-06-18 10:43:22,3634.15,97580
2021-06-18 10:43:23,3634.15,97580
2021-06-18 10:43:24,3634.15,97580
2021-06-18 10:43:25,3633.25,97585
2021-06-18 10:43:26,3631.5,97615
2021-06-18 10:43:27,3631.5,97615
2021-06-18 10:43:28,3633.95,97616
2021-06-18 10:43:29,3633.95,97616
2021-06-18 10:43:30,3633.95,97616
2021-06-18 10:43:31,3633.5,97626
2021-06-18 10:43:32,3633.5,97626
2021-06-18 10:43:33,3633.5,97626
2021-06-18 10:43:34,3633.5,97626
2021-06-18 10:43:35,3633.5,97626
2021-06-18 10:43:36,3633.5,97626
2021-06-18 10:43:37,3633.5,97626
2021-06-18 10:43:38,3633.5,97626
2021-06-18 10:43:39,3633.5,97626
2021-06-18 10:43:40,3633.5,97626
2021-06-18 10:43:41,3633.5,97626
2021-06-18 10:43:42,3633.0,97636
2021-06-18 10:43:43,3633.0,97636
2021-06-18 10:43:44,3633.0,97636
2021-06-18 10:43:45,3633.0,97636
2021-06-18 10:43:46,3633.0,97636
2021-06-18 10:43:47,3633.0,97636
2021-06-18 10:43:49,3631.4,97656
2021-06-18 10:43:50,3631.4,97656
2021-06-18 10:43:51,3631.4,97656
2021-06-18 10:43:52,3631.35,97657
2021-06-18 10:43:53,3631.35,97657
2021-06-18 10:43:54,3631.35,97657
2021-06-18 10:43:55,3631.35,97663
2021-06-18 10:43:56,3631.35,97663
2021-06-18 10:43:57,3631.35,97663
2021-06-18 10:43:58,3631.35,97663
2021-06-18 10:43:59,3631.35,97663
2021-06-18 10:44:00,3632.9,97665
2021-06-18 10:44:01,3631.35,97668
2021-06-18 10:44:02,3631.35,97678
2021-06-18 10:44:03,3632.8,97679
2021-06-18 10:44:04,3632.8,97679
2021-06-18 10:44:05,3632.8,97679
2021-06-18 10:44:06,3632.8,97679
2021-06-18 10:44:07,3632.8,97679
2021-06-18 10:44:08,3632.8,97679
2021-06-18 10:44:10,3632.8,97679
2021-06-18 10:44:11,3632.8,97679
2021-06-18 10:44:13,3630.5,97689
2021-06-18 10:44:14,3631.35,97694
2021-06-18 10:44:15,3631.35,97694
2021-06-18 10:44:16,3631.35,97694
2021-06-18 10:44:17,3630.65,97727
2021-06-18 10:44:18,3630.65,97732
2021-06-18 10:44:19,3630.65,97732
2021-06-18 10:44:20,3630.65,97732
2021-06-18 10:44:21,3630.65,97732
2021-06-18 10:44:22,3630.65,97732
2021-06-18 10:44:23,3630.65,97732
2021-06-18 10:44:24,3630.65,97732
2021-06-18 10:44:25,3632.95,97733
2021-06-18 10:44:26,3632.95,97733
2021-06-18 10:44:27,3632.95,97733
2021-06-18 10:44:28,3631.35,97746
2021-06-18 10:44:29,3631.35,97746
2021-06-18 10:44:30,3631.35,97746
2021-06-18 10:44:31,3631.35,97746
2021-06-18 10:44:32,3632.2,97749
2021-06-18 10:44:33,3632.2,97749
2021-06-18 10:44:34,3632.2,97749
2021-06-18 10:44:35,3632.2,97749
2021-06-18 10:44:36,3632.2,97749
2021-06-18 10:44:37,3632.2,97749
2021-06-18 10:44:38,3632.2,97749
2021-06-18 10:44:39,3632.9,97751
2021-06-18 10:44:40,3632.9,97751
2021-06-18 10:44:41,3632.9,97751
2021-06-18 10:44:42,3632.9,97751
2021-06-18 10:44:43,3632.9,97752
2021-06-18 10:44:44,3632.9,97752
2021-06-18 10:44:45,3632.9,97752
2021-06-18 10:44:46,3632.9,97752
2021-06-18 10:44:47,3632.9,97752
2021-06-18 10:44:48,3632.2,97753
2021-06-18 10:44:49,3632.2,97753
2021-06-18 10:44:50,3632.2,97753
2021-06-18 10:44:51,3632.2,97753
2021-06-18 10:44:52,3632.55,97757
2021-06-18 10:44:53,3632.55,97757
2021-06-18 10:44:55,3632.65,97762
2021-06-18 10:44:56,3632.65,97762
2021-06-18 10:44:57,3632.8,97769
2021-06-18 10:44:58,3632.8,97769
2021-06-18 10:44:59,3632.75,97779
2021-06-18 10:45:00,3632.75,97785
2021-06-18 10:45:01,3632.75,97785
2021-06-18 10:45:02,3630.5,97789
2021-06-18 10:45:03,3630.0,97811
2021-06-18 10:45:04,3630.0,97812
2021-06-18 10:45:05,3630.0,97812
2021-06-18 10:45:06,3630.0,97812
2021-06-18 10:45:07,3630.0,97812
2021-06-18 10:45:08,3630.0,97822
2021-06-18 10:45:09,3630.0,97822
2021-06-18 10:45:10,3630.0,97822
2021-06-18 10:45:11,3630.0,97822
2021-06-18 10:45:12,3630.0,97827
2021-06-18 10:45:13,3630.0,97840
2021-06-18 10:45:15,3630.0,97884
2021-06-18 10:45:16,3630.0,97884
2021-06-18 10:45:16,3630.0,97884
2021-06-18 10:45:17,3630.0,97884
2021-06-18 10:45:18,3630.0,97884
2021-06-18 10:45:19,3630.0,97884
2021-06-18 10:45:20,3630.8,97889
2021-06-18 10:45:21,3630.8,97889
2021-06-18 10:45:22,3630.8,97889
2021-06-18 10:45:23,3630.8,97889
2021-06-18 10:45:24,3630.8,97889
2021-06-18 10:45:25,3630.8,97889
2021-06-18 10:45:26,3630.8,97889
2021-06-18 10:45:27,3630.8,97889
2021-06-18 10:45:28,3631.0,97895
2021-06-18 10:45:29,3631.0,97942
2021-06-18 10:45:30,3631.0,97962
2021-06-18 10:45:31,3631.0,97962
2021-06-18 10:45:32,3631.05,97964
2021-06-18 10:45:33,3631.25,97984
2021-06-18 10:45:34,3631.25,97984
2021-06-18 10:45:35,3631.25,97984
2021-06-18 10:45:36,3631.25,97984
2021-06-18 10:45:37,3631.25,97984
2021-06-18 10:45:38,3631.25,97984
2021-06-18 10:45:39,3630.8,97985
2021-06-18 10:45:40,3630.0,97995
2021-06-18 10:45:41,3630.0,98015
2021-06-18 10:45:42,3630.0,98015
2021-06-18 10:45:43,3630.0,98017
2021-06-18 10:45:44,3630.0,98017
2021-06-18 10:45:45,3630.0,98042
2021-06-18 10:45:46,3630.0,98042
2021-06-18 10:45:47,3630.0,98042
2021-06-18 10:45:48,3630.0,98042
2021-06-18 10:45:49,3631.2,98044
2021-06-18 10:45:50,3631.2,98053
2021-06-18 10:45:52,3631.2,98053
2021-06-18 10:45:52,3631.2,98053
2021-06-18 10:45:53,3631.2,98053
2021-06-18 10:45:54,3631.2,98053
2021-06-18 10:45:55,3631.6,98077
2021-06-18 10:45:56,3631.6,98077
2021-06-18 10:45:57,3631.6,98077
2021-06-18 10:45:58,3632.1,98078
2021-06-18 10:45:59,3632.9,98079
2021-06-18 10:46:00,3632.9,98079
2021-06-18 10:46:01,3632.1,98081
2021-06-18 10:46:02,3632.1,98081
2021-06-18 10:46:03,3632.1,98081
2021-06-18 10:46:04,3632.1,98081
2021-06-18 10:46:05,3632.1,98084
2021-06-18 10:46:06,3632.1,98084
2021-06-18 10:46:07,3631.2,98119
2021-06-18 10:46:08,3631.2,98119
2021-06-18 10:46:09,3631.2,98119
2021-06-18 10:46:10,3631.2,98119
2021-06-18 10:46:12,3633.0,98120
2021-06-18 10:46:13,3633.0,98120
2021-06-18 10:46:14,3633.0,98120
2021-06-18 10:46:16,3633.0,98120
2021-06-18 10:46:16,3633.0,98120
2021-06-18 10:46:19,3631.2,98121
2021-06-18 10:46:20,3631.2,98127
2021-06-18 10:46:21,3631.2,98127
2021-06-18 10:46:22,3630.15,98147
2021-06-18 10:46:23,3630.15,98147
2021-06-18 10:46:24,3630.15,98147
2021-06-18 10:46:25,3630.15,98147
2021-06-18 10:46:27,3630.15,98147
2021-06-18 10:46:29,3630.15,98147
2021-06-18 10:46:30,3630.15,98147
2021-06-18 10:46:31,3630.15,98147
2021-06-18 10:46:32,3630.0,98151
2021-06-18 10:46:33,3630.0,98151
2021-06-18 10:46:34,3630.0,98151
2021-06-18 10:46:35,3630.0,98151
2021-06-18 10:46:36,3630.0,98151
2021-06-18 10:46:37,3630.05,98166
2021-06-18 10:46:38,3632.1,98276
2021-06-18 10:46:39,3632.1,98276
2021-06-18 10:46:40,3632.1,98276
2021-06-18 10:46:41,3632.1,98276
2021-06-18 10:46:42,3632.1,98276
2021-06-18 10:46:43,3632.1,98276
2021-06-18 10:46:47,3632.1,98276
2021-06-18 10:46:48,3632.1,98276
2021-06-18 10:46:49,3632.1,98276
2021-06-18 10:46:51,3633.0,98277
2021-06-18 10:46:52,3633.0,98277
2021-06-18 10:46:53,3633.0,98277
2021-06-18 10:46:54,3633.0,98277
2021-06-18 10:46:55,3633.0,98277
2021-06-18 10:46:56,3632.6,98292
2021-06-18 10:46:57,3632.6,98292
2021-06-18 10:46:58,3632.6,98292
2021-06-18 10:46:59,3632.85,98293
2021-06-18 10:46:59,3632.85,98293
2021-06-18 10:47:01,3632.85,98293
2021-06-18 10:47:02,3632.85,98293
2021-06-18 10:47:03,3632.85,98293
2021-06-18 10:47:04,3632.9,98294
2021-06-18 10:47:06,3633.0,98295
2021-06-18 10:47:07,3633.0,98301
2021-06-18 10:47:08,3633.0,98311
2021-06-18 10:47:10,3633.0,98318
2021-06-18 10:47:10,3633.0,98318
2021-06-18 10:47:11,3633.0,98318
2021-06-18 10:47:13,3633.0,98318
2021-06-18 10:47:13,3633.0,98318
2021-06-18 10:47:14,3633.0,98318
2021-06-18 10:47:15,3632.15,98323
2021-06-18 10:47:16,3632.15,98323
2021-06-18 10:47:17,3632.15,98325
2021-06-18 10:47:18,3632.15,98325
2021-06-18 10:47:20,3632.15,98325
2021-06-18 10:47:22,3632.15,98325
2021-06-18 10:47:23,3632.15,98335
2021-06-18 10:47:24,3632.15,98335
2021-06-18 10:47:26,3632.15,98335
2021-06-18 10:47:26,3632.15,98335
2021-06-18 10:47:27,3632.15,98335
2021-06-18 10:47:28,3632.15,98335
2021-06-18 10:47:29,3632.15,98335
2021-06-18 10:47:31,3632.95,98336
2021-06-18 10:47:33,3632.95,98336
2021-06-18 10:47:35,3632.95,98336
2021-06-18 10:47:35,3632.95,98336
2021-06-18 10:47:36,3632.95,98357
2021-06-18 10:47:39,3632.95,98357
2021-06-18 10:47:39,3632.95,98357
2021-06-18 10:47:41,3632.95,98357
2021-06-18 10:47:42,3632.95,98357
2021-06-18 10:47:45,3632.95,98357
2021-06-18 10:47:47,3632.9,98386
2021-06-18 10:47:48,3632.9,98386
2021-06-18 10:47:48,3632.9,98386
2021-06-18 10:47:49,3632.9,98386
2021-06-18 10:47:51,3632.9,98386
2021-06-18 10:47:51,3632.55,98394
2021-06-18 10:47:52,3632.55,98397
2021-06-18 10:47:53,3632.55,98430
2021-06-18 10:47:54,3632.55,98430
2021-06-18 10:47:55,3632.55,98430
2021-06-18 10:47:56,3632.55,98430
2021-06-18 10:47:58,3632.55,98430
2021-06-18 10:48:00,3632.55,98430
2021-06-18 10:48:02,3632.55,98430
2021-06-18 10:48:04,3632.15,98434
2021-06-18 10:48:05,3632.15,98434
2021-06-18 10:48:05,3632.15,98434
2021-06-18 10:48:06,3632.15,98434
2021-06-18 10:48:12,3632.15,98435
2021-06-18 10:48:13,3632.55,98437
2021-06-18 10:48:14,3632.55,98765
2021-06-18 10:48:15,3632.15,98777
2021-06-18 10:48:16,3632.15,98777
2021-06-18 10:48:17,3632.55,98799
2021-06-18 10:48:17,3632.55,98799
2021-06-18 10:48:18,3632.55,98801
2021-06-18 10:48:19,3632.55,98802
2021-06-18 10:48:20,3632.2,98836
2021-06-18 10:48:21,3632.15,98920
2021-06-18 10:48:22,3632.15,98920
2021-06-18 10:48:23,3632.15,98920
2021-06-18 10:48:24,3632.15,98920
2021-06-18 10:48:25,3632.15,98944
2021-06-18 10:48:26,3632.15,98949
2021-06-18 10:48:27,3632.15,98950
2021-06-18 10:48:28,3632.15,98950
2021-06-18 10:48:30,3632.15,99078
2021-06-18 10:48:31,3632.15,99078
2021-06-18 10:48:32,3632.15,99078
2021-06-18 10:48:34,3632.15,99120
2021-06-18 10:48:35,3632.6,99185
2021-06-18 10:48:35,3632.6,99185
2021-06-18 10:48:37,3632.15,99225
2021-06-18 10:48:38,3632.15,99225
2021-06-18 10:48:39,3632.15,99415
2021-06-18 10:48:40,3632.15,99448
2021-06-18 10:48:41,3632.15,99448
2021-06-18 10:48:42,3632.15,99448
2021-06-18 10:48:43,3632.15,99448
2021-06-18 10:48:44,3632.15,99448
2021-06-18 10:48:47,3632.15,99491
2021-06-18 10:48:48,3632.55,99523
2021-06-18 10:48:49,3632.55,99523
2021-06-18 10:48:49,3632.55,99523
2021-06-18 10:48:50,3632.85,99598
2021-06-18 10:48:51,3632.85,99598
2021-06-18 10:48:53,3632.85,99598
2021-06-18 10:48:54,3632.85,99598
2021-06-18 10:48:55,3632.15,99632
2021-06-18 10:48:56,3632.15,99632
2021-06-18 10:48:57,3632.15,99632
2021-06-18 10:48:58,3632.8,99633
2021-06-18 10:48:59,3632.8,99633
2021-06-18 10:49:01,3632.8,99633
2021-06-18 10:49:02,3632.8,99633
2021-06-18 10:49:02,3632.8,99633
2021-06-18 10:49:03,3632.15,99667
2021-06-18 10:49:04,3632.15,99667
2021-06-18 10:49:05,3632.15,99695
2021-06-18 10:49:06,3632.15,99695
2021-06-18 10:49:07,3632.15,99704
2021-06-18 10:49:08,3632.15,99704
2021-06-18 10:49:10,3632.15,99739
2021-06-18 10:49:11,3632.8,99745
2021-06-18 10:49:12,3632.15,99755
2021-06-18 10:49:14,3632.15,99765
2021-06-18 10:49:15,3632.15,99806
2021-06-18 10:49:16,3632.15,99806
2021-06-18 10:49:17,3632.15,99806
2021-06-18 10:49:17,3632.15,99806
2021-06-18 10:49:18,3632.5,99807
2021-06-18 10:49:19,3632.5,99807
2021-06-18 10:49:20,3632.15,99823
2021-06-18 10:49:21,3632.15,99881
2021-06-18 10:49:22,3632.15,99901
2021-06-18 10:49:23,3632.15,99901
2021-06-18 10:49:25,3632.15,99901
2021-06-18 10:49:26,3632.15,99935
2021-06-18 10:49:27,3632.15,99935
2021-06-18 10:49:28,3632.15,99935
2021-06-18 10:49:29,3632.15,99935
2021-06-18 10:49:30,3632.15,99935
2021-06-18 10:49:31,3632.15,100097
2021-06-18 10:49:32,3632.2,100098
2021-06-18 10:49:32,3632.2,100098
2021-06-18 10:49:33,3632.2,100098
2021-06-18 10:49:34,3632.2,100098
2021-06-18 10:49:36,3632.2,100098
2021-06-18 10:49:37,3632.15,100183
2021-06-18 10:49:39,3632.15,100183
2021-06-18 10:49:40,3632.15,100534
2021-06-18 10:49:40,3632.15,100534
2021-06-18 10:49:41,3632.15,100534
2021-06-18 10:49:44,3630.0,100547
2021-06-18 10:49:45,3630.0,100547
2021-06-18 10:49:46,3630.0,100547
2021-06-18 10:49:46,3630.0,100547
2021-06-18 10:49:47,3630.0,100547
2021-06-18 10:49:48,3630.0,100547
2021-06-18 10:49:49,3630.0,100547
2021-06-18 10:49:50,3631.0,100632
2021-06-18 10:49:51,3630.0,100662
2021-06-18 10:49:52,3630.0,100662
2021-06-18 10:49:53,3630.0,100663
2021-06-18 10:49:54,3630.0,100663
2021-06-18 10:49:55,3630.0,100665
2021-06-18 10:49:57,3630.7,100666
2021-06-18 10:49:59,3630.7,100666
2021-06-18 10:50:00,3630.0,100685
2021-06-18 10:50:01,3630.0,100692
2021-06-18 10:50:02,3630.0,100692
2021-06-18 10:50:03,3630.0,100692
2021-06-18 10:50:04,3630.65,100971
2021-06-18 10:50:06,3630.0,100992
2021-06-18 10:50:07,3630.0,100992
2021-06-18 10:50:07,3630.0,100992
2021-06-18 10:50:09,3630.0,100992
2021-06-18 10:50:09,3630.0,100992
2021-06-18 10:50:10,3630.0,101012
2021-06-18 10:50:12,3630.0,101012
2021-06-18 10:50:14,3630.0,101012
2021-06-18 10:50:15,3630.0,101012
2021-06-18 10:50:16,3630.0,101014
2021-06-18 10:50:18,3630.0,101014
2021-06-18 10:50:18,3630.0,101014
2021-06-18 10:50:19,3630.0,101014
2021-06-18 10:50:20,3629.65,101016
2021-06-18 10:50:21,3630.0,101021
2021-06-18 10:50:22,3630.0,101026
2021-06-18 10:50:24,3629.7,101055
2021-06-18 10:50:24,3630.0,101092
2021-06-18 10:50:25,3630.0,101100
2021-06-18 10:50:26,3630.0,101110
2021-06-18 10:50:27,3629.75,101118
2021-06-18 10:50:28,3630.0,101125
2021-06-18 10:50:30,3629.95,101142
2021-06-18 10:50:31,3630.0,101146
2021-06-18 10:50:32,3630.0,101166
2021-06-18 10:50:32,3630.0,101166
2021-06-18 10:50:34,3630.0,101166
2021-06-18 10:50:35,3629.95,101266
2021-06-18 10:50:35,3630.0,101276
2021-06-18 10:50:36,3629.95,101278
2021-06-18 10:50:37,3630.15,101280
2021-06-18 10:50:38,3630.1,101281
2021-06-18 10:50:39,3630.1,101282
2021-06-18 10:50:40,3630.1,101284
2021-06-18 10:50:42,3630.15,101290
2021-06-18 10:50:43,3630.1,101292
2021-06-18 10:50:44,3630.1,101292
2021-06-18 10:50:44,3630.0,101317
2021-06-18 10:50:45,3630.0,101317
2021-06-18 10:50:46,3630.0,101317
2021-06-18 10:50:47,3630.15,101330
2021-06-18 10:50:48,3630.15,101331
2021-06-18 10:50:50,3630.0,101431
2021-06-18 10:50:51,3630.0,101431
2021-06-18 10:50:52,3630.0,101431
2021-06-18 10:50:53,3630.0,101431
2021-06-18 10:50:54,3630.0,101431
2021-06-18 10:50:55,3630.0,101431
2021-06-18 10:50:56,3630.0,101431
2021-06-18 10:50:57,3630.0,101431
2021-06-18 10:50:57,3630.0,101431
2021-06-18 10:50:58,3630.0,101431
2021-06-18 10:51:00,3630.0,101431
2021-06-18 10:51:01,3630.0,101431
2021-06-18 10:51:02,3630.0,101431
2021-06-18 10:51:03,3630.0,101431
2021-06-18 10:51:04,3629.15,101452
2021-06-18 10:51:04,3629.05,101433
2021-06-18 10:51:05,3629.2,101454
2021-06-18 10:51:06,3629.2,101454
2021-06-18 10:51:07,3629.2,101454
2021-06-18 10:51:09,3629.2,101454
2021-06-18 10:51:10,3629.2,101454
2021-06-18 10:51:11,3630.05,101459
2021-06-18 10:51:12,3629.05,101466
2021-06-18 10:51:13,3629.05,101468
2021-06-18 10:51:14,3629.05,101468
2021-06-18 10:51:17,3629.05,101468
2021-06-18 10:51:18,3630.6,101558
2021-06-18 10:51:20,3630.6,101558
2021-06-18 10:51:21,3629.7,101568
2021-06-18 10:51:22,3629.7,101568
2021-06-18 10:51:24,3629.7,101568
2021-06-18 10:51:25,3630.6,101569
2021-06-18 10:51:25,3630.0,101589
2021-06-18 10:51:26,3630.0,101589
2021-06-18 10:51:28,3630.0,101589
2021-06-18 10:51:29,3630.35,101591
2021-06-18 10:51:30,3630.0,101601
2021-06-18 10:51:31,3630.0,101626
2021-06-18 10:51:32,3630.0,101626
2021-06-18 10:51:33,3630.0,101626
2021-06-18 10:51:34,3630.0,101632
2021-06-18 10:51:35,3630.0,101632
2021-06-18 10:51:36,3630.0,101764
2021-06-18 10:51:37,3630.0,101764
2021-06-18 10:51:38,3630.0,101764
2021-06-18 10:51:39,3627.5,102028
2021-06-18 10:51:40,3628.2,102318
2021-06-18 10:51:40,3630.0,102333
2021-06-18 10:51:41,3630.0,102347
2021-06-18 10:51:42,3630.0,102356
2021-06-18 10:51:43,3630.0,102371
2021-06-18 10:51:44,3628.1,102387
2021-06-18 10:51:47,3628.1,102387
2021-06-18 10:51:48,3630.0,102389
2021-06-18 10:51:49,3630.0,102389
2021-06-18 10:51:50,3630.0,102391
2021-06-18 10:51:51,3630.0,102391
2021-06-18 10:51:52,3630.0,102391
2021-06-18 10:51:53,3630.0,102391
2021-06-18 10:51:54,3630.0,102391
2021-06-18 10:51:54,3630.0,102411
2021-06-18 10:51:55,3630.0,102411
2021-06-18 10:51:56,3629.05,102421
2021-06-18 10:51:58,3630.0,102423
2021-06-18 10:51:59,3630.05,102424
2021-06-18 10:52:01,3630.0,102426
2021-06-18 10:52:02,3630.0,102426
2021-06-18 10:52:03,3630.0,102426
2021-06-18 10:52:04,3630.0,102426
2021-06-18 10:52:05,3630.0,102426
2021-06-18 10:52:06,3630.05,102431
2021-06-18 10:52:07,3630.05,102431
2021-06-18 10:52:07,3630.0,102441
2021-06-18 10:52:08,3630.45,102516
2021-06-18 10:52:09,3630.45,102516
2021-06-18 10:52:11,3630.0,102527
2021-06-18 10:52:11,3630.0,102527
2021-06-18 10:52:12,3629.9,102552
2021-06-18 10:52:13,3629.9,102552
2021-06-18 10:52:15,3629.95,102577
2021-06-18 10:52:16,3629.95,102577
2021-06-18 10:52:18,3630.2,102586
2021-06-18 10:52:19,3630.2,102586
2021-06-18 10:52:20,3630.2,102586
2021-06-18 10:52:21,3630.0,102612
2021-06-18 10:52:22,3630.0,102687
2021-06-18 10:52:22,3630.0,102687
2021-06-18 10:52:23,3630.0,102687
2021-06-18 10:52:24,3630.0,102697
2021-06-18 10:52:25,3630.0,102697
2021-06-18 10:52:27,3630.0,102697
2021-06-18 10:52:28,3630.0,102701
2021-06-18 10:52:29,3630.0,102702
2021-06-18 10:52:30,3630.0,102707
2021-06-18 10:52:31,3630.0,102712
2021-06-18 10:52:32,3630.0,102718
2021-06-18 10:52:33,3630.0,102776
2021-06-18 10:52:33,3629.95,102795
2021-06-18 10:52:35,3630.0,102800
2021-06-18 10:52:36,3630.0,102805
2021-06-18 10:52:37,3630.0,102810
2021-06-18 10:52:38,3630.0,102820
2021-06-18 10:52:40,3630.0,102830
2021-06-18 10:52:41,3630.0,102830
2021-06-18 10:52:44,3630.15,102832
2021-06-18 10:52:45,3628.5,102837
2021-06-18 10:52:45,3628.5,102837
2021-06-18 10:52:46,3628.5,102837
2021-06-18 10:52:47,3630.15,102848
2021-06-18 10:52:48,3630.15,102848
2021-06-18 10:52:49,3630.15,102848
2021-06-18 10:52:53,3629.4,102883
2021-06-18 10:52:57,3630.05,102913
2021-06-18 10:53:01,3630.15,102925
2021-06-18 10:53:05,3630.15,102942
2021-06-18 10:53:09,3630.2,102949
2021-06-18 10:53:13,3630.05,102950
2021-06-18 10:53:17,3630.2,102971
2021-06-18 10:53:25,3630.15,103064
2021-06-18 10:53:29,3630.15,103078
2021-06-18 10:53:33,3630.15,103078
2021-06-18 10:53:37,3628.6,103080
2021-06-18 10:53:41,3628.65,103086
2021-06-18 10:53:44,3628.7,103100
2021-06-18 10:53:48,3628.7,103100
2021-06-18 10:53:52,3630.1,103135
2021-06-18 10:53:56,3629.5,103136
2021-06-18 10:54:00,3630.1,103176
2021-06-18 10:54:04,3630.0,103186
2021-06-18 10:54:07,3630.05,103247
2021-06-18 10:54:11,3630.05,103280
2021-06-18 10:54:15,3630.0,103294
2021-06-18 10:54:19,3630.0,103313
2021-06-18 10:54:23,3630.0,103342
2021-06-18 10:54:27,3630.0,103402
2021-06-18 10:54:30,3630.0,103402
2021-06-18 10:54:34,3630.0,103422
2021-06-18 10:54:38,3630.0,103560
2021-06-18 10:54:42,3630.0,103571
2021-06-18 10:54:46,3630.0,103596
2021-06-18 10:54:50,3628.6,103623
2021-06-18 10:54:54,3630.0,103637
2021-06-18 10:54:58,3630.0,103672
2021-06-18 10:55:02,3630.0,103706
2021-06-18 10:55:06,3630.0,103719
2021-06-18 10:55:10,3630.0,103721
2021-06-18 10:55:14,3630.0,103765
2021-06-18 10:55:22,3630.0,103970
2021-06-18 10:55:26,3629.55,104007
2021-06-18 10:55:30,3629.55,104036
2021-06-18 10:55:39,3629.95,104368
2021-06-18 10:55:43,3630.05,104383
2021-06-18 10:55:47,3630.05,104396
2021-06-18 10:55:51,3630.05,104484
2021-06-18 10:55:55,3630.05,104506
2021-06-18 10:55:59,3630.05,104672
2021-06-18 10:56:03,3630.05,104687
2021-06-18 10:56:07,3630.0,104742
2021-06-18 10:56:11,3630.0,104742
2021-06-18 10:56:15,3630.0,104778
2021-06-18 10:56:24,3630.35,104831
2021-06-18 10:56:28,3632.55,104839
2021-06-18 10:56:40,3632.5,104843
2021-06-18 10:56:44,3632.7,104855
2021-06-18 10:56:48,3633.5,104969
2021-06-18 10:56:52,3633.5,104969
2021-06-18 10:56:56,3631.8,104990
2021-06-18 10:57:01,3631.8,104990
2021-06-18 10:57:05,3632.6,104994
2021-06-18 10:57:08,3632.6,105006
2021-06-18 10:57:11,3633.45,105007
2021-06-18 10:57:19,3631.6,105031
2021-06-18 10:57:22,3634.0,105032
2021-06-18 10:57:26,3633.35,105043
2021-06-18 10:57:29,3631.75,105062
2021-06-18 10:57:33,3631.75,105062
2021-06-18 10:57:37,3631.75,105062
2021-06-18 10:57:41,3630.45,105066
2021-06-18 10:57:45,3631.8,105069
2021-06-18 10:57:49,3630.05,105164
2021-06-18 10:57:54,3630.35,105184
2021-06-18 10:57:58,3630.0,105440
2021-06-18 10:58:11,3629.15,106474
2021-06-18 10:58:15,3629.2,106545
2021-06-18 10:58:19,3629.25,106767
2021-06-18 10:58:23,3629.5,106799
2021-06-18 10:58:28,3629.35,106838
2021-06-18 10:58:32,3629.7,106997
2021-06-18 10:58:36,3630.0,107172
2021-06-18 10:58:41,3630.0,107226
2021-06-18 10:58:49,3630.0,107432
2021-06-18 10:58:53,3628.6,107441
2021-06-18 10:58:58,3628.65,107476
2021-06-18 10:59:02,3630.35,107517
2021-06-18 10:59:06,3630.0,107594
2021-06-18 10:59:10,3630.0,107834
2021-06-18 10:59:15,3629.65,107877
2021-06-18 10:59:18,3630.0,107896
2021-06-18 10:59:22,3630.0,108447
2021-06-18 10:59:26,3630.0,108494
2021-06-18 10:59:31,3630.0,108675
2021-06-18 10:59:35,3630.0,108711
2021-06-18 10:59:40,3631.75,108791
2021-06-18 10:59:44,3632.0,109011
2021-06-18 10:59:49,3632.35,109043
2021-06-18 10:59:53,3632.35,109043
2021-06-18 10:59:57,3631.05,109063
2021-06-18 11:00:07,3632.0,109067
2021-06-18 11:00:11,3630.4,109180
2021-06-18 11:00:20,3632.0,109230
2021-06-18 11:00:24,3632.0,109231
2021-06-18 11:00:29,3631.55,109238
2021-06-18 11:00:33,3632.4,109547
2021-06-18 11:00:38,3632.1,109823
2021-06-18 11:00:47,3633.0,109841
2021-06-18 11:00:51,3633.6,109932
2021-06-18 11:00:55,3632.3,109944
2021-06-18 11:01:00,3632.3,109948
2021-06-18 11:01:05,3632.3,109949
2021-06-18 11:01:13,3632.6,110008
2021-06-18 11:01:17,3632.55,110013
2021-06-18 11:01:21,3637.55,110902
2021-06-18 11:01:26,3637.5,110982
2021-06-18 11:01:30,3638.95,110983
2021-06-18 11:01:35,3637.5,111032
2021-06-18 11:01:39,3637.5,111043
2021-06-18 11:01:43,3637.5,111043
2021-06-18 11:01:47,3637.8,111063
2021-06-18 11:01:56,3634.85,111166
2021-06-18 11:02:00,3634.85,111166
2021-06-18 11:02:05,3635.05,111170
2021-06-18 11:02:09,3634.7,111171
2021-06-18 11:02:14,3635.0,111173
2021-06-18 11:02:18,3634.65,111198
2021-06-18 11:02:23,3635.4,111206
2021-06-18 11:02:27,3634.65,111301
2021-06-18 11:02:31,3635.1,111397
2021-06-18 11:02:35,3635.1,111402
2021-06-18 11:02:44,3635.55,111415
2021-06-18 11:02:48,3634.05,111448
2021-06-18 11:02:52,3634.05,111459
2021-06-18 11:02:56,3634.0,111603
2021-06-18 11:03:00,3633.55,111604
2021-06-18 11:03:04,3633.55,111604
2021-06-18 11:03:08,3633.55,111604
2021-06-18 11:03:17,3630.5,111663
2021-06-18 11:03:21,3630.5,111663
2021-06-18 11:03:25,3631.05,111668
2021-06-18 11:03:30,3630.0,112161
2021-06-18 11:03:34,3631.9,112267
2021-06-18 11:03:39,3630.35,112282
2021-06-18 11:03:47,3630.0,112290
2021-06-18 11:03:51,3630.0,112301
2021-06-18 11:03:56,3630.0,112301
2021-06-18 11:04:00,3630.0,112316
2021-06-18 11:04:04,3630.15,112335
2021-06-18 11:04:08,3630.0,112358
2021-06-18 11:04:12,3630.0,112490
2021-06-18 11:04:17,3630.0,112509
2021-06-18 11:04:21,3630.0,112813
2021-06-18 11:04:25,3630.8,112828
2021-06-18 11:04:29,3630.0,112959
2021-06-18 11:04:34,3630.0,112959
2021-06-18 11:04:38,3630.0,113012
2021-06-18 11:04:42,3630.05,113068
2021-06-18 11:04:46,3630.0,113110
2021-06-18 11:04:51,3630.0,113157
2021-06-18 11:04:55,3630.0,113175
2021-06-18 11:04:59,3629.6,113489
2021-06-18 11:05:03,3629.5,113654
2021-06-18 11:05:07,3630.0,114100
2021-06-18 11:05:12,3630.0,116136
2021-06-18 11:05:16,3630.0,116412
2021-06-18 11:05:20,3630.0,116450
2021-06-18 11:05:25,3628.7,116468
2021-06-18 11:05:29,3628.25,116523
2021-06-18 11:05:33,3628.8,116541
2021-06-18 11:05:37,3628.85,116618
2021-06-18 11:05:41,3628.25,116638
2021-06-18 11:05:45,3627.55,116753
2021-06-18 11:05:53,3630.05,116956
2021-06-18 11:05:58,3629.85,117029
2021-06-18 11:06:02,3627.75,117212
2021-06-18 11:06:06,3627.85,117238
2021-06-18 11:06:10,3627.85,117238
2021-06-18 11:06:14,3628.65,117241
2021-06-18 11:06:22,3628.0,117289
2021-06-18 11:06:27,3628.05,117291
2021-06-18 11:06:31,3627.5,117309
2021-06-18 11:06:36,3627.1,117329
2021-06-18 11:06:40,3627.05,117351
2021-06-18 11:06:44,3625.5,117436
2021-06-18 11:06:52,3626.0,117671
2021-06-18 11:06:56,3625.6,117702
2021-06-18 11:07:00,3625.1,117722
2021-06-18 11:07:04,3624.3,117791
2021-06-18 11:07:08,3624.55,117864
2021-06-18 11:07:12,3624.6,117879
2021-06-18 11:07:16,3624.55,117884
2021-06-18 11:07:20,3625.95,117889
2021-06-18 11:07:24,3624.05,117924
2021-06-18 11:07:28,3624.05,117924
2021-06-18 11:07:33,3624.0,117957
2021-06-18 11:07:37,3625.0,117961
2021-06-18 11:07:41,3624.0,117986
2021-06-18 11:07:45,3625.0,118009
2021-06-18 11:07:49,3624.0,118168
2021-06-18 11:07:54,3624.0,118296
2021-06-18 11:07:58,3624.0,118311
2021-06-18 11:08:02,3624.0,118328
2021-06-18 11:08:06,3624.0,118330
2021-06-18 11:08:10,3624.0,118359
2021-06-18 11:08:14,3625.4,118406
2021-06-18 11:08:18,3625.4,118406
2021-06-18 11:08:22,3625.4,118406
2021-06-18 11:08:26,3625.4,118406
2021-06-18 11:08:30,3625.1,118429
2021-06-18 11:08:34,3625.1,118460
2021-06-18 11:08:38,3625.1,118488
2021-06-18 11:08:42,3625.1,118488
2021-06-18 11:08:46,3625.0,118504
2021-06-18 11:08:50,3625.5,118506
2021-06-18 11:08:55,3626.0,118532
2021-06-18 11:08:59,3626.0,118559
2021-06-18 11:09:03,3626.3,118562
2021-06-18 11:09:07,3626.3,118562
2021-06-18 11:09:11,3626.0,118594
2021-06-18 11:09:15,3626.5,118640
2021-06-18 11:09:19,3627.0,118692
2021-06-18 11:09:23,3625.8,118696
2021-06-18 11:09:27,3625.0,118702
2021-06-18 11:09:32,3626.45,118966
2021-06-18 11:09:36,3625.0,119019
2021-06-18 11:09:40,3625.0,119046
2021-06-18 11:09:44,3626.5,119051
2021-06-18 11:09:48,3625.8,119054
2021-06-18 11:09:51,3625.8,119064
2021-06-18 11:09:55,3625.8,119073
2021-06-18 11:09:59,3625.8,119086
2021-06-18 11:10:03,3625.8,119091
2021-06-18 11:10:07,3625.15,119097
2021-06-18 11:10:12,3625.8,119098
2021-06-18 11:10:16,3625.8,119098
2021-06-18 11:10:20,3625.8,119163
2021-06-18 11:10:24,3625.8,119164
2021-06-18 11:10:28,3625.0,119174
2021-06-18 11:10:31,3625.8,119177
2021-06-18 11:10:35,3625.45,119187
2021-06-18 11:10:43,3625.05,119209
2021-06-18 11:10:47,3625.0,119245
2021-06-18 11:10:51,3625.0,119275
2021-06-18 11:10:55,3625.0,119281
2021-06-18 11:10:59,3625.6,119283
2021-06-18 11:11:03,3625.6,119283
2021-06-18 11:11:07,3625.0,119288
2021-06-18 11:11:11,3625.0,119288
2021-06-18 11:11:15,3625.0,119308
2021-06-18 11:11:20,3625.25,119310
2021-06-18 11:11:24,3626.0,119466
2021-06-18 11:11:28,3625.0,119469
2021-06-18 11:11:32,3626.0,119470
2021-06-18 11:11:36,3626.0,119511
2021-06-18 11:11:40,3626.0,119514
2021-06-18 11:11:44,3626.0,119525
2021-06-18 11:11:52,3626.15,119546
2021-06-18 11:11:56,3626.15,119546
2021-06-18 11:12:00,3626.0,119554
2021-06-18 11:12:04,3626.0,119554
2021-06-18 11:12:08,3626.0,119560
2021-06-18 11:12:12,3626.0,119560
2021-06-18 11:12:16,3626.0,119560
2021-06-18 11:12:20,3626.25,119561
2021-06-18 11:12:24,3627.75,119715
2021-06-18 11:12:28,3629.0,119716
2021-06-18 11:12:32,3628.05,119720
2021-06-18 11:12:35,3629.0,119725
2021-06-18 11:12:39,3628.1,119731
2021-06-18 11:12:43,3628.1,119731
2021-06-18 11:12:47,3628.1,119731
2021-06-18 11:12:51,3628.8,119732
2021-06-18 11:12:56,3629.4,119776
2021-06-18 11:13:00,3630.0,119902
2021-06-18 11:13:04,3631.0,119905
2021-06-18 11:13:08,3630.35,119911
2021-06-18 11:13:11,3632.0,120025
2021-06-18 11:13:16,3632.0,120027
2021-06-18 11:13:20,3631.55,120077
2021-06-18 11:13:24,3631.0,120082
2021-06-18 11:13:28,3631.0,120106
2021-06-18 11:13:32,3630.65,120110
2021-06-18 11:13:36,3629.4,120145
2021-06-18 11:13:40,3628.5,120158
2021-06-18 11:13:44,3628.8,120169
2021-06-18 11:13:48,3629.5,120181
2021-06-18 11:13:52,3628.1,120185
2021-06-18 11:13:56,3627.35,120196
2021-06-18 11:14:01,3626.95,120207
2021-06-18 11:14:05,3627.1,120239
2021-06-18 11:14:09,3627.05,120248
2021-06-18 11:14:13,3626.8,120250
2021-06-18 11:14:17,3628.0,120263
2021-06-18 11:14:20,3627.4,120289
2021-06-18 11:14:24,3627.1,120359
2021-06-18 11:14:27,3627.1,120359
2021-06-18 11:14:31,3627.1,120359
2021-06-18 11:14:35,3627.15,120382
2021-06-18 11:14:39,3627.1,120392
2021-06-18 11:14:43,3627.1,120398
2021-06-18 11:14:47,3627.05,120409
2021-06-18 11:14:51,3626.75,120439
2021-06-18 11:14:55,3626.2,120473
2021-06-18 11:14:59,3626.7,120502
2021-06-18 11:15:03,3626.0,120508
2021-06-18 11:15:07,3626.25,120562
2021-06-18 11:15:11,3626.0,120573
2021-06-18 11:15:15,3626.0,120598
2021-06-18 11:15:19,3627.0,120614
2021-06-18 11:15:23,3626.95,120623
2021-06-18 11:15:27,3627.55,120627
2021-06-18 11:15:31,3626.25,120632
2021-06-18 11:15:35,3626.25,120642
2021-06-18 11:15:39,3626.25,120642
2021-06-18 11:15:43,3626.55,120740
2021-06-18 11:15:47,3626.5,120746
2021-06-18 11:15:50,3627.25,120753
2021-06-18 11:15:54,3627.05,120767
2021-06-18 11:15:58,3626.35,120812
2021-06-18 11:16:03,3626.3,120816
