timestamp,ltp,volume
2021-06-18 09:16:25,2685.0,14424
2021-06-18 09:16:32,2683.75,16890
2021-06-18 09:16:34,2685.55,17038
2021-06-18 09:16:34,2685.0,17042
2021-06-18 09:16:36,2683.7,17209
2021-06-18 09:16:37,2683.75,17219
2021-06-18 09:16:38,2684.8,17244
2021-06-18 09:16:39,2684.6,17249
2021-06-18 09:16:40,2683.7,17301
2021-06-18 09:16:42,2685.5,17662
2021-06-18 09:16:43,2683.95,17826
2021-06-18 09:16:43,2683.95,17826
2021-06-18 09:16:44,2685.0,17904
2021-06-18 09:16:46,2685.95,17923
2021-06-18 09:16:47,2686.3,17974
2021-06-18 09:16:48,2686.15,17978
2021-06-18 09:16:49,2686.35,18067
2021-06-18 09:16:50,2686.0,18117
2021-06-18 09:16:50,2686.0,18117
2021-06-18 09:16:52,2684.45,18118
2021-06-18 09:16:53,2685.0,18547
2021-06-18 09:16:54,2686.35,18589
2021-06-18 09:16:55,2686.55,18590
2021-06-18 09:16:56,2686.55,18590
2021-06-18 09:16:57,2685.0,18600
2021-06-18 09:16:58,2687.25,18640
2021-06-18 09:16:59,2687.25,18640
2021-06-18 09:17:00,2687.25,18640
2021-06-18 09:17:02,2687.25,18660
2021-06-18 09:17:03,2686.55,18736
2021-06-18 09:17:04,2687.25,18754
2021-06-18 09:17:05,2687.45,18769
2021-06-18 09:17:06,2687.45,18769
2021-06-18 09:17:07,2687.5,18779
2021-06-18 09:17:08,2686.55,18911
2021-06-18 09:17:11,2686.5,19816
2021-06-18 09:17:12,2688.85,19825
2021-06-18 09:17:16,2688.85,19900
2021-06-18 09:17:17,2686.95,19904
2021-06-18 09:17:18,2687.4,19984
2021-06-18 09:17:19,2687.4,19987
2021-06-18 09:17:20,2687.4,19987
2021-06-18 09:17:21,2688.9,20352
2021-06-18 09:17:22,2686.65,20754
2021-06-18 09:17:22,2686.65,20754
2021-06-18 09:17:24,2688.0,20810
2021-06-18 09:17:25,2688.0,20874
2021-06-18 09:17:26,2688.0,20897
2021-06-18 09:17:27,2688.0,21038
2021-06-18 09:17:28,2688.0,21038
2021-06-18 09:17:29,2688.0,21042
2021-06-18 09:17:30,2687.4,21053
2021-06-18 09:17:31,2688.0,21063
2021-06-18 09:17:32,2687.4,21169
2021-06-18 09:17:33,2688.0,21415
2021-06-18 09:17:34,2686.85,21460
2021-06-18 09:17:35,2688.0,22052
2021-06-18 09:17:36,2688.65,22288
2021-06-18 09:17:37,2686.7,22300
2021-06-18 09:17:38,2686.7,22300
2021-06-18 09:17:39,2691.55,24319
2021-06-18 09:17:40,2691.7,24443
2021-06-18 09:17:41,2691.8,24459
2021-06-18 09:17:41,2691.8,24459
2021-06-18 09:17:43,2693.95,24480
2021-06-18 09:17:44,2695.5,24837
2021-06-18 09:17:45,2695.25,24844
2021-06-18 09:17:46,2695.25,24844
2021-06-18 09:17:46,2696.3,24961
2021-06-18 09:17:48,2696.05,24968
2021-06-18 09:17:49,2695.95,25178
2021-06-18 09:17:50,2693.35,25268
2021-06-18 09:17:51,2694.65,25430
2021-06-18 09:17:51,2692.05,25440
2021-06-18 09:17:52,2694.65,25441
2021-06-18 09:17:53,2691.85,25742
2021-06-18 09:17:54,2693.0,25764
2021-06-18 09:17:55,2692.1,25934
2021-06-18 09:17:56,2694.15,25939
2021-06-18 09:17:58,2693.5,25949
2021-06-18 09:17:59,2691.85,26034
2021-06-18 09:18:00,2693.5,26070
2021-06-18 09:18:01,2690.1,27751
2021-06-18 09:18:02,2690.0,27816
2021-06-18 09:18:03,2690.0,27816
2021-06-18 09:18:04,2687.8,27825
2021-06-18 09:18:05,2687.9,27833
2021-06-18 09:18:06,2687.8,27835
2021-06-18 09:18:06,2687.8,27835
2021-06-18 09:18:08,2689.8,27855
2021-06-18 09:18:09,2687.8,28081
2021-06-18 09:18:10,2689.7,28088
2021-06-18 09:18:11,2689.7,28164
2021-06-18 09:18:13,2691.9,28286
2021-06-18 09:18:14,2693.0,28404
2021-06-18 09:18:16,2691.25,28624
2021-06-18 09:18:17,2691.25,28624
2021-06-18 09:18:18,2693.35,28719
2021-06-18 09:18:19,2693.35,28719
2021-06-18 09:18:20,2693.35,28719
2021-06-18 09:18:21,2693.35,28790
2021-06-18 09:18:22,2690.3,28811
2021-06-18 09:18:23,2692.3,28812
2021-06-18 09:18:24,2690.25,28935
2021-06-18 09:18:25,2690.25,28938
2021-06-18 09:18:26,2692.2,28963
2021-06-18 09:18:27,2692.2,28963
2021-06-18 09:18:28,2690.8,29032
2021-06-18 09:18:29,2690.8,29032
2021-06-18 09:18:30,2690.8,29032
2021-06-18 09:18:31,2690.8,29037
2021-06-18 09:18:32,2692.3,29038
2021-06-18 09:18:33,2692.0,29138
2021-06-18 09:18:34,2692.3,29149
2021-06-18 09:18:35,2690.6,29174
2021-06-18 09:18:36,2690.6,29174
2021-06-18 09:18:37,2690.7,29215
2021-06-18 09:18:38,2691.9,29367
2021-06-18 09:18:39,2691.9,29367
2021-06-18 09:18:40,2691.2,29377
2021-06-18 09:18:41,2692.0,29385
2021-06-18 09:18:42,2692.0,29385
2021-06-18 09:18:43,2690.95,29386
2021-06-18 09:18:44,2690.9,29421
2021-06-18 09:18:45,2690.9,29421
2021-06-18 09:18:46,2690.9,29421
2021-06-18 09:18:47,2693.35,29442
2021-06-18 09:18:48,2691.25,29549
2021-06-18 09:18:49,2692.95,29551
2021-06-18 09:18:50,2692.95,29551
2021-06-18 09:18:52,2693.15,29582
2021-06-18 09:18:51,2693.15,29582
2021-06-18 09:18:53,2691.65,29663
2021-06-18 09:18:54,2693.15,29715
2021-06-18 09:18:55,2691.6,29719
2021-06-18 09:18:56,2693.45,29831
2021-06-18 09:18:57,2693.45,29834
2021-06-18 09:18:58,2692.0,29899
2021-06-18 09:18:59,2692.0,29899
2021-06-18 09:19:00,2693.4,29930
2021-06-18 09:19:01,2693.4,29930
2021-06-18 09:19:02,2693.35,29960
2021-06-18 09:19:03,2693.05,29965
2021-06-18 09:19:04,2693.9,30167
2021-06-18 09:19:05,2694.0,30238
2021-06-18 09:19:07,2693.25,30427
2021-06-18 09:19:06,2694.5,30426
2021-06-18 09:19:08,2693.25,30427
2021-06-18 09:19:09,2693.05,30436
2021-06-18 09:19:10,2693.05,30456
2021-06-18 09:19:11,2693.05,30456
2021-06-18 09:19:12,2693.05,30456
2021-06-18 09:19:13,2693.05,30456
2021-06-18 09:19:14,2694.0,30457
2021-06-18 09:19:15,2694.0,30516
2021-06-18 09:19:16,2693.25,30523
2021-06-18 09:19:17,2694.0,30943
2021-06-18 09:19:18,2694.0,30943
2021-06-18 09:19:19,2693.2,31180
2021-06-18 09:19:20,2694.0,31242
2021-06-18 09:19:21,2694.0,31242
2021-06-18 09:19:23,2693.2,31256
2021-06-18 09:19:22,2694.9,31251
2021-06-18 09:19:24,2693.2,31256
2021-06-18 09:19:25,2695.35,31522
2021-06-18 09:19:26,2696.0,31588
2021-06-18 09:19:27,2696.0,31588
2021-06-18 09:19:28,2696.0,31588
2021-06-18 09:19:29,2694.55,31592
2021-06-18 09:19:31,2696.0,31593
2021-06-18 09:19:32,2694.45,31614
2021-06-18 09:19:33,2696.0,31811
2021-06-18 09:19:34,2696.0,31811
2021-06-18 09:19:35,2696.0,32218
2021-06-18 09:19:36,2696.0,32322
2021-06-18 09:19:37,2695.75,32337
2021-06-18 09:19:38,2695.95,32439
2021-06-18 09:19:39,2698.0,32633
2021-06-18 09:19:40,2696.15,32638
2021-06-18 09:19:41,2698.0,32639
2021-06-18 09:19:42,2698.0,32640
2021-06-18 09:19:43,2698.0,32662
2021-06-18 09:19:44,2697.75,32786
2021-06-18 09:19:45,2697.75,32786
2021-06-18 09:19:46,2699.0,32912
2021-06-18 09:19:47,2699.0,32912
2021-06-18 09:19:48,2697.65,32942
2021-06-18 09:19:49,2697.85,33062
2021-06-18 09:19:50,2697.85,33062
2021-06-18 09:19:52,2699.05,33095
2021-06-18 09:19:53,2699.9,33308
2021-06-18 09:19:54,2699.8,33487
2021-06-18 09:19:55,2699.0,33508
2021-06-18 09:19:56,2699.0,33512
2021-06-18 09:19:57,2699.0,33512
2021-06-18 09:19:58,2699.05,33557
2021-06-18 09:20:00,2699.9,33576
2021-06-18 09:19:59,2699.9,33576
2021-06-18 09:20:01,2700.0,33762
2021-06-18 09:20:02,2699.65,34017
2021-06-18 09:20:03,2699.8,34347
2021-06-18 09:20:04,2700.1,34437
2021-06-18 09:20:05,2699.95,34562
2021-06-18 09:20:07,2699.75,34582
2021-06-18 09:20:08,2699.75,34582
2021-06-18 09:20:09,2699.65,34618
2021-06-18 09:20:10,2700.1,34623
2021-06-18 09:20:11,2697.75,34988
2021-06-18 09:20:12,2700.2,35190
2021-06-18 09:20:13,2700.2,35190
2021-06-18 09:20:14,2699.75,35290
2021-06-18 09:20:15,2698.2,35291
2021-06-18 09:20:16,2698.2,35291
2021-06-18 09:20:17,2698.45,35296
2021-06-18 09:20:18,2698.45,35296
2021-06-18 09:20:19,2698.55,35311
2021-06-18 09:20:20,2698.55,35311
2021-06-18 09:20:21,2698.65,35333
2021-06-18 09:20:22,2698.65,35353
2021-06-18 09:20:23,2698.5,35648
2021-06-18 09:20:25,2698.75,35783
2021-06-18 09:20:27,2700.1,35826
2021-06-18 09:20:28,2700.25,35936
2021-06-18 09:20:29,2700.0,36061
2021-06-18 09:20:29,2700.25,36091
2021-06-18 09:20:31,2700.0,36142
2021-06-18 09:20:32,2697.0,37963
2021-06-18 09:20:34,2697.0,37963
2021-06-18 09:20:34,2696.85,38251
2021-06-18 09:20:35,2696.75,38274
2021-06-18 09:20:37,2696.75,38305
2021-06-18 09:20:38,2696.6,38446
2021-06-18 09:20:39,2695.0,38486
2021-06-18 09:20:40,2697.45,39140
2021-06-18 09:20:42,2695.0,39244
2021-06-18 09:20:43,2695.0,39255
2021-06-18 09:20:44,2695.0,39267
2021-06-18 09:20:44,2695.0,39267
2021-06-18 09:20:45,2696.6,39410
2021-06-18 09:20:46,2695.0,39557
2021-06-18 09:20:47,2694.45,39569
2021-06-18 09:20:49,2693.7,39770
2021-06-18 09:20:50,2694.65,39891
2021-06-18 09:20:51,2692.35,39899
2021-06-18 09:20:51,2692.15,40309
2021-06-18 09:20:52,2692.25,40333
2021-06-18 09:20:53,2694.35,40693
2021-06-18 09:20:55,2694.35,40693
2021-06-18 09:20:55,2694.95,40705
2021-06-18 09:20:56,2692.3,40825
2021-06-18 09:20:57,2692.25,40877
2021-06-18 09:20:58,2694.15,40915
2021-06-18 09:21:00,2692.2,40946
2021-06-18 09:21:00,2694.1,40937
2021-06-18 09:21:02,2692.2,40946
2021-06-18 09:21:03,2694.25,40996
2021-06-18 09:21:04,2694.25,40996
2021-06-18 09:21:06,2692.2,41011
2021-06-18 09:21:06,2692.2,41011
2021-06-18 09:21:07,2692.15,41211
2021-06-18 09:21:08,2692.15,41211
2021-06-18 09:21:09,2692.2,41212
2021-06-18 09:21:11,2693.0,41296
2021-06-18 09:21:11,2693.0,41296
2021-06-18 09:21:12,2694.4,41307
2021-06-18 09:21:13,2694.0,41312
2021-06-18 09:21:14,2694.0,41327
2021-06-18 09:21:16,2694.45,41339
2021-06-18 09:21:17,2694.45,41345
2021-06-18 09:21:18,2694.45,41350
2021-06-18 09:21:18,2694.45,41350
2021-06-18 09:21:19,2695.0,41352
2021-06-18 09:21:20,2694.5,41474
2021-06-18 09:21:21,2695.0,41481
2021-06-18 09:21:22,2695.05,41493
2021-06-18 09:21:24,2697.4,41513
2021-06-18 09:21:24,2697.9,41514
2021-06-18 09:21:25,2697.9,41514
2021-06-18 09:21:26,2695.3,41546
2021-06-18 09:21:27,2695.3,41546
2021-06-18 09:21:28,2695.35,41561
2021-06-18 09:21:30,2695.75,41604
2021-06-18 09:21:30,2695.75,41604
2021-06-18 09:21:31,2695.3,41612
2021-06-18 09:21:32,2695.3,41671
2021-06-18 09:21:33,2695.05,41774
2021-06-18 09:21:34,2694.05,41949
2021-06-18 09:21:36,2694.05,41949
2021-06-18 09:21:36,2694.05,41949
2021-06-18 09:21:37,2694.3,41963
2021-06-18 09:21:38,2695.3,41965
2021-06-18 09:21:39,2695.3,41969
2021-06-18 09:21:40,2695.0,42369
2021-06-18 09:21:41,2695.35,42397
2021-06-18 09:21:42,2695.6,42451
2021-06-18 09:21:44,2693.3,42484
2021-06-18 09:21:44,2693.3,42484
2021-06-18 09:21:45,2695.4,42590
2021-06-18 09:21:46,2695.4,42590
2021-06-18 09:21:47,2693.3,42600
2021-06-18 09:21:48,2695.05,42601
2021-06-18 09:21:51,2693.1,42701
2021-06-18 09:21:52,2693.1,42701
2021-06-18 09:21:53,2694.7,42703
2021-06-18 09:21:54,2693.0,42704
2021-06-18 09:21:56,2693.0,42704
2021-06-18 09:21:56,2693.0,42704
2021-06-18 09:21:57,2693.0,42704
2021-06-18 09:21:58,2693.0,42704
2021-06-18 09:21:59,2692.9,42901
2021-06-18 09:22:00,2693.0,42938
2021-06-18 09:22:01,2692.15,43008
2021-06-18 09:22:02,2692.15,43044
2021-06-18 09:22:04,2692.9,43046
2021-06-18 09:22:04,2692.9,43046
2021-06-18 09:22:05,2693.1,43160
2021-06-18 09:22:06,2692.55,43162
2021-06-18 09:22:07,2695.0,43474
2021-06-18 09:22:08,2692.65,43475
2021-06-18 09:22:09,2692.55,43479
2021-06-18 09:22:10,2692.65,43499
2021-06-18 09:22:12,2692.7,43500
2021-06-18 09:22:13,2694.5,43514
2021-06-18 09:22:13,2694.5,43514
2021-06-18 09:22:14,2694.55,43531
2021-06-18 09:22:16,2692.65,43601
2021-06-18 09:22:17,2694.25,43613
2021-06-18 09:22:18,2694.25,43613
2021-06-18 09:22:20,2692.75,43623
2021-06-18 09:22:21,2694.0,43633
2021-06-18 09:22:22,2692.75,43634
2021-06-18 09:22:23,2692.7,43738
2021-06-18 09:22:25,2692.7,43798
2021-06-18 09:22:26,2692.7,43798
2021-06-18 09:22:27,2693.9,43800
2021-06-18 09:22:28,2692.65,43805
2021-06-18 09:22:29,2693.85,43806
2021-06-18 09:22:31,2692.0,43951
2021-06-18 09:22:31,2692.0,43951
2021-06-18 09:22:32,2692.0,44001
2021-06-18 09:22:33,2692.65,44003
2021-06-18 09:22:34,2692.65,44214
2021-06-18 09:22:36,2692.65,44214
2021-06-18 09:22:37,2692.65,44234
2021-06-18 09:22:38,2692.65,44241
2021-06-18 09:22:39,2692.65,44241
2021-06-18 09:22:40,2692.65,44364
2021-06-18 09:22:40,2691.0,44427
2021-06-18 09:22:41,2691.0,44436
2021-06-18 09:22:42,2691.0,44486
2021-06-18 09:22:43,2691.0,44494
2021-06-18 09:22:45,2691.0,44494
2021-06-18 09:22:46,2691.15,44495
2021-06-18 09:22:47,2691.0,44695
2021-06-18 09:22:47,2691.0,44695
2021-06-18 09:22:50,2691.0,44699
2021-06-18 09:22:50,2691.0,44700
2021-06-18 09:22:51,2691.0,44700
2021-06-18 09:22:52,2690.6,44706
2021-06-18 09:22:53,2690.5,44782
2021-06-18 09:22:54,2691.0,45306
2021-06-18 09:22:55,2691.0,45306
2021-06-18 09:22:56,2691.0,45306
2021-06-18 09:22:57,2691.0,45306
2021-06-18 09:22:58,2691.0,45317
2021-06-18 09:22:59,2691.0,45317
2021-06-18 09:23:00,2690.4,45530
2021-06-18 09:23:01,2691.0,45566
2021-06-18 09:23:02,2690.25,45591
2021-06-18 09:23:03,2690.1,45941
2021-06-18 09:23:04,2690.0,46130
2021-06-18 09:23:05,2690.0,46130
2021-06-18 09:23:06,2691.05,46199
2021-06-18 09:23:07,2690.0,46203
2021-06-18 09:23:08,2691.05,46236
2021-06-18 09:23:09,2691.05,46236
2021-06-18 09:23:10,2691.05,46236
2021-06-18 09:23:11,2691.05,46236
2021-06-18 09:23:12,2691.0,46260
2021-06-18 09:23:13,2691.0,46260
2021-06-18 09:23:14,2690.4,46295
2021-06-18 09:23:15,2690.1,46370
2021-06-18 09:23:16,2691.45,46537
2021-06-18 09:23:17,2690.5,46562
2021-06-18 09:23:20,2691.0,46567
2021-06-18 09:23:21,2691.0,46567
2021-06-18 09:23:24,2688.9,47274
2021-06-18 09:23:25,2689.4,47337
2021-06-18 09:23:25,2689.4,47337
2021-06-18 09:23:26,2689.5,47432
2021-06-18 09:23:27,2689.9,47562
2021-06-18 09:23:28,2687.6,47640
2021-06-18 09:23:29,2687.2,47688
2021-06-18 09:23:30,2688.75,48238
2021-06-18 09:23:31,2686.7,48258
2021-06-18 09:23:32,2686.7,48258
2021-06-18 09:23:33,2686.75,48458
2021-06-18 09:23:34,2685.95,48690
2021-06-18 09:23:35,2685.95,48690
2021-06-18 09:23:36,2685.85,48797
2021-06-18 09:23:37,2685.75,48807
2021-06-18 09:23:38,2686.25,49106
2021-06-18 09:23:39,2685.95,49176
2021-06-18 09:23:40,2686.2,49331
2021-06-18 09:23:41,2686.2,49331
2021-06-18 09:23:42,2686.15,49341
2021-06-18 09:23:43,2688.15,49345
2021-06-18 09:23:44,2688.7,49426
2021-06-18 09:23:45,2688.7,49426
2021-06-18 09:23:46,2685.0,49646
2021-06-18 09:23:47,2687.25,49647
2021-06-18 09:23:48,2687.2,49678
2021-06-18 09:23:49,2685.1,49720
2021-06-18 09:23:50,2686.6,49755
2021-06-18 09:23:51,2685.0,49905
2021-06-18 09:23:52,2686.85,49955
2021-06-18 09:23:53,2686.85,50184
2021-06-18 09:23:54,2686.85,50184
2021-06-18 09:23:55,2685.15,50193
2021-06-18 09:23:56,2687.0,50610
2021-06-18 09:23:57,2687.0,50610
2021-06-18 09:23:58,2687.25,50638
2021-06-18 09:23:59,2686.15,50695
2021-06-18 09:24:00,2687.95,50928
2021-06-18 09:24:01,2687.95,50928
2021-06-18 09:24:02,2686.15,51448
2021-06-18 09:24:03,2686.15,51448
2021-06-18 09:24:04,2686.15,51448
2021-06-18 09:24:05,2688.65,51450
2021-06-18 09:24:06,2687.85,51456
2021-06-18 09:24:07,2687.85,51456
2021-06-18 09:24:08,2687.9,51461
2021-06-18 09:24:09,2688.0,51466
2021-06-18 09:24:10,2687.2,51611
2021-06-18 09:24:11,2687.2,51645
2021-06-18 09:24:12,2685.5,51657
2021-06-18 09:24:13,2687.85,51662
2021-06-18 09:24:14,2685.5,51762
2021-06-18 09:24:15,2685.5,51762
2021-06-18 09:24:16,2685.5,51762
2021-06-18 09:24:17,2686.0,51784
2021-06-18 09:24:18,2687.25,51785
2021-06-18 09:24:19,2687.2,51789
2021-06-18 09:24:20,2687.2,51789
2021-06-18 09:24:22,2686.0,51790
2021-06-18 09:24:23,2686.0,51790
2021-06-18 09:24:24,2686.0,51790
2021-06-18 09:24:25,2687.5,51870
2021-06-18 09:24:26,2687.5,51870
2021-06-18 09:24:27,2686.95,51904
2021-06-18 09:24:27,2686.95,51904
2021-06-18 09:24:28,2686.95,51931
2021-06-18 09:24:29,2687.5,52313
2021-06-18 09:24:30,2687.5,52313
2021-06-18 09:24:31,2689.25,52909
2021-06-18 09:24:32,2689.25,52909
2021-06-18 09:24:33,2689.25,52909
2021-06-18 09:24:34,2689.4,52919
2021-06-18 09:24:36,2690.5,53430
2021-06-18 09:24:37,2691.0,53512
2021-06-18 09:24:38,2690.65,53513
2021-06-18 09:24:39,2692.3,53514
2021-06-18 09:24:40,2692.3,53514
2021-06-18 09:24:41,2692.6,53564
2021-06-18 09:24:42,2692.6,53565
2021-06-18 09:24:43,2692.6,53565
2021-06-18 09:24:44,2692.6,53565
2021-06-18 09:24:45,2692.65,53566
2021-06-18 09:24:46,2692.65,53566
2021-06-18 09:24:47,2692.6,53576
2021-06-18 09:24:48,2690.65,53696
2021-06-18 09:24:49,2692.0,53716
2021-06-18 09:24:50,2692.0,53725
2021-06-18 09:24:51,2692.0,53725
2021-06-18 09:24:52,2692.0,53725
2021-06-18 09:24:53,2692.0,53725
2021-06-18 09:24:54,2692.0,53725
2021-06-18 09:24:55,2690.7,53726
2021-06-18 09:24:56,2690.7,53727
2021-06-18 09:24:57,2692.0,53730
2021-06-18 09:24:58,2692.0,53730
2021-06-18 09:24:59,2692.0,53780
2021-06-18 09:25:00,2692.0,53780
2021-06-18 09:25:01,2690.55,53801
2021-06-18 09:25:02,2690.55,53801
2021-06-18 09:25:03,2691.95,53842
2021-06-18 09:25:04,2691.95,53842
2021-06-18 09:25:05,2692.0,53843
2021-06-18 09:25:06,2692.0,53893
2021-06-18 09:25:07,2694.35,54285
2021-06-18 09:25:08,2694.35,54285
2021-06-18 09:25:09,2694.8,54303
2021-06-18 09:25:10,2695.0,54574
2021-06-18 09:25:11,2696.95,54655
2021-06-18 09:25:12,2697.0,54690
2021-06-18 09:25:13,2697.0,54690
2021-06-18 09:25:14,2697.4,54761
2021-06-18 09:25:15,2697.9,54772
2021-06-18 09:25:16,2697.85,54805
2021-06-18 09:25:17,2699.0,55700
2021-06-18 09:25:18,2697.35,55701
2021-06-18 09:25:19,2699.4,55801
2021-06-18 09:25:21,2700.0,56068
2021-06-18 09:25:22,2700.0,56068
2021-06-18 09:25:23,2700.0,56163
2021-06-18 09:25:24,2699.95,56168
2021-06-18 09:25:25,2699.95,56208
2021-06-18 09:25:26,2699.95,56208
2021-06-18 09:25:27,2698.4,56378
2021-06-18 09:25:28,2699.95,56388
2021-06-18 09:25:29,2698.4,56389
2021-06-18 09:25:30,2698.4,56429
2021-06-18 09:25:31,2700.0,56469
2021-06-18 09:25:32,2698.4,56524
2021-06-18 09:25:33,2700.0,56547
2021-06-18 09:25:34,2700.0,56569
2021-06-18 09:25:35,2700.0,56582
2021-06-18 09:25:36,2699.95,56829
2021-06-18 09:25:37,2700.0,56959
2021-06-18 09:25:38,2699.9,57034
2021-06-18 09:25:39,2699.0,57037
2021-06-18 09:25:40,2699.0,57138
2021-06-18 09:25:41,2698.25,57140
2021-06-18 09:25:42,2698.25,57140
2021-06-18 09:25:43,2699.8,57417
2021-06-18 09:25:44,2699.0,57420
2021-06-18 09:25:45,2699.0,57420
2021-06-18 09:25:46,2698.25,57452
2021-06-18 09:25:47,2699.0,57459
2021-06-18 09:25:48,2699.0,57509
2021-06-18 09:25:49,2697.5,57536
2021-06-18 09:25:50,2697.9,57551
2021-06-18 09:25:51,2697.9,57551
2021-06-18 09:25:52,2697.9,57551
2021-06-18 09:25:53,2697.9,57551
2021-06-18 09:25:54,2696.0,57566
2021-06-18 09:25:55,2696.0,57566
2021-06-18 09:25:56,2696.0,57566
2021-06-18 09:25:57,2697.0,57606
2021-06-18 09:25:58,2697.0,57606
2021-06-18 09:25:59,2696.95,57686
2021-06-18 09:26:00,2697.0,57695
2021-06-18 09:26:01,2696.25,57770
2021-06-18 09:26:02,2696.95,57810
2021-06-18 09:26:03,2696.05,57850
2021-06-18 09:26:04,2696.05,57850
2021-06-18 09:26:05,2696.95,57953
2021-06-18 09:26:06,2696.95,57963
2021-06-18 09:26:07,2696.95,57963
2021-06-18 09:26:08,2696.95,57963
2021-06-18 09:26:09,2696.95,58018
2021-06-18 09:26:10,2696.3,58125
2021-06-18 09:26:11,2697.85,58132
2021-06-18 09:26:12,2696.9,58249
2021-06-18 09:26:13,2696.9,58249
2021-06-18 09:26:14,2696.0,58289
2021-06-18 09:26:15,2696.25,58292
2021-06-18 09:26:15,2696.25,58292
2021-06-18 09:26:16,2696.25,58292
2021-06-18 09:26:18,2696.95,58302
2021-06-18 09:26:19,2696.95,58302
2021-06-18 09:26:20,2696.95,58302
2021-06-18 09:26:21,2696.95,58302
2021-06-18 09:26:22,2696.95,58484
2021-06-18 09:26:23,2696.95,58484
2021-06-18 09:26:25,2697.55,58518
2021-06-18 09:26:26,2697.6,58519
2021-06-18 09:26:27,2697.6,58519
2021-06-18 09:26:28,2696.9,58520
2021-06-18 09:26:29,2697.0,58522
2021-06-18 09:26:30,2696.95,58526
2021-06-18 09:26:31,2696.95,58526
2021-06-18 09:26:31,2696.95,58526
2021-06-18 09:26:33,2696.95,58534
2021-06-18 09:26:34,2696.95,58534
2021-06-18 09:26:34,2696.95,58544
2021-06-18 09:26:35,2696.95,58544
2021-06-18 09:26:36,2696.95,58544
2021-06-18 09:26:37,2696.95,58544
2021-06-18 09:26:38,2696.95,58544
2021-06-18 09:26:39,2696.25,58644
2021-06-18 09:26:40,2696.95,58650
2021-06-18 09:26:42,2696.95,58676
2021-06-18 09:26:42,2696.95,58676
2021-06-18 09:26:43,2696.95,58676
2021-06-18 09:26:44,2696.95,58676
2021-06-18 09:26:45,2696.95,58677
2021-06-18 09:26:46,2696.95,58680
2021-06-18 09:26:47,2696.9,59184
2021-06-18 09:26:49,2697.0,59324
2021-06-18 09:26:49,2697.0,59324
2021-06-18 09:26:50,2696.1,59524
2021-06-18 09:26:51,2696.0,59574
2021-06-18 09:26:52,2697.6,59581
2021-06-18 09:26:53,2697.6,59581
2021-06-18 09:26:54,2696.0,59591
2021-06-18 09:26:55,2696.0,59591
2021-06-18 09:26:56,2696.0,59591
2021-06-18 09:26:57,2696.0,59648
2021-06-18 09:27:00,2697.15,59828
2021-06-18 09:27:01,2697.15,59828
2021-06-18 09:27:02,2696.9,59829
2021-06-18 09:27:03,2696.9,59829
2021-06-18 09:27:04,2696.9,59829
2021-06-18 09:27:05,2697.0,59861
2021-06-18 09:27:06,2697.0,59861
2021-06-18 09:27:07,2697.0,59991
2021-06-18 09:27:08,2696.15,59992
2021-06-18 09:27:09,2697.5,60042
2021-06-18 09:27:10,2696.0,60192
2021-06-18 09:27:11,2696.0,60192
2021-06-18 09:27:12,2697.5,60297
2021-06-18 09:27:13,2697.8,60298
2021-06-18 09:27:14,2697.0,60488
2021-06-18 09:27:15,2697.75,60489
2021-06-18 09:27:16,2697.75,60489
2021-06-18 09:27:17,2697.75,60489
2021-06-18 09:27:18,2697.4,60501
2021-06-18 09:27:19,2697.85,61009
2021-06-18 09:27:19,2697.4,60501
2021-06-18 09:27:21,2698.5,61168
2021-06-18 09:27:22,2697.6,61254
2021-06-18 09:27:23,2697.6,61254
2021-06-18 09:27:24,2698.3,61274
2021-06-18 09:27:25,2699.0,62011
2021-06-18 09:27:26,2699.0,62011
2021-06-18 09:27:27,2698.95,62061
2021-06-18 09:27:28,2698.95,62063
2021-06-18 09:27:29,2698.95,62063
2021-06-18 09:27:30,2698.95,62114
2021-06-18 09:27:31,2698.95,62176
2021-06-18 09:27:32,2698.95,62211
2021-06-18 09:27:33,2698.95,62211
2021-06-18 09:27:34,2698.95,62211
2021-06-18 09:27:35,2698.95,62461
2021-06-18 09:27:36,2699.5,62528
2021-06-18 09:27:37,2699.5,62528
2021-06-18 09:27:38,2698.9,62538
2021-06-18 09:27:39,2699.95,62543
2021-06-18 09:27:40,2701.6,63273
2021-06-18 09:27:41,2701.9,63303
2021-06-18 09:27:42,2702.0,63437
2021-06-18 09:27:43,2702.5,63826
2021-06-18 09:27:44,2703.35,63850
2021-06-18 09:27:45,2703.6,63929
2021-06-18 09:27:46,2703.6,63933
2021-06-18 09:27:47,2703.6,63934
2021-06-18 09:27:48,2703.65,64065
2021-06-18 09:27:48,2702.5,64066
2021-06-18 09:27:49,2702.5,64092
2021-06-18 09:27:51,2702.5,64182
2021-06-18 09:27:52,2703.5,64196
2021-06-18 09:27:53,2704.85,64339
2021-06-18 09:27:54,2704.85,64339
2021-06-18 09:27:55,2705.0,64728
2021-06-18 09:27:56,2705.0,64754
2021-06-18 09:27:57,2704.0,64829
2021-06-18 09:27:58,2705.0,64854
2021-06-18 09:27:59,2705.0,65116
2021-06-18 09:28:00,2705.0,65166
2021-06-18 09:28:00,2705.0,65167
2021-06-18 09:28:01,2705.0,65403
2021-06-18 09:28:02,2704.7,65473
2021-06-18 09:28:04,2704.95,65713
2021-06-18 09:28:05,2704.95,65713
2021-06-18 09:28:06,2702.6,65718
2021-06-18 09:28:07,2704.85,65720
2021-06-18 09:28:09,2702.7,65843
2021-06-18 09:28:10,2704.2,65898
2021-06-18 09:28:11,2703.95,65929
2021-06-18 09:28:12,2703.95,65995
2021-06-18 09:28:12,2703.95,65996
2021-06-18 09:28:13,2703.95,66001
2021-06-18 09:28:14,2703.6,66011
2021-06-18 09:28:15,2703.0,66116
2021-06-18 09:28:16,2704.5,66172
2021-06-18 09:28:17,2704.5,66172
2021-06-18 09:28:18,2704.5,66197
2021-06-18 09:28:19,2703.2,66202
2021-06-18 09:28:20,2704.5,66204
2021-06-18 09:28:21,2703.95,66209
2021-06-18 09:28:22,2704.5,66234
2021-06-18 09:28:23,2704.5,66234
2021-06-18 09:28:24,2704.5,66304
2021-06-18 09:28:26,2704.0,66355
2021-06-18 09:28:25,2703.95,66339
2021-06-18 09:28:27,2703.95,66413
2021-06-18 09:28:28,2703.1,66421
2021-06-18 09:28:29,2703.1,66428
2021-06-18 09:28:30,2703.0,66690
2021-06-18 09:28:32,2703.8,66846
2021-06-18 09:28:33,2703.8,66849
2021-06-18 09:28:34,2702.0,66869
2021-06-18 09:28:35,2703.75,67082
2021-06-18 09:28:36,2702.0,67252
2021-06-18 09:28:37,2702.0,67252
2021-06-18 09:28:38,2702.0,67252
2021-06-18 09:28:38,2703.5,67308
2021-06-18 09:28:39,2702.8,67655
2021-06-18 09:28:40,2702.0,67825
2021-06-18 09:28:41,2702.0,67825
2021-06-18 09:28:42,2702.25,67836
2021-06-18 09:28:43,2702.35,68056
2021-06-18 09:28:44,2701.0,68166
2021-06-18 09:28:46,2702.0,68376
2021-06-18 09:28:46,2702.0,68376
2021-06-18 09:28:47,2702.0,68376
2021-06-18 09:28:48,2702.0,68386
2021-06-18 09:28:49,2702.0,68416
2021-06-18 09:28:50,2702.0,68416
2021-06-18 09:28:51,2702.0,68416
2021-06-18 09:28:52,2702.0,68416
2021-06-18 09:28:53,2702.0,68426
2021-06-18 09:28:54,2701.95,68429
2021-06-18 09:28:56,2701.4,68430
2021-06-18 09:28:57,2700.25,68483
2021-06-18 09:28:58,2701.95,68523
2021-06-18 09:28:59,2701.05,68627
2021-06-18 09:29:00,2700.5,68647
2021-06-18 09:29:01,2701.9,68654
2021-06-18 09:29:03,2700.3,68672
2021-06-18 09:29:04,2701.0,68683
2021-06-18 09:29:05,2701.05,68684
2021-06-18 09:29:06,2701.0,68703
2021-06-18 09:29:07,2700.3,68713
2021-06-18 09:29:08,2701.65,68715
2021-06-18 09:29:09,2700.2,68736
2021-06-18 09:29:10,2701.7,68737
2021-06-18 09:29:11,2700.1,68763
2021-06-18 09:29:12,2700.1,68763
2021-06-18 09:29:13,2700.1,68763
2021-06-18 09:29:14,2700.15,68764
2021-06-18 09:29:15,2701.65,68864
2021-06-18 09:29:16,2701.6,69089
2021-06-18 09:29:17,2700.0,69739
2021-06-18 09:29:18,2700.0,69798
2021-06-18 09:29:19,2700.0,69808
2021-06-18 09:29:20,2700.15,70008
2021-06-18 09:29:21,2700.0,70053
2021-06-18 09:29:22,2700.0,70068
2021-06-18 09:29:23,2700.0,70083
2021-06-18 09:29:24,2698.55,70106
2021-06-18 09:29:25,2698.55,70106
2021-06-18 09:29:26,2700.1,70108
2021-06-18 09:29:27,2700.1,70108
2021-06-18 09:29:28,2700.1,70108
2021-06-18 09:29:29,2698.5,70127
2021-06-18 09:29:30,2698.55,70133
2021-06-18 09:29:31,2697.6,70335
2021-06-18 09:29:32,2699.1,70360
2021-06-18 09:29:33,2698.55,70392
2021-06-18 09:29:34,2699.55,70412
2021-06-18 09:29:35,2698.55,70427
2021-06-18 09:29:36,2698.9,70449
2021-06-18 09:29:37,2698.9,70449
2021-06-18 09:29:38,2699.0,70526
2021-06-18 09:29:39,2698.9,70536
2021-06-18 09:29:40,2699.1,70537
2021-06-18 09:29:41,2699.1,70688
2021-06-18 09:29:42,2699.1,70688
2021-06-18 09:29:43,2699.1,70688
2021-06-18 09:29:44,2699.1,70688
2021-06-18 09:29:45,2699.1,70688
2021-06-18 09:29:46,2700.0,70693
2021-06-18 09:29:48,2699.1,70694
2021-06-18 09:29:47,2699.1,70694
2021-06-18 09:29:49,2699.1,70694
2021-06-18 09:29:50,2699.1,70696
2021-06-18 09:29:51,2700.0,70706
2021-06-18 09:29:52,2699.0,70955
2021-06-18 09:29:53,2700.0,70965
2021-06-18 09:29:54,2698.25,71076
2021-06-18 09:29:55,2700.0,71188
2021-06-18 09:29:56,2700.0,71188
2021-06-18 09:29:57,2700.0,71188
2021-06-18 09:30:00,2700.0,71188
2021-06-18 09:30:01,2700.0,71478
2021-06-18 09:30:03,2700.0,71478
2021-06-18 09:30:05,2700.0,71478
2021-06-18 09:30:06,2700.0,71478
2021-06-18 09:30:07,2700.0,71478
2021-06-18 09:30:09,2698.25,71587
2021-06-18 09:30:10,2698.25,71587
2021-06-18 09:30:11,2699.1,71589
2021-06-18 09:30:12,2699.1,71589
2021-06-18 09:30:14,2699.8,71614
2021-06-18 09:30:15,2699.8,71716
2021-06-18 09:30:16,2699.65,71717
2021-06-18 09:30:17,2699.6,71778
2021-06-18 09:30:18,2699.5,71783
2021-06-18 09:30:19,2698.0,71784
2021-06-18 09:30:20,2698.0,71785
2021-06-18 09:30:21,2698.0,71785
2021-06-18 09:30:22,2698.0,71933
2021-06-18 09:30:23,2699.25,71934
2021-06-18 09:30:24,2697.0,72009
2021-06-18 09:30:25,2698.65,72014
2021-06-18 09:30:26,2698.65,72029
2021-06-18 09:30:27,2698.1,72052
2021-06-18 09:30:28,2698.1,72052
2021-06-18 09:30:29,2698.1,72052
2021-06-18 09:30:30,2698.5,72112
2021-06-18 09:30:31,2698.2,72212
2021-06-18 09:30:32,2698.2,72212
2021-06-18 09:30:33,2698.2,72212
2021-06-18 09:30:34,2698.0,72312
2021-06-18 09:30:37,2698.0,72536
2021-06-18 09:30:38,2698.0,72536
2021-06-18 09:30:40,2698.0,72536
2021-06-18 09:30:41,2698.0,72536
2021-06-18 09:30:42,2695.95,72598
2021-06-18 09:30:43,2695.95,72598
2021-06-18 09:30:44,2697.35,72599
2021-06-18 09:30:45,2696.0,72609
2021-06-18 09:30:46,2697.4,72610
2021-06-18 09:30:47,2697.4,72610
2021-06-18 09:30:48,2697.4,72610
2021-06-18 09:30:49,2697.35,72615
2021-06-18 09:30:50,2697.35,72618
2021-06-18 09:30:51,2697.35,72618
2021-06-18 09:30:52,2696.1,72668
2021-06-18 09:30:53,2695.4,72768
2021-06-18 09:30:54,2695.4,72770
2021-06-18 09:30:55,2695.15,72805
2021-06-18 09:30:56,2695.0,73105
2021-06-18 09:30:57,2696.65,73111
2021-06-18 09:30:58,2695.4,73166
2021-06-18 09:30:59,2695.0,73176
2021-06-18 09:31:00,2696.5,73276
2021-06-18 09:31:01,2695.0,73433
2021-06-18 09:31:02,2695.0,73433
2021-06-18 09:31:04,2694.9,73513
2021-06-18 09:31:05,2694.9,73513
2021-06-18 09:31:06,2695.0,73563
2021-06-18 09:31:07,2695.85,73566
2021-06-18 09:31:08,2695.85,73566
2021-06-18 09:31:09,2695.85,73566
2021-06-18 09:31:10,2696.65,73581
2021-06-18 09:31:11,2696.7,73582
2021-06-18 09:31:12,2696.7,73582
2021-06-18 09:31:13,2696.65,73590
2021-06-18 09:31:14,2695.4,73591
2021-06-18 09:31:16,2695.4,73591
2021-06-18 09:31:15,2695.4,73591
2021-06-18 09:31:17,2695.15,73601
2021-06-18 09:31:18,2695.15,73601
2021-06-18 09:31:19,2696.65,73641
2021-06-18 09:31:20,2696.65,73641
2021-06-18 09:31:21,2696.65,73646
2021-06-18 09:31:22,2696.65,73646
2021-06-18 09:31:23,2696.65,73660
2021-06-18 09:31:24,2696.65,73660
2021-06-18 09:31:25,2695.0,73817
2021-06-18 09:31:26,2696.55,73887
2021-06-18 09:31:27,2696.6,73892
2021-06-18 09:31:28,2696.6,73912
2021-06-18 09:31:29,2696.65,74287
2021-06-18 09:31:30,2696.65,74301
2021-06-18 09:31:31,2698.0,74656
2021-06-18 09:31:33,2700.0,74917
2021-06-18 09:31:34,2700.0,74967
2021-06-18 09:31:35,2700.0,74971
2021-06-18 09:31:36,2700.0,74990
2021-06-18 09:31:37,2700.0,75090
2021-06-18 09:31:39,2700.0,75105
2021-06-18 09:31:40,2700.0,75105
2021-06-18 09:31:41,2700.0,75105
2021-06-18 09:31:42,2700.0,75105
2021-06-18 09:31:43,2700.0,75105
2021-06-18 09:31:44,2700.0,75105
2021-06-18 09:31:45,2700.0,75105
2021-06-18 09:31:46,2699.1,75107
2021-06-18 09:31:47,2699.1,75107
2021-06-18 09:31:48,2699.55,75123
2021-06-18 09:31:49,2699.55,75124
2021-06-18 09:31:50,2699.95,75137
2021-06-18 09:31:51,2700.0,75141
2021-06-18 09:31:52,2700.0,75143
2021-06-18 09:31:53,2700.0,75143
2021-06-18 09:31:54,2700.0,75143
2021-06-18 09:31:55,2699.0,75158
2021-06-18 09:31:56,2699.0,75159
2021-06-18 09:31:57,2700.0,75161
2021-06-18 09:31:58,2700.0,75161
2021-06-18 09:31:59,2699.0,75162
2021-06-18 09:32:00,2699.0,75162
2021-06-18 09:32:01,2700.0,75172
2021-06-18 09:32:02,2700.0,75222
2021-06-18 09:32:03,2699.0,75293
2021-06-18 09:32:04,2699.0,75293
2021-06-18 09:32:05,2699.0,75316
2021-06-18 09:32:07,2699.0,75318
2021-06-18 09:32:07,2699.0,75319
2021-06-18 09:32:08,2699.0,75319
2021-06-18 09:32:11,2699.0,75373
2021-06-18 09:32:13,2698.6,75680
2021-06-18 09:32:13,2699.0,75980
2021-06-18 09:32:14,2698.9,75981
2021-06-18 09:32:15,2698.9,75981
2021-06-18 09:32:16,2698.9,75981
2021-06-18 09:32:17,2698.9,75981
2021-06-18 09:32:18,2697.0,75991
2021-06-18 09:32:19,2697.0,75992
2021-06-18 09:32:20,2697.0,75992
2021-06-18 09:32:21,2697.0,75995
2021-06-18 09:32:22,2697.0,75995
2021-06-18 09:32:23,2697.0,75995
2021-06-18 09:32:24,2696.65,76005
2021-06-18 09:32:25,2696.65,76005
2021-06-18 09:32:26,2696.65,76005
2021-06-18 09:32:27,2697.0,76024
2021-06-18 09:32:28,2697.0,76033
2021-06-18 09:32:29,2697.0,76048
2021-06-18 09:32:30,2697.0,76048
2021-06-18 09:32:31,2697.0,76058
2021-06-18 09:32:32,2698.35,76064
2021-06-18 09:32:33,2698.35,76064
2021-06-18 09:32:34,2696.15,76341
2021-06-18 09:32:35,2697.95,76351
2021-06-18 09:32:36,2697.95,76351
2021-06-18 09:32:37,2697.75,76361
2021-06-18 09:32:38,2696.1,76366
2021-06-18 09:32:40,2697.55,76371
2021-06-18 09:32:41,2697.55,76371
2021-06-18 09:32:42,2697.55,76371
2021-06-18 09:32:43,2697.55,76371
2021-06-18 09:32:44,2697.45,76401
2021-06-18 09:32:45,2697.45,76401
2021-06-18 09:32:47,2697.2,76424
2021-06-18 09:32:49,2697.2,76452
2021-06-18 09:32:50,2697.2,76452
2021-06-18 09:32:51,2697.2,76452
2021-06-18 09:32:52,2696.35,76461
2021-06-18 09:32:52,2696.35,76461
2021-06-18 09:32:53,2697.2,76462
2021-06-18 09:32:54,2697.55,76471
2021-06-18 09:32:55,2696.35,76474
2021-06-18 09:32:56,2697.95,76479
2021-06-18 09:32:58,2697.95,76479
2021-06-18 09:32:59,2697.95,76479
2021-06-18 09:33:01,2697.95,76479
2021-06-18 09:33:02,2697.15,76495
2021-06-18 09:33:02,2697.15,76495
2021-06-18 09:33:03,2697.15,76495
2021-06-18 09:33:05,2695.0,76749
2021-06-18 09:33:04,2695.1,76746
2021-06-18 09:33:06,2695.0,76749
2021-06-18 09:33:07,2695.0,76749
2021-06-18 09:33:08,2696.0,76799
2021-06-18 09:33:09,2696.0,76799
2021-06-18 09:33:10,2696.0,76799
2021-06-18 09:33:11,2696.0,76814
2021-06-18 09:33:14,2695.05,76890
2021-06-18 09:33:15,2695.05,76890
2021-06-18 09:33:16,2695.05,76940
2021-06-18 09:33:17,2695.05,76970
2021-06-18 09:33:18,2695.05,76974
2021-06-18 09:33:20,2695.75,77034
2021-06-18 09:33:20,2695.75,77034
2021-06-18 09:33:21,2695.75,77034
2021-06-18 09:33:22,2695.75,77034
2021-06-18 09:33:23,2695.05,77055
2021-06-18 09:33:24,2695.05,77055
2021-06-18 09:33:25,2695.05,77055
2021-06-18 09:33:26,2695.85,77060
2021-06-18 09:33:27,2695.95,77070
2021-06-18 09:33:28,2695.95,77070
2021-06-18 09:33:29,2695.05,77080
2021-06-18 09:33:30,2695.05,77179
2021-06-18 09:33:31,2694.5,77199
2021-06-18 09:33:32,2694.5,77199
2021-06-18 09:33:33,2694.5,77199
2021-06-18 09:33:34,2695.0,77280
2021-06-18 09:33:35,2694.15,77310
2021-06-18 09:33:36,2694.15,77310
2021-06-18 09:33:37,2694.15,77310
2021-06-18 09:33:38,2694.15,77310
2021-06-18 09:33:39,2694.5,77315
2021-06-18 09:33:40,2694.5,77315
2021-06-18 09:33:41,2694.5,77315
2021-06-18 09:33:42,2694.35,77340
2021-06-18 09:33:43,2694.35,77340
2021-06-18 09:33:44,2694.35,77340
2021-06-18 09:33:45,2694.45,77357
2021-06-18 09:33:46,2694.45,77357
2021-06-18 09:33:47,2694.45,77357
2021-06-18 09:33:48,2694.45,77357
2021-06-18 09:33:49,2694.5,77371
2021-06-18 09:33:50,2694.5,77371
2021-06-18 09:33:51,2694.5,77371
2021-06-18 09:33:52,2694.5,77392
2021-06-18 09:33:53,2694.5,77392
2021-06-18 09:33:54,2694.5,77392
2021-06-18 09:33:55,2694.5,77392
2021-06-18 09:33:56,2693.0,77912
2021-06-18 09:33:57,2693.0,77912
2021-06-18 09:33:58,2693.5,77922
2021-06-18 09:33:59,2693.25,77923
2021-06-18 09:34:00,2693.25,77923
2021-06-18 09:34:02,2693.25,77923
2021-06-18 09:34:02,2692.05,77958
2021-06-18 09:34:04,2692.05,77958
2021-06-18 09:34:04,2692.0,77978
2021-06-18 09:34:06,2692.0,77979
2021-06-18 09:34:06,2692.05,77999
2021-06-18 09:34:07,2692.05,77999
2021-06-18 09:34:09,2692.05,77999
2021-06-18 09:34:10,2692.05,77999
2021-06-18 09:34:11,2692.0,78000
2021-06-18 09:34:12,2692.05,78048
2021-06-18 09:34:13,2692.0,78156
2021-06-18 09:34:14,2692.0,78156
2021-06-18 09:34:15,2692.0,78158
2021-06-18 09:34:15,2692.0,78158
2021-06-18 09:34:16,2692.2,78378
2021-06-18 09:34:17,2692.2,78495
2021-06-18 09:34:18,2693.4,78804
2021-06-18 09:34:19,2693.4,78804
2021-06-18 09:34:20,2693.4,78829
2021-06-18 09:34:21,2693.4,78839
2021-06-18 09:34:22,2693.4,78839
2021-06-18 09:34:23,2693.4,78945
2021-06-18 09:34:24,2692.1,79113
2021-06-18 09:34:25,2693.0,79123
2021-06-18 09:34:26,2694.0,79124
2021-06-18 09:34:27,2694.0,79124
2021-06-18 09:34:29,2694.0,79127
2021-06-18 09:34:30,2694.0,79127
2021-06-18 09:34:31,2694.25,79278
2021-06-18 09:34:32,2694.25,79278
2021-06-18 09:34:33,2693.0,79302
2021-06-18 09:34:34,2693.0,79302
2021-06-18 09:34:35,2694.0,79327
2021-06-18 09:34:36,2692.45,79337
2021-06-18 09:34:37,2692.45,79337
2021-06-18 09:34:38,2693.25,79341
2021-06-18 09:34:38,2693.25,79354
2021-06-18 09:34:40,2692.05,79381
2021-06-18 09:34:41,2692.05,79381
2021-06-18 09:34:42,2692.05,79382
2021-06-18 09:34:43,2692.05,79382
2021-06-18 09:34:44,2692.05,79422
2021-06-18 09:34:45,2693.0,79442
2021-06-18 09:34:45,2692.05,79472
2021-06-18 09:34:47,2692.05,79472
2021-06-18 09:34:48,2693.9,79572
2021-06-18 09:34:49,2694.0,79581
2021-06-18 09:34:50,2694.0,79591
2021-06-18 09:34:51,2694.0,79591
2021-06-18 09:34:52,2694.0,79591
2021-06-18 09:34:53,2694.0,79591
2021-06-18 09:34:54,2694.0,79591
2021-06-18 09:34:55,2694.0,79591
2021-06-18 09:34:56,2693.0,79596
2021-06-18 09:34:57,2692.15,79830
2021-06-18 09:34:58,2692.15,79830
2021-06-18 09:34:59,2692.2,79948
2021-06-18 09:34:59,2693.0,79958
2021-06-18 09:35:00,2693.0,79958
2021-06-18 09:35:01,2693.0,79958
2021-06-18 09:35:02,2693.0,79958
2021-06-18 09:35:03,2693.0,79958
2021-06-18 09:35:04,2693.0,79958
2021-06-18 09:35:05,2693.0,79958
2021-06-18 09:35:06,2693.0,79958
2021-06-18 09:35:07,2692.0,80041
2021-06-18 09:35:08,2692.0,80041
2021-06-18 09:35:09,2692.0,80041
2021-06-18 09:35:10,2691.25,80057
2021-06-18 09:35:11,2691.25,80062
2021-06-18 09:35:12,2691.25,80062
2021-06-18 09:35:13,2691.25,80062
2021-06-18 09:35:14,2691.25,80062
2021-06-18 09:35:15,2691.3,80104
2021-06-18 09:35:16,2692.0,80115
2021-06-18 09:35:17,2692.0,80115
2021-06-18 09:35:18,2691.25,80215
2021-06-18 09:35:19,2692.0,80219
2021-06-18 09:35:20,2691.05,80220
2021-06-18 09:35:21,2691.0,80335
2021-06-18 09:35:22,2691.0,80335
2021-06-18 09:35:23,2692.0,80370
2021-06-18 09:35:24,2692.0,80383
2021-06-18 09:35:25,2692.75,80437
2021-06-18 09:35:26,2692.75,80437
2021-06-18 09:35:27,2693.3,80447
2021-06-18 09:35:28,2691.4,80498
2021-06-18 09:35:29,2691.4,80498
2021-06-18 09:35:30,2691.35,80518
2021-06-18 09:35:31,2691.35,80519
2021-06-18 09:35:32,2691.35,80519
2021-06-18 09:35:33,2691.4,80527
2021-06-18 09:35:34,2691.4,80527
2021-06-18 09:35:35,2691.4,80527
2021-06-18 09:35:36,2691.4,80527
2021-06-18 09:35:37,2691.95,80528
2021-06-18 09:35:38,2691.35,80628
2021-06-18 09:35:39,2691.35,80628
2021-06-18 09:35:40,2691.35,80628
2021-06-18 09:35:41,2691.35,80628
2021-06-18 09:35:42,2691.35,80628
2021-06-18 09:35:43,2691.35,80628
2021-06-18 09:35:44,2691.0,80645
2021-06-18 09:35:45,2692.0,80647
2021-06-18 09:35:46,2691.05,80697
2021-06-18 09:35:47,2691.05,80697
2021-06-18 09:35:48,2691.05,80727
2021-06-18 09:35:49,2691.05,80727
2021-06-18 09:35:50,2691.05,80727
2021-06-18 09:35:52,2691.05,80742
2021-06-18 09:35:53,2692.0,80798
2021-06-18 09:35:54,2692.95,80803
2021-06-18 09:35:55,2691.55,80804
2021-06-18 09:35:56,2691.6,80933
2021-06-18 09:35:57,2691.6,80933
2021-06-18 09:35:58,2693.05,80954
2021-06-18 09:35:59,2693.0,81003
2021-06-18 09:36:00,2693.0,81003
2021-06-18 09:36:01,2693.0,81003
2021-06-18 09:36:02,2693.0,81003
2021-06-18 09:36:03,2692.2,81036
2021-06-18 09:36:03,2692.2,81036
2021-06-18 09:36:05,2692.2,81036
2021-06-18 09:36:06,2693.35,81061
2021-06-18 09:36:07,2693.35,81116
2021-06-18 09:36:08,2693.35,81116
2021-06-18 09:36:09,2693.35,81116
2021-06-18 09:36:10,2693.35,81116
2021-06-18 09:36:11,2693.35,81116
2021-06-18 09:36:12,2693.35,81116
2021-06-18 09:36:13,2693.35,81116
2021-06-18 09:36:14,2692.0,81128
2021-06-18 09:36:15,2692.5,81138
2021-06-18 09:36:16,2692.5,81138
2021-06-18 09:36:17,2692.9,81145
2021-06-18 09:36:18,2692.0,81165
2021-06-18 09:36:19,2692.0,81175
2021-06-18 09:36:20,2692.0,81222
2021-06-18 09:36:21,2692.95,81372
2021-06-18 09:36:22,2693.0,81473
2021-06-18 09:36:23,2692.0,81488
2021-06-18 09:36:24,2692.0,81488
2021-06-18 09:36:25,2692.0,81543
2021-06-18 09:36:27,2692.0,81560
2021-06-18 09:36:28,2692.0,81991
2021-06-18 09:36:29,2692.55,81993
2021-06-18 09:36:32,2692.5,82010
2021-06-18 09:36:32,2692.5,82010
2021-06-18 09:36:34,2692.0,82213
2021-06-18 09:36:35,2691.5,82214
2021-06-18 09:36:36,2691.5,82214
2021-06-18 09:36:37,2691.5,82214
2021-06-18 09:36:38,2691.5,82214
2021-06-18 09:36:39,2692.75,82219
2021-06-18 09:36:40,2692.75,82219
2021-06-18 09:36:41,2692.75,82219
2021-06-18 09:36:42,2691.4,82319
2021-06-18 09:36:43,2690.1,82433
2021-06-18 09:36:44,2690.1,82433
2021-06-18 09:36:45,2691.5,82453
2021-06-18 09:36:46,2691.5,82453
2021-06-18 09:36:47,2690.15,82454
2021-06-18 09:36:48,2690.15,82454
2021-06-18 09:36:49,2690.15,82454
2021-06-18 09:36:50,2690.15,82454
2021-06-18 09:36:51,2690.15,82454
2021-06-18 09:36:52,2690.8,82464
2021-06-18 09:36:53,2691.0,82474
2021-06-18 09:36:54,2691.0,82474
2021-06-18 09:36:55,2691.0,82476
2021-06-18 09:36:56,2690.15,82477
2021-06-18 09:36:57,2691.0,82483
2021-06-18 09:36:58,2691.0,82503
2021-06-18 09:36:59,2691.0,82503
2021-06-18 09:36:59,2691.0,82503
2021-06-18 09:37:01,2690.1,82603
2021-06-18 09:37:02,2690.1,82603
2021-06-18 09:37:03,2690.1,82618
2021-06-18 09:37:04,2690.1,82620
2021-06-18 09:37:05,2690.1,82620
2021-06-18 09:37:05,2690.35,82737
2021-06-18 09:37:06,2690.35,82737
2021-06-18 09:37:07,2690.35,82737
2021-06-18 09:37:08,2690.35,82737
2021-06-18 09:37:09,2690.35,82737
2021-06-18 09:37:10,2691.0,82754
2021-06-18 09:37:11,2691.0,82754
2021-06-18 09:37:13,2691.0,82837
2021-06-18 09:37:14,2692.7,82868
2021-06-18 09:37:15,2692.7,82868
2021-06-18 09:37:16,2690.7,82920
2021-06-18 09:37:17,2690.7,82944
2021-06-18 09:37:18,2690.7,82949
2021-06-18 09:37:19,2690.3,82993
2021-06-18 09:37:20,2690.3,82993
2021-06-18 09:37:21,2691.6,82994
2021-06-18 09:37:22,2691.6,82994
2021-06-18 09:37:23,2691.6,82994
2021-06-18 09:37:24,2691.6,82994
2021-06-18 09:37:25,2690.15,83006
2021-06-18 09:37:26,2691.6,83009
2021-06-18 09:37:27,2691.6,83009
2021-06-18 09:37:29,2690.35,83015
2021-06-18 09:37:30,2690.15,83215
2021-06-18 09:37:31,2690.25,83217
2021-06-18 09:37:32,2690.25,83217
2021-06-18 09:37:33,2690.25,83217
2021-06-18 09:37:33,2690.25,83217
2021-06-18 09:37:34,2691.6,83222
2021-06-18 09:37:35,2690.1,83232
2021-06-18 09:37:37,2690.1,83257
2021-06-18 09:37:38,2690.1,83257
2021-06-18 09:37:39,2690.1,83257
2021-06-18 09:37:40,2690.1,83257
2021-06-18 09:37:41,2691.6,83260
2021-06-18 09:37:42,2690.65,83615
2021-06-18 09:37:43,2690.65,83615
2021-06-18 09:37:43,2690.65,83615
2021-06-18 09:37:44,2690.65,83615
2021-06-18 09:37:45,2692.3,83618
2021-06-18 09:37:46,2692.8,83623
2021-06-18 09:37:47,2692.8,83623
2021-06-18 09:37:48,2692.8,83623
2021-06-18 09:37:52,2691.55,83655
2021-06-18 09:37:55,2692.95,83657
2021-06-18 09:37:58,2692.95,83657
2021-06-18 09:38:02,2691.0,83727
2021-06-18 09:38:05,2691.0,83727
2021-06-18 09:38:08,2690.45,83834
2021-06-18 09:38:11,2692.0,83836
2021-06-18 09:38:15,2690.45,83842
2021-06-18 09:38:18,2691.0,83901
2021-06-18 09:38:21,2692.2,83907
2021-06-18 09:38:24,2690.85,83922
2021-06-18 09:38:28,2690.9,84092
2021-06-18 09:38:31,2692.55,84128
2021-06-18 09:38:35,2691.0,84129
2021-06-18 09:38:38,2691.0,84131
2021-06-18 09:38:42,2692.2,84525
2021-06-18 09:38:45,2693.95,84562
2021-06-18 09:38:48,2694.0,84699
2021-06-18 09:38:52,2695.95,85859
2021-06-18 09:38:55,2694.0,85860
2021-06-18 09:38:58,2695.6,85862
2021-06-18 09:39:01,2695.5,86048
2021-06-18 09:39:04,2694.25,86100
2021-06-18 09:39:08,2695.25,86115
2021-06-18 09:39:11,2695.25,86143
2021-06-18 09:39:15,2694.0,86144
2021-06-18 09:39:18,2694.0,86604
2021-06-18 09:39:22,2694.0,86655
2021-06-18 09:39:25,2693.25,87005
2021-06-18 09:39:28,2694.5,87057
2021-06-18 09:39:31,2694.45,87067
2021-06-18 09:39:34,2694.0,87071
2021-06-18 09:39:37,2694.0,87071
2021-06-18 09:39:40,2694.8,87114
2021-06-18 09:39:43,2695.1,87268
2021-06-18 09:39:47,2695.1,87285
2021-06-18 09:39:50,2694.0,87287
2021-06-18 09:39:53,2695.1,87303
2021-06-18 09:39:57,2695.1,87303
2021-06-18 09:40:00,2695.1,87310
2021-06-18 09:40:03,2696.05,87340
2021-06-18 09:40:06,2696.35,87342
2021-06-18 09:40:10,2696.95,87381
2021-06-18 09:40:13,2696.8,87384
2021-06-18 09:40:16,2697.35,87554
2021-06-18 09:40:19,2697.05,87579
2021-06-18 09:40:23,2697.0,87606
2021-06-18 09:40:26,2696.75,87632
2021-06-18 09:40:29,2696.0,87732
2021-06-18 09:40:32,2695.0,87752
2021-06-18 09:40:36,2695.0,87752
2021-06-18 09:40:39,2695.95,87773
2021-06-18 09:40:42,2694.0,87823
2021-06-18 09:40:46,2694.0,87823
2021-06-18 09:40:49,2694.1,87893
2021-06-18 09:40:52,2695.6,87904
2021-06-18 09:40:55,2695.6,87904
2021-06-18 09:40:58,2694.15,87905
2021-06-18 09:41:02,2695.55,87921
2021-06-18 09:41:05,2695.7,87925
2021-06-18 09:41:08,2694.35,87931
2021-06-18 09:41:11,2694.5,87952
2021-06-18 09:41:14,2694.5,87952
2021-06-18 09:41:18,2695.9,87958
2021-06-18 09:41:21,2695.7,88075
2021-06-18 09:41:24,2695.7,88075
2021-06-18 09:41:27,2694.35,88128
2021-06-18 09:41:33,2694.1,88142
2021-06-18 09:41:36,2695.55,88173
2021-06-18 09:41:39,2694.0,88195
2021-06-18 09:41:42,2694.0,88199
2021-06-18 09:41:45,2694.0,88209
2021-06-18 09:41:48,2694.0,88256
2021-06-18 09:41:51,2694.85,88261
2021-06-18 09:41:54,2694.8,88472
2021-06-18 09:41:57,2694.8,88472
2021-06-18 09:42:00,2695.45,88475
2021-06-18 09:42:04,2695.5,88490
2021-06-18 09:42:07,2695.5,88526
2021-06-18 09:42:10,2695.5,88526
2021-06-18 09:42:14,2694.85,88528
2021-06-18 09:42:17,2695.45,88545
2021-06-18 09:42:20,2694.85,88554
2021-06-18 09:42:23,2691.45,88914
2021-06-18 09:42:27,2691.45,88914
2021-06-18 09:42:30,2692.2,88922
2021-06-18 09:42:32,2691.6,88923
2021-06-18 09:42:35,2692.15,88938
2021-06-18 09:42:38,2691.2,88941
2021-06-18 09:42:42,2691.8,89007
2021-06-18 09:42:45,2691.8,89007
2021-06-18 09:42:49,2690.1,89022
2021-06-18 09:42:50,2690.1,89022
2021-06-18 09:42:52,2690.0,89688
2021-06-18 09:42:53,2690.0,89996
2021-06-18 09:42:54,2690.0,89996
2021-06-18 09:42:55,2689.1,90046
2021-06-18 09:42:56,2689.1,90046
2021-06-18 09:42:57,2688.0,90182
2021-06-18 09:42:58,2688.0,90182
2021-06-18 09:42:59,2688.0,90237
2021-06-18 09:43:01,2687.15,90239
2021-06-18 09:43:01,2687.15,90239
2021-06-18 09:43:02,2687.0,90303
2021-06-18 09:43:03,2687.0,90305
2021-06-18 09:43:04,2687.0,90309
2021-06-18 09:43:05,2687.0,90312
2021-06-18 09:43:06,2687.0,90312
2021-06-18 09:43:08,2687.9,90339
2021-06-18 09:43:09,2687.9,90339
2021-06-18 09:43:10,2687.0,90349
2021-06-18 09:43:11,2687.0,90349
2021-06-18 09:43:12,2687.0,90446
2021-06-18 09:43:13,2687.0,90446
2021-06-18 09:43:14,2687.0,90446
2021-06-18 09:43:16,2686.95,90463
2021-06-18 09:43:17,2685.4,90837
2021-06-18 09:43:18,2686.95,90843
2021-06-18 09:43:19,2685.6,90950
2021-06-18 09:43:19,2685.6,90950
2021-06-18 09:43:21,2685.6,91020
2021-06-18 09:43:22,2687.4,91111
2021-06-18 09:43:23,2690.0,91577
2021-06-18 09:43:23,2690.0,91577
2021-06-18 09:43:24,2690.0,91577
2021-06-18 09:43:25,2688.25,91612
2021-06-18 09:43:26,2688.25,91614
2021-06-18 09:43:27,2688.25,91619
2021-06-18 09:43:28,2688.25,91630
2021-06-18 09:43:29,2688.25,91639
2021-06-18 09:43:30,2688.25,91639
2021-06-18 09:43:31,2688.7,91659
2021-06-18 09:43:32,2687.6,91709
2021-06-18 09:43:33,2687.6,91709
2021-06-18 09:43:34,2688.75,91710
2021-06-18 09:43:35,2688.75,91710
2021-06-18 09:43:36,2688.75,91710
2021-06-18 09:43:38,2687.25,91725
2021-06-18 09:43:38,2687.25,91725
2021-06-18 09:43:40,2687.25,91725
2021-06-18 09:43:41,2688.1,91740
2021-06-18 09:43:42,2688.1,91740
2021-06-18 09:43:42,2688.1,91740
2021-06-18 09:43:43,2687.0,91765
2021-06-18 09:43:44,2687.0,91765
2021-06-18 09:43:45,2688.0,91796
2021-06-18 09:43:46,2688.0,91796
2021-06-18 09:43:47,2688.0,91796
2021-06-18 09:43:48,2687.0,91822
2021-06-18 09:43:50,2687.45,91831
2021-06-18 09:43:51,2687.45,91831
2021-06-18 09:43:51,2687.45,91831
2021-06-18 09:43:52,2687.45,91831
2021-06-18 09:43:54,2687.45,91831
2021-06-18 09:43:55,2687.45,91832
2021-06-18 09:43:56,2687.25,91875
2021-06-18 09:43:58,2687.8,92012
2021-06-18 09:43:59,2686.15,92114
2021-06-18 09:44:00,2686.15,92114
2021-06-18 09:44:01,2686.15,92114
2021-06-18 09:44:02,2686.0,92126
2021-06-18 09:44:03,2685.6,92135
2021-06-18 09:44:04,2685.6,92135
2021-06-18 09:44:05,2685.6,92135
2021-06-18 09:44:06,2685.6,92135
2021-06-18 09:44:07,2685.7,92140
2021-06-18 09:44:08,2685.7,92140
2021-06-18 09:44:08,2687.0,92192
2021-06-18 09:44:10,2686.0,92232
2021-06-18 09:44:10,2686.0,92232
2021-06-18 09:44:12,2686.0,92232
2021-06-18 09:44:12,2686.0,92232
2021-06-18 09:44:13,2687.0,92294
2021-06-18 09:44:15,2686.0,92469
2021-06-18 09:44:16,2686.0,92469
2021-06-18 09:44:17,2686.0,92469
2021-06-18 09:44:18,2686.0,92470
2021-06-18 09:44:20,2686.0,92470
2021-06-18 09:44:20,2686.75,92570
2021-06-18 09:44:21,2686.75,92570
2021-06-18 09:44:22,2686.75,92570
2021-06-18 09:44:23,2686.75,92570
2021-06-18 09:44:24,2686.95,92575
2021-06-18 09:44:25,2685.45,92675
2021-06-18 09:44:26,2685.45,92675
2021-06-18 09:44:28,2687.0,92679
2021-06-18 09:44:29,2685.6,92706
2021-06-18 09:44:29,2685.6,92706
2021-06-18 09:44:30,2685.6,92706
2021-06-18 09:44:31,2685.6,92706
2021-06-18 09:44:33,2686.85,92726
2021-06-18 09:44:34,2685.6,92771
2021-06-18 09:44:35,2685.6,92838
2021-06-18 09:44:36,2685.6,92838
2021-06-18 09:44:37,2685.6,92838
2021-06-18 09:44:38,2686.8,92843
2021-06-18 09:44:39,2686.8,92843
2021-06-18 09:44:40,2686.9,92846
2021-06-18 09:44:41,2685.6,92931
2021-06-18 09:44:42,2685.6,92931
2021-06-18 09:44:44,2685.6,93041
2021-06-18 09:44:44,2685.6,93041
2021-06-18 09:44:45,2685.05,93116
2021-06-18 09:44:46,2685.05,93116
2021-06-18 09:44:47,2685.05,93116
2021-06-18 09:44:48,2685.05,93116
2021-06-18 09:44:49,2685.05,93116
2021-06-18 09:44:50,2685.05,93116
2021-06-18 09:44:52,2685.6,93118
2021-06-18 09:44:53,2685.6,93121
2021-06-18 09:44:54,2685.6,93124
2021-06-18 09:44:55,2685.6,93126
2021-06-18 09:44:56,2686.0,93174
2021-06-18 09:44:57,2686.0,93174
2021-06-18 09:44:58,2686.0,93174
2021-06-18 09:44:59,2686.0,93174
2021-06-18 09:45:00,2686.0,93174
2021-06-18 09:45:01,2686.0,93174
2021-06-18 09:45:01,2686.0,93174
2021-06-18 09:45:03,2685.15,93386
2021-06-18 09:45:04,2685.25,93397
2021-06-18 09:45:05,2685.05,93613
2021-06-18 09:45:06,2685.05,93613
2021-06-18 09:45:07,2686.0,93623
2021-06-18 09:45:08,2686.0,93623
2021-06-18 09:45:09,2685.6,93638
2021-06-18 09:45:09,2685.6,93638
2021-06-18 09:45:11,2685.05,93639
2021-06-18 09:45:12,2686.0,93647
2021-06-18 09:45:13,2686.1,93701
2021-06-18 09:45:14,2686.15,93802
2021-06-18 09:45:15,2686.15,93804
2021-06-18 09:45:16,2685.05,93829
2021-06-18 09:45:17,2685.05,93829
2021-06-18 09:45:17,2685.1,93830
2021-06-18 09:45:19,2685.05,93831
2021-06-18 09:45:19,2685.85,93834
2021-06-18 09:45:21,2685.05,93855
2021-06-18 09:45:22,2685.95,93857
2021-06-18 09:45:24,2685.95,94102
2021-06-18 09:45:25,2685.95,94102
2021-06-18 09:45:26,2685.1,94103
2021-06-18 09:45:27,2686.0,94107
2021-06-18 09:45:27,2686.0,94107
2021-06-18 09:45:28,2686.0,94107
2021-06-18 09:45:29,2685.1,94209
2021-06-18 09:45:30,2685.05,94225
2021-06-18 09:45:31,2685.0,94344
2021-06-18 09:45:32,2685.0,94409
2021-06-18 09:45:33,2685.95,94435
2021-06-18 09:45:34,2685.0,94461
2021-06-18 09:45:35,2685.0,94535
2021-06-18 09:45:37,2686.0,94549
2021-06-18 09:45:37,2686.0,94549
2021-06-18 09:45:38,2685.0,94569
2021-06-18 09:45:39,2684.15,94627
2021-06-18 09:45:40,2685.0,94630
2021-06-18 09:45:42,2685.0,94673
2021-06-18 09:45:43,2685.0,94742
2021-06-18 09:45:44,2685.0,94809
2021-06-18 09:45:48,2685.0,94905
2021-06-18 09:45:50,2686.15,94930
2021-06-18 09:45:51,2686.15,95047
2021-06-18 09:45:53,2685.55,95051
2021-06-18 09:45:54,2685.55,95051
2021-06-18 09:45:56,2685.0,95111
2021-06-18 09:45:57,2685.0,95116
2021-06-18 09:45:58,2686.0,95117
2021-06-18 09:46:00,2686.0,95217
2021-06-18 09:46:01,2686.0,95217
2021-06-18 09:46:02,2686.0,95217
2021-06-18 09:46:03,2685.0,95267
2021-06-18 09:46:04,2685.0,95267
2021-06-18 09:46:05,2685.0,95267
2021-06-18 09:46:06,2685.25,95271
2021-06-18 09:46:07,2685.25,95271
2021-06-18 09:46:08,2685.25,95271
2021-06-18 09:46:09,2685.0,95281
2021-06-18 09:46:09,2686.0,95316
2021-06-18 09:46:10,2686.0,95318
2021-06-18 09:46:11,2686.0,95320
2021-06-18 09:46:12,2685.0,95370
2021-06-18 09:46:13,2686.45,95410
2021-06-18 09:46:15,2686.45,95410
2021-06-18 09:46:16,2685.25,95416
2021-06-18 09:46:17,2685.25,95416
2021-06-18 09:46:18,2685.25,95416
2021-06-18 09:46:18,2685.25,95416
2021-06-18 09:46:20,2685.9,95537
2021-06-18 09:46:20,2686.4,95543
2021-06-18 09:46:21,2685.9,95563
2021-06-18 09:46:22,2685.9,95563
2021-06-18 09:46:24,2686.95,95775
2021-06-18 09:46:25,2685.85,95776
2021-06-18 09:46:26,2685.85,95776
2021-06-18 09:46:27,2685.85,95777
2021-06-18 09:46:28,2685.85,95777
2021-06-18 09:46:29,2685.85,95777
2021-06-18 09:46:30,2686.95,95778
2021-06-18 09:46:31,2686.95,95778
2021-06-18 09:46:31,2686.95,95778
2021-06-18 09:46:32,2686.9,95779
2021-06-18 09:46:33,2685.75,95870
2021-06-18 09:46:34,2685.75,95870
2021-06-18 09:46:35,2685.75,95870
2021-06-18 09:46:37,2685.75,95870
2021-06-18 09:46:38,2685.75,95870
2021-06-18 09:46:39,2686.9,95872
2021-06-18 09:46:40,2686.9,95872
2021-06-18 09:46:41,2685.65,95924
2021-06-18 09:46:41,2685.65,95924
2021-06-18 09:46:43,2685.65,95924
2021-06-18 09:46:44,2686.85,95941
2021-06-18 09:46:45,2686.85,95941
2021-06-18 09:46:46,2686.85,95941
2021-06-18 09:46:47,2686.85,95941
2021-06-18 09:46:48,2686.85,95941
2021-06-18 09:46:49,2686.85,95941
2021-06-18 09:46:50,2686.85,95941
2021-06-18 09:46:51,2686.85,95941
2021-06-18 09:46:52,2686.85,95941
2021-06-18 09:46:53,2686.85,95941
2021-06-18 09:46:54,2686.8,96011
2021-06-18 09:46:55,2685.65,96013
2021-06-18 09:46:56,2685.65,96013
2021-06-18 09:46:57,2686.0,96015
2021-06-18 09:46:58,2686.05,96025
2021-06-18 09:46:59,2686.25,96114
2021-06-18 09:47:00,2685.8,96123
2021-06-18 09:47:01,2687.0,96130
2021-06-18 09:47:02,2687.1,96139
2021-06-18 09:47:03,2687.1,96139
2021-06-18 09:47:04,2687.0,96154
2021-06-18 09:47:05,2688.0,96238
2021-06-18 09:47:06,2687.0,96460
2021-06-18 09:47:07,2687.8,96510
2021-06-18 09:47:08,2686.1,96512
2021-06-18 09:47:09,2686.1,96512
2021-06-18 09:47:10,2687.75,96514
2021-06-18 09:47:11,2687.75,96518
2021-06-18 09:47:12,2687.55,96521
2021-06-18 09:47:13,2686.9,96571
2021-06-18 09:47:14,2686.9,96571
2021-06-18 09:47:16,2687.5,96573
2021-06-18 09:47:17,2687.5,96573
2021-06-18 09:47:18,2687.5,96573
2021-06-18 09:47:19,2687.5,96573
2021-06-18 09:47:20,2686.2,96613
2021-06-18 09:47:21,2687.6,96615
2021-06-18 09:47:22,2687.6,96615
2021-06-18 09:47:23,2687.0,96711
2021-06-18 09:47:24,2685.8,96739
2021-06-18 09:47:26,2685.8,96739
2021-06-18 09:47:26,2686.0,96762
2021-06-18 09:47:27,2685.8,96777
2021-06-18 09:47:28,2687.1,96778
2021-06-18 09:47:29,2686.85,96799
2021-06-18 09:47:30,2687.1,96804
2021-06-18 09:47:31,2687.1,96804
2021-06-18 09:47:32,2687.1,96804
2021-06-18 09:47:33,2687.9,97304
2021-06-18 09:47:34,2687.9,97304
2021-06-18 09:47:35,2687.9,97304
2021-06-18 09:47:37,2687.9,97304
2021-06-18 09:47:38,2685.65,97348
2021-06-18 09:47:39,2686.9,97356
2021-06-18 09:47:40,2686.9,97358
2021-06-18 09:47:41,2685.85,97360
2021-06-18 09:47:42,2685.85,97360
2021-06-18 09:47:43,2686.9,97369
2021-06-18 09:47:44,2686.9,97369
2021-06-18 09:47:45,2686.9,97369
2021-06-18 09:47:46,2686.9,97369
2021-06-18 09:47:47,2685.8,97419
2021-06-18 09:47:47,2685.7,97429
2021-06-18 09:47:48,2685.7,97429
2021-06-18 09:47:51,2685.85,97434
2021-06-18 09:47:55,2685.85,97434
2021-06-18 09:48:01,2685.65,97491
2021-06-18 09:48:05,2684.85,97778
2021-06-18 09:48:08,2684.0,97955
2021-06-18 09:48:12,2683.0,98023
2021-06-18 09:48:15,2682.9,98052
2021-06-18 09:48:18,2681.95,98116
2021-06-18 09:48:22,2681.7,98322
2021-06-18 09:48:25,2681.0,98416
2021-06-18 09:48:28,2681.0,98490
2021-06-18 09:48:31,2679.25,99190
2021-06-18 09:48:35,2678.45,99325
2021-06-18 09:48:38,2681.7,99731
2021-06-18 09:48:42,2681.4,99751
2021-06-18 09:48:45,2679.6,99756
2021-06-18 09:48:49,2678.7,99956
2021-06-18 09:48:52,2679.6,100016
2021-06-18 09:48:55,2680.5,100138
2021-06-18 09:48:58,2681.4,100143
2021-06-18 09:49:01,2679.95,100154
2021-06-18 09:49:04,2678.95,100474
2021-06-18 09:49:08,2681.0,100542
2021-06-18 09:49:11,2679.25,100580
2021-06-18 09:49:14,2679.25,101311
2021-06-18 09:49:18,2681.0,101487
2021-06-18 09:49:21,2679.85,101504
2021-06-18 09:49:24,2679.55,101557
2021-06-18 09:49:28,2680.2,101781
2021-06-18 09:49:31,2682.1,102215
2021-06-18 09:49:35,2680.25,102419
2021-06-18 09:49:38,2682.2,102432
2021-06-18 09:49:42,2682.65,102496
2021-06-18 09:49:45,2680.9,102658
2021-06-18 09:49:49,2682.25,102816
2021-06-18 09:49:52,2682.3,103527
2021-06-18 09:49:56,2681.1,103561
2021-06-18 09:49:59,2682.25,103585
2021-06-18 09:50:03,2682.3,103612
2021-06-18 09:50:06,2682.4,103697
2021-06-18 09:50:10,2681.2,103944
2021-06-18 09:50:13,2682.6,103955
2021-06-18 09:50:17,2680.95,104003
2021-06-18 09:50:20,2682.5,104197
2021-06-18 09:50:24,2681.2,104201
2021-06-18 09:50:27,2682.0,104209
2021-06-18 09:50:31,2682.95,104220
2021-06-18 09:50:34,2682.0,104300
2021-06-18 09:50:38,2682.0,104338
2021-06-18 09:50:44,2682.0,104469
2021-06-18 09:50:48,2682.2,104489
2021-06-18 09:50:51,2684.05,104749
2021-06-18 09:50:54,2684.15,104800
2021-06-18 09:50:57,2684.15,104800
2021-06-18 09:51:01,2683.95,104806
2021-06-18 09:51:04,2683.95,104806
2021-06-18 09:51:07,2684.9,105117
2021-06-18 09:51:11,2685.0,105179
2021-06-18 09:51:14,2685.0,105286
2021-06-18 09:51:17,2684.9,105315
2021-06-18 09:51:24,2684.9,105319
2021-06-18 09:51:28,2684.6,105329
2021-06-18 09:51:31,2684.8,105345
2021-06-18 09:51:34,2684.55,105352
2021-06-18 09:51:38,2684.55,105352
2021-06-18 09:51:41,2684.55,105364
2021-06-18 09:51:45,2684.4,105366
2021-06-18 09:51:48,2684.35,105371
2021-06-18 09:51:51,2684.35,105377
2021-06-18 09:51:55,2684.15,105397
2021-06-18 09:51:58,2684.15,105397
2021-06-18 09:52:01,2683.95,105493
2021-06-18 09:52:05,2683.95,105498
2021-06-18 09:52:08,2683.95,105498
2021-06-18 09:52:11,2683.95,105498
2021-06-18 09:52:14,2684.0,105533
2021-06-18 09:52:18,2684.0,105583
2021-06-18 09:52:21,2684.0,105583
2021-06-18 09:52:24,2684.0,105634
2021-06-18 09:52:28,2683.6,105638
2021-06-18 09:52:31,2683.6,105647
2021-06-18 09:52:34,2682.0,105749
2021-06-18 09:52:37,2682.0,105749
2021-06-18 09:52:40,2683.0,105751
2021-06-18 09:52:44,2682.0,105808
2021-06-18 09:52:47,2682.0,105823
2021-06-18 09:52:49,2682.0,105823
2021-06-18 09:52:50,2682.0,105840
2021-06-18 09:52:51,2682.0,105840
2021-06-18 09:52:52,2682.0,105840
2021-06-18 09:52:53,2682.0,105840
2021-06-18 09:52:54,2682.0,105840
2021-06-18 09:52:55,2681.95,105845
2021-06-18 09:52:56,2681.95,105845
2021-06-18 09:52:57,2681.95,106023
2021-06-18 09:52:58,2681.95,106023
2021-06-18 09:52:59,2681.45,106041
2021-06-18 09:53:00,2681.45,106041
2021-06-18 09:53:01,2681.45,106041
2021-06-18 09:53:02,2680.3,106061
2021-06-18 09:53:03,2680.3,106061
2021-06-18 09:53:04,2680.0,106073
2021-06-18 09:53:05,2680.0,106073
2021-06-18 09:53:06,2680.0,106073
2021-06-18 09:53:07,2680.05,106575
2021-06-18 09:53:08,2680.05,106575
2021-06-18 09:53:09,2681.75,106585
2021-06-18 09:53:10,2680.35,106586
2021-06-18 09:53:11,2680.35,106586
2021-06-18 09:53:12,2680.35,106586
2021-06-18 09:53:13,2680.35,106586
2021-06-18 09:53:14,2680.35,106586
2021-06-18 09:53:15,2680.4,106588
2021-06-18 09:53:16,2680.4,106588
2021-06-18 09:53:17,2681.75,106591
2021-06-18 09:53:18,2681.75,106591
2021-06-18 09:53:19,2681.75,106591
2021-06-18 09:53:20,2681.75,106591
2021-06-18 09:53:21,2681.75,106591
2021-06-18 09:53:22,2680.0,106824
2021-06-18 09:53:23,2680.0,106824
2021-06-18 09:53:24,2680.0,106824
2021-06-18 09:53:25,2680.0,106834
2021-06-18 09:53:26,2680.0,106834
2021-06-18 09:53:27,2680.0,106834
2021-06-18 09:53:28,2680.0,106834
2021-06-18 09:53:29,2680.0,106912
2021-06-18 09:53:30,2679.5,106915
2021-06-18 09:53:31,2679.5,106915
2021-06-18 09:53:32,2679.5,106915
2021-06-18 09:53:33,2679.5,106915
2021-06-18 09:53:35,2679.0,106977
2021-06-18 09:53:37,2680.0,106982
2021-06-18 09:53:37,2680.0,106982
2021-06-18 09:53:38,2679.5,106999
2021-06-18 09:53:39,2679.0,107029
2021-06-18 09:53:40,2679.0,107029
2021-06-18 09:53:41,2678.55,107152
2021-06-18 09:53:42,2678.55,107152
2021-06-18 09:53:43,2678.55,107152
2021-06-18 09:53:44,2678.55,107152
2021-06-18 09:53:46,2680.0,107252
2021-06-18 09:53:48,2678.2,107377
2021-06-18 09:53:49,2678.0,107482
2021-06-18 09:53:50,2678.9,107530
2021-06-18 09:53:51,2679.1,107554
2021-06-18 09:53:51,2676.15,107987
2021-06-18 09:53:52,2678.95,107988
2021-06-18 09:53:54,2678.95,107988
2021-06-18 09:53:54,2678.95,107988
2021-06-18 09:53:55,2678.95,107988
2021-06-18 09:53:56,2676.85,108025
2021-06-18 09:53:57,2676.1,108112
2021-06-18 09:53:58,2677.6,108376
2021-06-18 09:53:59,2677.55,108391
2021-06-18 09:54:01,2677.55,108391
2021-06-18 09:54:02,2677.55,108400
2021-06-18 09:54:03,2676.1,108412
2021-06-18 09:54:04,2676.1,108412
2021-06-18 09:54:05,2676.1,108412
2021-06-18 09:54:06,2676.1,108432
2021-06-18 09:54:07,2677.55,108435
2021-06-18 09:54:07,2677.55,108435
2021-06-18 09:54:09,2676.1,108472
2021-06-18 09:54:09,2676.1,108472
2021-06-18 09:54:10,2676.1,108476
2021-06-18 09:54:11,2676.1,108493
2021-06-18 09:54:12,2676.1,108503
2021-06-18 09:54:14,2677.0,108581
2021-06-18 09:54:15,2676.1,108805
2021-06-18 09:54:16,2677.75,108808
2021-06-18 09:54:17,2677.75,108810
2021-06-18 09:54:18,2677.75,108810
2021-06-18 09:54:19,2677.75,108810
2021-06-18 09:54:20,2676.1,108840
2021-06-18 09:54:21,2676.1,108840
2021-06-18 09:54:23,2676.1,108850
2021-06-18 09:54:24,2676.1,108850
2021-06-18 09:54:25,2677.0,108851
2021-06-18 09:54:26,2677.0,108901
2021-06-18 09:54:27,2676.1,109020
2021-06-18 09:54:28,2676.95,109053
2021-06-18 09:54:29,2677.0,109210
2021-06-18 09:54:30,2677.0,109261
2021-06-18 09:54:31,2677.05,109281
2021-06-18 09:54:32,2677.05,109281
2021-06-18 09:54:33,2677.05,109322
2021-06-18 09:54:34,2677.0,109372
2021-06-18 09:54:35,2677.45,109468
2021-06-18 09:54:36,2677.1,109570
2021-06-18 09:54:37,2677.1,109572
2021-06-18 09:54:39,2678.7,109574
2021-06-18 09:54:40,2678.7,109574
2021-06-18 09:54:41,2678.7,109574
2021-06-18 09:54:41,2678.7,109574
2021-06-18 09:54:43,2678.3,109589
2021-06-18 09:54:43,2678.3,109589
2021-06-18 09:54:44,2678.3,109589
2021-06-18 09:54:45,2678.3,109589
2021-06-18 09:54:46,2678.3,109589
2021-06-18 09:54:47,2678.6,109590
2021-06-18 09:54:48,2678.6,109593
2021-06-18 09:54:49,2678.6,109593
2021-06-18 09:54:50,2677.2,109594
2021-06-18 09:54:52,2678.3,109595
2021-06-18 09:54:53,2678.3,109595
2021-06-18 09:54:54,2677.6,109600
2021-06-18 09:54:55,2677.6,109611
2021-06-18 09:54:56,2677.6,109611
2021-06-18 09:54:57,2677.6,109611
2021-06-18 09:54:58,2677.6,109611
2021-06-18 09:54:59,2677.6,109611
2021-06-18 09:55:00,2677.1,109621
2021-06-18 09:55:01,2677.7,109631
2021-06-18 09:55:02,2677.7,109695
2021-06-18 09:55:03,2676.0,111156
2021-06-18 09:55:04,2676.0,111156
2021-06-18 09:55:05,2677.05,111182
2021-06-18 09:55:06,2677.05,111182
2021-06-18 09:55:07,2677.05,111182
2021-06-18 09:55:08,2677.1,111183
2021-06-18 09:55:09,2677.1,111183
2021-06-18 09:55:10,2676.0,111203
2021-06-18 09:55:11,2676.0,111203
2021-06-18 09:55:12,2676.0,111203
2021-06-18 09:55:13,2676.0,111357
2021-06-18 09:55:14,2677.05,111378
2021-06-18 09:55:15,2676.0,111402
2021-06-18 09:55:16,2676.0,111452
2021-06-18 09:55:17,2676.0,111472
2021-06-18 09:55:18,2676.0,111472
2021-06-18 09:55:19,2676.0,111491
2021-06-18 09:55:21,2676.0,111513
2021-06-18 09:55:21,2676.0,111513
2021-06-18 09:55:22,2677.6,111537
2021-06-18 09:55:23,2677.6,111537
2021-06-18 09:55:24,2677.6,111537
2021-06-18 09:55:25,2677.6,111537
2021-06-18 09:55:27,2677.75,111648
2021-06-18 09:55:28,2677.75,111648
2021-06-18 09:55:29,2677.75,111648
2021-06-18 09:55:30,2677.75,111650
2021-06-18 09:55:31,2677.75,111650
2021-06-18 09:55:32,2677.75,111650
2021-06-18 09:55:34,2677.75,111650
2021-06-18 09:55:35,2677.95,111651
2021-06-18 09:55:36,2677.55,111666
2021-06-18 09:55:37,2678.0,111672
2021-06-18 09:55:39,2677.0,111680
2021-06-18 09:55:40,2677.95,111681
2021-06-18 09:55:41,2677.95,111681
2021-06-18 09:55:41,2677.0,111682
2021-06-18 09:55:42,2677.0,111686
2021-06-18 09:55:43,2677.0,111686
2021-06-18 09:55:44,2677.0,111686
2021-06-18 09:55:45,2676.05,111726
2021-06-18 09:55:46,2677.5,111740
2021-06-18 09:55:47,2677.5,111740
2021-06-18 09:55:48,2677.5,111742
2021-06-18 09:55:49,2677.5,111752
2021-06-18 09:55:50,2677.5,111752
2021-06-18 09:55:51,2677.5,111752
2021-06-18 09:55:52,2678.0,111792
2021-06-18 09:55:53,2678.0,111801
2021-06-18 09:55:54,2678.0,111801
2021-06-18 09:55:56,2677.8,111812
2021-06-18 09:55:57,2678.0,111814
2021-06-18 09:55:57,2678.0,111814
2021-06-18 09:55:58,2678.0,111814
2021-06-18 09:55:59,2678.0,111814
2021-06-18 09:56:00,2678.0,111814
2021-06-18 09:56:01,2678.0,111815
2021-06-18 09:56:02,2676.0,112121
2021-06-18 09:56:03,2678.0,112821
2021-06-18 09:56:04,2676.45,112823
2021-06-18 09:56:05,2677.95,112824
2021-06-18 09:56:06,2677.95,112829
2021-06-18 09:56:11,2671.9,114253
2021-06-18 09:56:12,2671.9,114254
2021-06-18 09:56:13,2671.95,114275
2021-06-18 09:56:14,2670.9,114448
2021-06-18 09:56:15,2670.1,114565
2021-06-18 09:56:16,2670.0,114908
2021-06-18 09:56:17,2670.0,115197
2021-06-18 09:56:19,2670.0,115249
2021-06-18 09:56:20,2670.0,115249
2021-06-18 09:56:21,2670.0,115500
2021-06-18 09:56:22,2670.0,115650
2021-06-18 09:56:23,2670.0,115695
2021-06-18 09:56:24,2671.9,115715
2021-06-18 09:56:24,2671.9,115715
2021-06-18 09:56:25,2670.0,116045
2021-06-18 09:56:27,2671.75,116075
2021-06-18 09:56:28,2670.0,116152
2021-06-18 09:56:29,2671.75,116177
2021-06-18 09:56:30,2671.75,116205
2021-06-18 09:56:31,2670.0,116235
2021-06-18 09:56:32,2670.0,116270
2021-06-18 09:56:34,2670.0,116271
2021-06-18 09:56:35,2670.0,116271
2021-06-18 09:56:36,2670.6,116277
2021-06-18 09:56:38,2671.0,116382
2021-06-18 09:56:40,2670.4,116392
2021-06-18 09:56:41,2670.4,116392
2021-06-18 09:56:42,2671.0,116447
2021-06-18 09:56:44,2670.0,116503
2021-06-18 09:56:47,2670.1,116666
2021-06-18 09:56:48,2670.6,116716
2021-06-18 09:56:50,2670.6,116742
2021-06-18 09:56:51,2670.6,116742
2021-06-18 09:56:52,2670.1,116807
2021-06-18 09:56:53,2670.45,116817
2021-06-18 09:56:54,2670.45,116817
2021-06-18 09:56:55,2668.95,116927
2021-06-18 09:56:56,2670.35,117070
2021-06-18 09:56:57,2670.35,117070
2021-06-18 09:56:58,2670.6,117115
2021-06-18 09:56:59,2670.0,117625
2021-06-18 09:57:00,2668.9,117627
2021-06-18 09:57:01,2667.65,117713
2021-06-18 09:57:02,2669.95,117715
2021-06-18 09:57:03,2667.7,117739
2021-06-18 09:57:04,2669.8,117772
2021-06-18 09:57:05,2667.55,117822
2021-06-18 09:57:06,2667.55,117822
2021-06-18 09:57:07,2667.75,117849
2021-06-18 09:57:08,2667.75,117849
2021-06-18 09:57:09,2666.55,118174
2021-06-18 09:57:10,2666.55,118204
2021-06-18 09:57:11,2666.55,118204
2021-06-18 09:57:12,2666.55,118551
2021-06-18 09:57:13,2665.25,118721
2021-06-18 09:57:14,2666.4,118731
2021-06-18 09:57:15,2666.35,118732
2021-06-18 09:57:16,2666.35,118742
2021-06-18 09:57:17,2665.2,118766
2021-06-18 09:57:18,2662.85,120290
2021-06-18 09:57:20,2663.0,121232
2021-06-18 09:57:22,2660.75,121542
2021-06-18 09:57:24,2663.2,121735
2021-06-18 09:57:25,2661.75,121807
2021-06-18 09:57:26,2661.8,121851
2021-06-18 09:57:27,2663.6,121861
2021-06-18 09:57:28,2663.2,121862
2021-06-18 09:57:30,2662.0,122041
2021-06-18 09:57:31,2660.6,122341
2021-06-18 09:57:32,2661.85,122376
2021-06-18 09:57:33,2663.0,122466
2021-06-18 09:57:34,2663.2,122537
2021-06-18 09:57:35,2661.65,122646
2021-06-18 09:57:36,2661.4,122694
2021-06-18 09:57:37,2660.1,122716
2021-06-18 09:57:38,2661.0,122744
2021-06-18 09:57:39,2663.9,123062
2021-06-18 09:57:40,2663.45,123079
2021-06-18 09:57:41,2663.45,123079
2021-06-18 09:57:42,2663.45,123079
2021-06-18 09:57:43,2663.2,123089
2021-06-18 09:57:44,2662.3,123094
2021-06-18 09:57:45,2662.3,123094
2021-06-18 09:57:46,2662.3,123094
2021-06-18 09:57:47,2660.6,124094
2021-06-18 09:57:48,2662.3,124129
2021-06-18 09:57:49,2662.3,124129
2021-06-18 09:57:49,2660.05,124331
2021-06-18 09:57:50,2660.0,124381
2021-06-18 09:57:51,2660.05,124436
2021-06-18 09:57:52,2660.05,124448
2021-06-18 09:57:53,2660.05,124498
2021-06-18 09:57:54,2660.05,124556
2021-06-18 09:57:55,2660.05,124561
2021-06-18 09:57:56,2660.05,124653
2021-06-18 09:57:57,2661.9,125019
2021-06-18 09:57:58,2661.85,125112
2021-06-18 09:57:59,2660.15,125166
2021-06-18 09:58:00,2660.15,125197
2021-06-18 09:58:01,2661.65,125296
2021-06-18 09:58:02,2662.8,125522
2021-06-18 09:58:03,2662.15,125689
2021-06-18 09:58:04,2662.15,125691
2021-06-18 09:58:05,2662.65,125702
2021-06-18 09:58:06,2663.2,125719
2021-06-18 09:58:07,2662.7,125740
2021-06-18 09:58:08,2663.6,125790
2021-06-18 09:58:09,2665.6,126426
2021-06-18 09:58:11,2667.85,126875
2021-06-18 09:58:12,2665.35,126972
2021-06-18 09:58:14,2667.05,127084
2021-06-18 09:58:14,2667.05,127084
2021-06-18 09:58:16,2665.25,127103
2021-06-18 09:58:17,2667.4,127303
2021-06-18 09:58:18,2667.05,127453
2021-06-18 09:58:19,2667.8,127563
2021-06-18 09:58:20,2666.0,127663
2021-06-18 09:58:21,2667.45,127673
2021-06-18 09:58:22,2665.8,127748
2021-06-18 09:58:23,2665.9,127818
2021-06-18 09:58:24,2665.9,127818
2021-06-18 09:58:25,2667.3,127823
2021-06-18 09:58:26,2665.3,127848
2021-06-18 09:58:27,2665.3,127848
2021-06-18 09:58:28,2667.0,127859
2021-06-18 09:58:29,2665.35,127869
2021-06-18 09:58:31,2666.0,127905
2021-06-18 09:58:32,2668.7,128014
2021-06-18 09:58:33,2668.7,128014
2021-06-18 09:58:34,2666.7,128064
2021-06-18 09:58:35,2669.0,128069
2021-06-18 09:58:36,2669.0,128069
2021-06-18 09:58:37,2669.0,128069
2021-06-18 09:58:38,2669.0,128069
2021-06-18 09:58:39,2669.75,128110
2021-06-18 09:58:39,2669.75,128110
2021-06-18 09:58:41,2669.75,128110
2021-06-18 09:58:42,2670.6,128264
2021-06-18 09:58:43,2669.8,128275
2021-06-18 09:58:44,2669.2,128295
2021-06-18 09:58:45,2669.2,128295
2021-06-18 09:58:46,2669.2,128295
2021-06-18 09:58:47,2669.2,128355
2021-06-18 09:58:48,2672.15,129060
2021-06-18 09:58:49,2671.45,129172
2021-06-18 09:58:50,2671.45,129177
2021-06-18 09:58:51,2671.45,129177
2021-06-18 09:58:52,2670.0,130334
2021-06-18 09:58:53,2670.0,130334
2021-06-18 09:58:54,2671.9,130335
2021-06-18 09:58:55,2671.9,130415
2021-06-18 09:58:56,2671.9,130415
2021-06-18 09:58:57,2672.65,130594
2021-06-18 09:58:58,2672.95,130658
2021-06-18 09:58:59,2671.8,130740
2021-06-18 09:59:00,2671.8,130740
2021-06-18 09:59:01,2672.15,130781
2021-06-18 09:59:02,2672.15,130781
2021-06-18 09:59:03,2672.8,130832
2021-06-18 09:59:04,2670.8,130841
2021-06-18 09:59:05,2670.8,130841
2021-06-18 09:59:06,2670.7,130891
2021-06-18 09:59:07,2670.7,130891
2021-06-18 09:59:08,2670.7,130891
2021-06-18 09:59:09,2672.6,130899
2021-06-18 09:59:10,2672.0,130900
2021-06-18 09:59:11,2672.0,130900
2021-06-18 09:59:11,2672.0,130900
2021-06-18 09:59:12,2672.0,130900
2021-06-18 09:59:13,2671.4,130910
2021-06-18 09:59:14,2671.85,130911
2021-06-18 09:59:15,2671.85,130911
2021-06-18 09:59:16,2671.85,130911
2021-06-18 09:59:17,2670.8,130919
2021-06-18 09:59:18,2670.85,130923
2021-06-18 09:59:19,2670.85,130923
2021-06-18 09:59:20,2671.8,130943
2021-06-18 09:59:23,2672.6,130994
2021-06-18 09:59:24,2671.6,131007
2021-06-18 09:59:26,2672.45,131158
2021-06-18 09:59:27,2672.45,131158
2021-06-18 09:59:29,2672.5,131178
2021-06-18 09:59:30,2671.05,131236
2021-06-18 09:59:31,2671.05,131236
2021-06-18 09:59:32,2671.3,131265
2021-06-18 09:59:33,2671.3,131286
2021-06-18 09:59:34,2671.3,131286
2021-06-18 09:59:35,2670.9,131316
2021-06-18 09:59:36,2671.05,131319
2021-06-18 09:59:37,2671.05,131319
2021-06-18 09:59:38,2671.05,131319
2021-06-18 09:59:39,2671.05,131319
2021-06-18 09:59:40,2671.05,131319
2021-06-18 09:59:41,2671.05,131319
2021-06-18 09:59:42,2671.05,131319
2021-06-18 09:59:43,2671.05,131338
2021-06-18 09:59:44,2671.0,131339
2021-06-18 09:59:45,2670.05,131472
2021-06-18 09:59:46,2670.05,131472
2021-06-18 09:59:47,2670.05,131472
2021-06-18 09:59:48,2671.0,131492
2021-06-18 09:59:49,2671.0,131492
2021-06-18 09:59:50,2671.05,131668
2021-06-18 09:59:51,2671.05,131668
2021-06-18 09:59:52,2671.05,131668
2021-06-18 09:59:53,2671.05,131668
2021-06-18 09:59:54,2671.05,131668
2021-06-18 09:59:55,2671.05,131668
2021-06-18 09:59:56,2671.05,131668
2021-06-18 09:59:57,2671.05,131668
2021-06-18 09:59:58,2671.0,131673
2021-06-18 09:59:59,2671.0,131673
2021-06-18 10:00:00,2671.0,131673
2021-06-18 10:00:01,2671.0,131682
2021-06-18 10:00:02,2670.0,131763
2021-06-18 10:00:03,2670.0,131763
2021-06-18 10:00:04,2670.95,131773
2021-06-18 10:00:05,2671.0,131973
2021-06-18 10:00:06,2671.0,131973
2021-06-18 10:00:07,2670.0,132257
2021-06-18 10:00:08,2670.0,132257
2021-06-18 10:00:09,2669.2,132258
2021-06-18 10:00:10,2669.2,132258
2021-06-18 10:00:11,2669.2,132258
2021-06-18 10:00:12,2669.2,132258
2021-06-18 10:00:13,2669.2,132258
2021-06-18 10:00:14,2669.2,132258
2021-06-18 10:00:15,2668.05,132362
2021-06-18 10:00:16,2668.05,132362
2021-06-18 10:00:17,2668.05,132438
2021-06-18 10:00:18,2668.0,132448
2021-06-18 10:00:19,2668.0,132448
2021-06-18 10:00:20,2668.65,132482
2021-06-18 10:00:21,2668.0,132579
2021-06-18 10:00:22,2668.95,132677
2021-06-18 10:00:23,2667.5,132711
2021-06-18 10:00:24,2667.5,132711
2021-06-18 10:00:25,2667.5,132741
2021-06-18 10:00:26,2667.5,132741
2021-06-18 10:00:27,2666.15,132801
2021-06-18 10:00:28,2666.15,132801
2021-06-18 10:00:29,2666.15,132801
2021-06-18 10:00:30,2665.85,132861
2021-06-18 10:00:31,2665.85,132861
2021-06-18 10:00:33,2666.0,132958
2021-06-18 10:00:34,2666.0,132958
2021-06-18 10:00:35,2665.95,133008
2021-06-18 10:00:37,2665.9,133062
2021-06-18 10:00:38,2666.05,133089
2021-06-18 10:00:39,2667.0,133091
2021-06-18 10:00:40,2666.15,133101
2021-06-18 10:00:41,2666.15,133101
2021-06-18 10:00:42,2667.75,133114
2021-06-18 10:00:43,2668.05,133133
2021-06-18 10:00:44,2668.05,133176
2021-06-18 10:00:45,2668.05,133176
2021-06-18 10:00:46,2669.0,133183
2021-06-18 10:00:47,2669.0,133183
2021-06-18 10:00:48,2669.0,133183
2021-06-18 10:00:49,2669.0,133183
2021-06-18 10:00:51,2667.55,133220
2021-06-18 10:00:52,2664.75,133582
2021-06-18 10:00:53,2664.75,133582
2021-06-18 10:00:54,2666.8,133687
2021-06-18 10:00:55,2666.8,133687
2021-06-18 10:00:56,2665.15,133692
2021-06-18 10:00:57,2665.15,133692
2021-06-18 10:00:58,2665.8,133732
2021-06-18 10:00:59,2665.8,133732
2021-06-18 10:01:00,2665.8,133732
2021-06-18 10:01:01,2666.6,133737
2021-06-18 10:01:02,2665.0,133742
2021-06-18 10:01:03,2665.0,133742
2021-06-18 10:01:04,2664.4,133744
2021-06-18 10:01:05,2665.75,133749
2021-06-18 10:01:06,2665.75,133749
2021-06-18 10:01:07,2666.4,133750
2021-06-18 10:01:08,2667.7,133895
2021-06-18 10:01:09,2667.7,133895
2021-06-18 10:01:10,2666.6,133906
2021-06-18 10:01:11,2666.6,133906
2021-06-18 10:01:12,2666.55,133961
2021-06-18 10:01:13,2667.4,134033
2021-06-18 10:01:14,2667.4,134087
2021-06-18 10:01:15,2667.5,134112
2021-06-18 10:01:16,2666.95,134253
2021-06-18 10:01:17,2667.0,134258
2021-06-18 10:01:18,2667.0,134258
2021-06-18 10:01:19,2668.3,134259
2021-06-18 10:01:20,2668.3,134259
2021-06-18 10:01:21,2668.3,134259
2021-06-18 10:01:22,2668.3,134263
2021-06-18 10:01:23,2668.3,134263
2021-06-18 10:01:24,2667.0,134463
2021-06-18 10:01:25,2667.0,134463
2021-06-18 10:01:26,2667.0,134463
2021-06-18 10:01:27,2667.0,134463
2021-06-18 10:01:28,2667.0,134463
2021-06-18 10:01:29,2668.8,135324
2021-06-18 10:01:30,2667.9,135424
2021-06-18 10:01:31,2669.65,135428
2021-06-18 10:01:32,2667.8,135448
2021-06-18 10:01:33,2667.8,135448
2021-06-18 10:01:34,2667.8,135448
2021-06-18 10:01:35,2669.15,135474
2021-06-18 10:01:36,2669.95,135514
2021-06-18 10:01:37,2669.95,135514
2021-06-18 10:01:38,2669.95,135514
2021-06-18 10:01:39,2670.0,135559
2021-06-18 10:01:40,2670.0,135559
2021-06-18 10:01:41,2670.0,135559
2021-06-18 10:01:42,2669.6,135563
2021-06-18 10:01:43,2670.0,135568
2021-06-18 10:01:44,2670.0,135568
2021-06-18 10:01:46,2670.0,135602
2021-06-18 10:01:47,2670.0,135602
2021-06-18 10:01:48,2670.0,135602
2021-06-18 10:01:49,2670.0,135626
2021-06-18 10:01:50,2670.0,135626
2021-06-18 10:01:51,2670.0,135651
2021-06-18 10:01:52,2669.5,135700
2021-06-18 10:01:53,2669.0,135710
2021-06-18 10:01:54,2669.0,135710
2021-06-18 10:01:55,2669.0,135714
2021-06-18 10:01:56,2669.0,135714
2021-06-18 10:01:57,2669.0,135714
2021-06-18 10:01:58,2669.0,135735
2021-06-18 10:01:59,2669.0,135735
2021-06-18 10:02:00,2668.3,135748
2021-06-18 10:02:01,2668.3,135749
2021-06-18 10:02:02,2668.3,135749
2021-06-18 10:02:03,2669.1,135814
2021-06-18 10:02:04,2669.2,135914
2021-06-18 10:02:05,2669.2,135914
2021-06-18 10:02:06,2667.5,135915
2021-06-18 10:02:07,2669.2,135964
2021-06-18 10:02:08,2669.2,135964
2021-06-18 10:02:09,2669.5,135984
2021-06-18 10:02:11,2669.6,135992
2021-06-18 10:02:12,2673.0,137048
2021-06-18 10:02:15,2673.25,137138
2021-06-18 10:02:16,2673.25,137138
2021-06-18 10:02:17,2673.25,137168
2021-06-18 10:02:18,2673.25,137168
2021-06-18 10:02:20,2673.4,137223
2021-06-18 10:02:21,2673.4,137223
2021-06-18 10:02:22,2673.35,137243
2021-06-18 10:02:23,2673.35,137243
2021-06-18 10:02:24,2673.35,137243
2021-06-18 10:02:25,2671.8,137308
2021-06-18 10:02:26,2671.8,137308
2021-06-18 10:02:27,2673.15,137311
2021-06-18 10:02:28,2673.15,137339
2021-06-18 10:02:29,2673.65,137364
2021-06-18 10:02:30,2673.65,137364
2021-06-18 10:02:31,2673.65,137364
2021-06-18 10:02:32,2672.95,137366
2021-06-18 10:02:33,2672.95,137366
2021-06-18 10:02:34,2673.75,137368
2021-06-18 10:02:35,2674.55,137398
2021-06-18 10:02:36,2674.35,137498
2021-06-18 10:02:37,2674.6,137548
2021-06-18 10:02:38,2674.65,137622
2021-06-18 10:02:39,2673.2,137728
2021-06-18 10:02:40,2674.75,137739
2021-06-18 10:02:41,2677.95,138392
2021-06-18 10:02:42,2676.9,138412
2021-06-18 10:02:43,2676.9,138412
2021-06-18 10:02:44,2676.9,138412
2021-06-18 10:02:45,2676.9,138412
2021-06-18 10:02:49,2679.65,139245
2021-06-18 10:02:50,2680.85,139807
2021-06-18 10:02:51,2679.8,139987
2021-06-18 10:02:53,2677.7,139997
2021-06-18 10:02:54,2680.4,140032
2021-06-18 10:02:55,2681.15,140065
2021-06-18 10:02:56,2681.15,140075
2021-06-18 10:02:57,2681.15,140077
2021-06-18 10:02:58,2680.05,140082
2021-06-18 10:02:59,2679.65,140187
2021-06-18 10:03:00,2679.65,140187
2021-06-18 10:03:01,2680.65,140207
2021-06-18 10:03:02,2680.05,140208
2021-06-18 10:03:03,2680.05,140208
2021-06-18 10:03:04,2680.65,140298
2021-06-18 10:03:05,2681.0,140606
2021-06-18 10:03:06,2681.0,140606
2021-06-18 10:03:07,2679.25,140649
2021-06-18 10:03:08,2681.15,140676
2021-06-18 10:03:09,2681.8,140786
2021-06-18 10:03:10,2681.95,140788
2021-06-18 10:03:11,2681.9,140849
2021-06-18 10:03:12,2681.55,140898
2021-06-18 10:03:13,2680.25,140940
2021-06-18 10:03:14,2680.25,140940
2021-06-18 10:03:15,2681.15,140960
2021-06-18 10:03:16,2681.15,140960
2021-06-18 10:03:18,2681.1,140962
2021-06-18 10:03:19,2681.1,140962
2021-06-18 10:03:20,2680.3,140963
2021-06-18 10:03:21,2680.3,140973
2021-06-18 10:03:22,2680.3,140975
2021-06-18 10:03:23,2680.3,140975
2021-06-18 10:03:24,2680.0,140996
2021-06-18 10:03:25,2679.9,141081
2021-06-18 10:03:26,2679.9,141103
2021-06-18 10:03:27,2679.9,141103
2021-06-18 10:03:28,2679.9,141113
2021-06-18 10:03:29,2679.9,141113
2021-06-18 10:03:31,2679.9,141231
2021-06-18 10:03:33,2680.0,141318
2021-06-18 10:03:34,2680.0,141318
2021-06-18 10:03:36,2680.0,141421
2021-06-18 10:03:35,2680.0,141421
2021-06-18 10:03:37,2680.35,141428
2021-06-18 10:03:38,2680.35,141429
2021-06-18 10:03:39,2680.35,141429
2021-06-18 10:03:40,2680.35,141429
2021-06-18 10:03:43,2680.35,141429
2021-06-18 10:03:43,2680.35,141429
2021-06-18 10:03:44,2680.35,141429
2021-06-18 10:03:45,2680.55,141450
2021-06-18 10:03:46,2680.55,141450
2021-06-18 10:03:48,2680.55,141450
2021-06-18 10:03:48,2680.55,141450
2021-06-18 10:03:49,2680.0,141470
2021-06-18 10:03:50,2680.35,141475
2021-06-18 10:03:51,2681.1,141499
2021-06-18 10:03:52,2681.15,141545
2021-06-18 10:03:54,2683.0,141806
2021-06-18 10:03:56,2682.4,141807
2021-06-18 10:03:58,2682.4,141807
2021-06-18 10:03:58,2682.4,141807
2021-06-18 10:03:59,2682.4,141807
2021-06-18 10:04:00,2683.0,141817
2021-06-18 10:04:02,2683.0,141821
2021-06-18 10:04:03,2683.55,141921
2021-06-18 10:04:04,2683.55,141921
2021-06-18 10:04:05,2684.0,142177
2021-06-18 10:04:06,2683.85,142182
2021-06-18 10:04:07,2683.85,142182
2021-06-18 10:04:09,2684.0,142298
2021-06-18 10:04:09,2684.0,142298
2021-06-18 10:04:10,2683.75,142308
2021-06-18 10:04:11,2683.75,142308
2021-06-18 10:04:12,2684.0,142333
2021-06-18 10:04:13,2684.15,142337
2021-06-18 10:04:14,2684.15,142337
2021-06-18 10:04:15,2682.05,142668
2021-06-18 10:04:16,2682.05,142668
2021-06-18 10:04:17,2682.05,142668
2021-06-18 10:04:18,2682.45,142670
2021-06-18 10:04:19,2682.45,142670
2021-06-18 10:04:20,2682.45,142680
2021-06-18 10:04:21,2682.45,142680
2021-06-18 10:04:23,2682.45,142680
2021-06-18 10:04:23,2682.45,142680
2021-06-18 10:04:26,2682.8,142706
2021-06-18 10:04:27,2682.8,142714
2021-06-18 10:04:28,2682.8,142719
2021-06-18 10:04:29,2682.75,142720
2021-06-18 10:04:30,2683.0,142754
2021-06-18 10:04:31,2683.0,142754
2021-06-18 10:04:32,2683.0,142754
2021-06-18 10:04:34,2682.45,142798
2021-06-18 10:04:35,2682.45,142798
2021-06-18 10:04:36,2682.45,142798
2021-06-18 10:04:38,2682.45,142798
2021-06-18 10:04:39,2683.0,142828
2021-06-18 10:04:39,2683.0,142830
2021-06-18 10:04:40,2682.45,142850
2021-06-18 10:04:41,2682.45,142850
2021-06-18 10:04:42,2682.45,142850
2021-06-18 10:04:43,2682.45,142850
2021-06-18 10:04:44,2683.0,142870
2021-06-18 10:04:45,2682.45,142970
2021-06-18 10:04:46,2683.0,142979
2021-06-18 10:04:47,2683.0,142979
2021-06-18 10:04:49,2682.45,142984
2021-06-18 10:04:50,2682.45,142984
2021-06-18 10:04:51,2683.0,142988
2021-06-18 10:04:52,2683.0,142996
2021-06-18 10:04:53,2683.0,142997
2021-06-18 10:04:53,2683.0,142997
2021-06-18 10:04:55,2682.15,143129
2021-06-18 10:04:55,2682.15,143129
2021-06-18 10:04:57,2682.15,143129
2021-06-18 10:04:57,2682.15,143129
2021-06-18 10:04:58,2682.15,143129
2021-06-18 10:04:59,2682.15,143129
2021-06-18 10:05:00,2682.05,143192
2021-06-18 10:05:01,2681.3,143206
2021-06-18 10:05:02,2681.3,143206
2021-06-18 10:05:03,2681.3,143206
2021-06-18 10:05:04,2681.3,143206
2021-06-18 10:05:06,2681.3,143206
2021-06-18 10:05:07,2681.55,143266
2021-06-18 10:05:09,2681.55,143266
2021-06-18 10:05:09,2681.55,143266
2021-06-18 10:05:11,2681.55,143266
2021-06-18 10:05:14,2683.85,143565
2021-06-18 10:05:15,2683.85,143565
2021-06-18 10:05:17,2683.85,143646
2021-06-18 10:05:18,2683.85,143646
2021-06-18 10:05:20,2684.0,143653
2021-06-18 10:05:21,2684.0,143653
2021-06-18 10:05:22,2684.4,143664
2021-06-18 10:05:22,2684.4,143664
2021-06-18 10:05:23,2684.4,143664
2021-06-18 10:05:25,2684.4,143664
2021-06-18 10:05:25,2684.4,143664
2021-06-18 10:05:26,2684.4,143694
2021-06-18 10:05:27,2684.4,143694
2021-06-18 10:05:28,2683.2,143880
2021-06-18 10:05:29,2683.2,143880
2021-06-18 10:05:30,2684.4,143937
2021-06-18 10:05:31,2684.4,143938
2021-06-18 10:05:32,2684.05,143944
2021-06-18 10:05:33,2684.0,143984
2021-06-18 10:05:34,2682.7,143990
2021-06-18 10:05:36,2682.7,143990
2021-06-18 10:05:36,2682.7,143990
2021-06-18 10:05:37,2682.7,143990
2021-06-18 10:05:38,2682.7,143990
2021-06-18 10:05:39,2684.1,144005
2021-06-18 10:05:40,2684.1,144005
2021-06-18 10:05:42,2684.1,144012
2021-06-18 10:05:42,2684.1,144062
2021-06-18 10:05:43,2684.1,144062
2021-06-18 10:05:44,2684.4,144095
2021-06-18 10:05:45,2684.4,144095
2021-06-18 10:05:46,2684.4,144135
2021-06-18 10:05:48,2684.25,144140
2021-06-18 10:05:48,2684.25,144140
2021-06-18 10:05:49,2684.25,144140
2021-06-18 10:05:51,2684.35,144192
2021-06-18 10:05:52,2684.4,144325
2021-06-18 10:05:53,2684.4,144425
2021-06-18 10:05:54,2685.0,144435
2021-06-18 10:05:55,2683.85,144595
2021-06-18 10:05:57,2684.05,144645
2021-06-18 10:05:57,2684.05,144645
2021-06-18 10:05:58,2684.05,144645
2021-06-18 10:06:00,2684.05,144645
2021-06-18 10:06:01,2685.0,144872
2021-06-18 10:06:02,2684.1,144887
2021-06-18 10:06:03,2684.1,144887
2021-06-18 10:06:04,2685.0,145143
2021-06-18 10:06:05,2685.9,145158
2021-06-18 10:06:07,2685.9,145158
2021-06-18 10:06:08,2685.9,145158
2021-06-18 10:06:09,2685.9,145161
2021-06-18 10:06:09,2685.9,145161
2021-06-18 10:06:10,2685.1,145164
2021-06-18 10:06:12,2685.9,145174
2021-06-18 10:06:12,2685.9,145174
2021-06-18 10:06:13,2685.9,145235
2021-06-18 10:06:14,2685.9,145250
2021-06-18 10:06:15,2685.9,145250
2021-06-18 10:06:16,2685.9,145250
2021-06-18 10:06:17,2685.9,145250
2021-06-18 10:06:18,2685.9,145251
2021-06-18 10:06:19,2685.55,145253
2021-06-18 10:06:20,2685.6,145263
2021-06-18 10:06:21,2685.6,145263
2021-06-18 10:06:22,2685.6,145265
2021-06-18 10:06:23,2685.6,145265
2021-06-18 10:06:25,2686.5,145317
2021-06-18 10:06:26,2686.5,145442
2021-06-18 10:06:27,2686.5,145455
2021-06-18 10:06:28,2686.9,145496
2021-06-18 10:06:29,2686.9,145496
2021-06-18 10:06:30,2685.8,145506
2021-06-18 10:06:30,2685.8,145506
2021-06-18 10:06:31,2685.8,145506
2021-06-18 10:06:32,2685.7,145514
2021-06-18 10:06:34,2686.0,145519
2021-06-18 10:06:36,2686.9,145521
2021-06-18 10:06:36,2686.9,145521
2021-06-18 10:06:37,2686.9,145521
2021-06-18 10:06:39,2686.9,145537
2021-06-18 10:06:40,2686.9,145537
2021-06-18 10:06:41,2686.05,145558
2021-06-18 10:06:41,2686.05,145558
2021-06-18 10:06:43,2686.9,145559
2021-06-18 10:06:44,2686.9,145559
2021-06-18 10:06:45,2686.9,145569
2021-06-18 10:06:46,2686.9,145569
2021-06-18 10:06:47,2686.9,145569
2021-06-18 10:06:48,2686.9,145579
2021-06-18 10:06:48,2686.9,145569
2021-06-18 10:06:49,2687.0,145641
2021-06-18 10:06:50,2687.0,145641
2021-06-18 10:06:51,2687.0,145641
2021-06-18 10:06:52,2687.65,145647
2021-06-18 10:06:53,2687.65,145647
2021-06-18 10:06:54,2687.65,145647
2021-06-18 10:06:56,2687.65,145647
2021-06-18 10:06:57,2687.3,145652
2021-06-18 10:06:57,2687.65,145657
2021-06-18 10:06:59,2687.65,145657
2021-06-18 10:06:59,2687.05,145952
2021-06-18 10:07:01,2687.05,145952
2021-06-18 10:07:02,2688.65,145962
2021-06-18 10:07:03,2688.65,145962
2021-06-18 10:07:04,2688.65,145962
2021-06-18 10:07:05,2688.55,145999
2021-06-18 10:07:06,2688.6,146102
2021-06-18 10:07:07,2689.9,146512
2021-06-18 10:07:08,2690.15,147132
2021-06-18 10:07:09,2691.7,147251
2021-06-18 10:07:11,2691.6,147254
2021-06-18 10:07:11,2691.6,147254
2021-06-18 10:07:12,2691.6,147254
2021-06-18 10:07:13,2690.05,147280
2021-06-18 10:07:15,2688.0,148159
2021-06-18 10:07:15,2688.0,148159
2021-06-18 10:07:17,2688.45,148211
2021-06-18 10:07:18,2688.45,148211
2021-06-18 10:07:19,2688.45,148211
2021-06-18 10:07:22,2685.35,148380
2021-06-18 10:07:23,2685.35,148380
2021-06-18 10:07:24,2685.05,148419
2021-06-18 10:07:25,2685.05,148419
2021-06-18 10:07:26,2685.05,148419
2021-06-18 10:07:27,2685.05,148419
2021-06-18 10:07:29,2685.05,148419
2021-06-18 10:07:30,2684.5,148786
2021-06-18 10:07:30,2687.4,148886
2021-06-18 10:07:31,2687.4,148886
2021-06-18 10:07:32,2687.2,148898
2021-06-18 10:07:34,2687.2,148898
2021-06-18 10:07:34,2687.2,148916
2021-06-18 10:07:35,2687.1,148934
2021-06-18 10:07:37,2687.25,149134
2021-06-18 10:07:38,2686.7,149151
2021-06-18 10:07:38,2686.7,149151
2021-06-18 10:07:39,2686.7,149151
2021-06-18 10:07:40,2686.7,149151
2021-06-18 10:07:41,2687.25,149203
2021-06-18 10:07:42,2687.25,149203
2021-06-18 10:07:44,2687.25,149203
2021-06-18 10:07:45,2685.35,149207
2021-06-18 10:07:46,2685.35,149207
2021-06-18 10:07:47,2687.85,149507
2021-06-18 10:07:48,2685.6,149512
2021-06-18 10:07:49,2685.6,149512
2021-06-18 10:07:50,2685.6,149559
2021-06-18 10:07:51,2685.6,149559
2021-06-18 10:07:52,2685.6,149559
2021-06-18 10:07:54,2686.75,149560
2021-06-18 10:07:55,2686.75,149560
2021-06-18 10:07:56,2686.35,149565
2021-06-18 10:07:57,2687.0,149575
2021-06-18 10:07:58,2686.35,149576
2021-06-18 10:07:59,2686.35,149576
2021-06-18 10:08:00,2686.6,149583
2021-06-18 10:08:01,2686.6,149587
2021-06-18 10:08:02,2686.6,149587
2021-06-18 10:08:04,2686.6,149587
2021-06-18 10:08:06,2686.6,149587
2021-06-18 10:08:07,2686.6,149587
2021-06-18 10:08:08,2687.0,149594
2021-06-18 10:08:08,2687.0,149594
2021-06-18 10:08:09,2687.0,149594
2021-06-18 10:08:10,2686.05,149704
2021-06-18 10:08:11,2686.05,149704
2021-06-18 10:08:12,2686.05,149704
2021-06-18 10:08:13,2686.05,149704
2021-06-18 10:08:14,2687.9,149792
2021-06-18 10:08:15,2687.9,149792
2021-06-18 10:08:16,2687.05,149822
2021-06-18 10:08:17,2687.05,149822
2021-06-18 10:08:18,2687.05,149842
2021-06-18 10:08:20,2687.05,149842
2021-06-18 10:08:22,2687.9,149843
2021-06-18 10:08:23,2687.9,149843
2021-06-18 10:08:24,2687.05,149844
2021-06-18 10:08:25,2686.5,149984
2021-06-18 10:08:25,2686.1,149989
2021-06-18 10:08:26,2686.05,150010
2021-06-18 10:08:27,2687.55,150011
2021-06-18 10:08:28,2687.55,150011
2021-06-18 10:08:29,2687.0,150021
2021-06-18 10:08:30,2687.0,150021
2021-06-18 10:08:31,2687.0,150021
2021-06-18 10:08:33,2687.6,150022
2021-06-18 10:08:34,2687.05,150042
2021-06-18 10:08:35,2687.05,150042
2021-06-18 10:08:36,2687.9,150047
2021-06-18 10:08:37,2687.9,150047
2021-06-18 10:08:38,2687.0,150097
2021-06-18 10:08:39,2687.0,150097
2021-06-18 10:08:40,2688.0,150397
2021-06-18 10:08:41,2688.0,150407
2021-06-18 10:08:42,2688.0,150407
2021-06-18 10:08:43,2688.0,150407
2021-06-18 10:08:44,2688.0,150407
2021-06-18 10:08:45,2688.0,150407
2021-06-18 10:08:46,2687.3,150421
2021-06-18 10:08:47,2687.3,150421
2021-06-18 10:08:48,2687.3,150421
2021-06-18 10:08:49,2687.3,150421
2021-06-18 10:08:50,2686.05,150439
2021-06-18 10:08:51,2686.05,150439
2021-06-18 10:08:52,2686.05,150439
2021-06-18 10:08:53,2686.05,150439
2021-06-18 10:08:54,2687.15,150449
2021-06-18 10:08:54,2686.05,150466
2021-06-18 10:08:55,2687.0,150468
2021-06-18 10:08:57,2687.1,150471
2021-06-18 10:08:58,2687.2,150481
2021-06-18 10:08:58,2686.05,150531
2021-06-18 10:08:59,2686.05,150531
2021-06-18 10:09:00,2686.05,150531
2021-06-18 10:09:01,2686.05,150531
2021-06-18 10:09:02,2686.05,150531
2021-06-18 10:09:03,2687.1,150636
2021-06-18 10:09:04,2687.1,150636
2021-06-18 10:09:05,2687.1,150636
2021-06-18 10:09:06,2686.5,150668
2021-06-18 10:09:07,2686.5,150668
2021-06-18 10:09:08,2686.5,150668
2021-06-18 10:09:09,2688.0,150671
2021-06-18 10:09:10,2687.35,150673
2021-06-18 10:09:11,2688.35,150773
2021-06-18 10:09:13,2687.35,150774
2021-06-18 10:09:14,2687.35,150774
2021-06-18 10:09:15,2689.0,150834
2021-06-18 10:09:16,2689.0,150934
2021-06-18 10:09:17,2689.0,150934
2021-06-18 10:09:18,2687.7,150984
2021-06-18 10:09:19,2687.7,150984
2021-06-18 10:09:19,2687.7,150984
2021-06-18 10:09:20,2687.7,150984
2021-06-18 10:09:21,2687.7,150984
2021-06-18 10:09:22,2688.7,151058
2021-06-18 10:09:24,2688.7,151058
2021-06-18 10:09:24,2688.7,151058
2021-06-18 10:09:25,2688.7,151058
2021-06-18 10:09:27,2688.7,151058
2021-06-18 10:09:28,2688.5,151093
2021-06-18 10:09:29,2688.5,151094
2021-06-18 10:09:30,2687.1,151159
2021-06-18 10:09:30,2687.1,151159
2021-06-18 10:09:31,2687.1,151159
2021-06-18 10:09:32,2687.1,151159
2021-06-18 10:09:33,2687.1,151159
2021-06-18 10:09:34,2688.15,151192
2021-06-18 10:09:35,2688.15,151192
2021-06-18 10:09:37,2688.1,151205
2021-06-18 10:09:38,2688.1,151205
2021-06-18 10:09:39,2688.05,151225
2021-06-18 10:09:40,2686.2,151285
2021-06-18 10:09:41,2686.2,151285
2021-06-18 10:09:42,2686.2,151285
2021-06-18 10:09:43,2686.2,151285
2021-06-18 10:09:43,2686.2,151285
2021-06-18 10:09:44,2687.5,151385
2021-06-18 10:09:46,2687.5,151385
2021-06-18 10:09:47,2687.75,151440
2021-06-18 10:09:48,2687.75,151440
2021-06-18 10:09:49,2686.2,151475
2021-06-18 10:09:50,2686.2,151475
2021-06-18 10:09:51,2687.7,151476
2021-06-18 10:09:52,2688.0,151542
2021-06-18 10:09:53,2688.0,151542
2021-06-18 10:09:54,2688.0,151542
2021-06-18 10:09:55,2688.0,151542
2021-06-18 10:09:56,2686.2,151559
2021-06-18 10:09:57,2686.2,151559
2021-06-18 10:09:58,2686.2,151559
2021-06-18 10:10:01,2687.0,151564
2021-06-18 10:10:03,2687.0,151564
2021-06-18 10:10:04,2687.0,151564
2021-06-18 10:10:05,2686.25,151578
2021-06-18 10:10:06,2686.2,151583
2021-06-18 10:10:07,2687.0,151594
2021-06-18 10:10:08,2687.0,151594
2021-06-18 10:10:08,2687.0,151594
2021-06-18 10:10:09,2687.0,151616
2021-06-18 10:10:10,2687.0,151616
2021-06-18 10:10:11,2687.0,151616
2021-06-18 10:10:13,2687.0,151616
2021-06-18 10:10:14,2686.2,151625
2021-06-18 10:10:15,2686.2,151625
2021-06-18 10:10:16,2686.1,151660
2021-06-18 10:10:17,2686.1,151660
2021-06-18 10:10:19,2687.0,151676
2021-06-18 10:10:19,2687.0,151676
2021-06-18 10:10:20,2687.0,151676
2021-06-18 10:10:21,2687.0,151676
2021-06-18 10:10:22,2687.0,151676
2021-06-18 10:10:23,2686.2,151682
2021-06-18 10:10:25,2686.2,151682
2021-06-18 10:10:26,2685.35,152050
2021-06-18 10:10:27,2685.35,152050
2021-06-18 10:10:28,2683.7,152588
2021-06-18 10:10:28,2683.7,152588
2021-06-18 10:10:29,2683.7,152588
2021-06-18 10:10:31,2683.0,152600
2021-06-18 10:10:32,2682.25,152665
2021-06-18 10:10:33,2682.25,152665
2021-06-18 10:10:33,2683.55,152666
2021-06-18 10:10:34,2683.55,152666
2021-06-18 10:10:36,2683.55,152666
2021-06-18 10:10:36,2681.75,152668
2021-06-18 10:10:37,2681.65,152699
2021-06-18 10:10:38,2681.65,152699
2021-06-18 10:10:39,2682.0,152753
2021-06-18 10:10:40,2683.35,152823
2021-06-18 10:10:43,2683.35,152823
2021-06-18 10:10:43,2683.35,152823
2021-06-18 10:10:44,2683.35,152823
2021-06-18 10:10:45,2683.35,152823
2021-06-18 10:10:47,2683.35,152823
2021-06-18 10:10:48,2682.55,152827
2021-06-18 10:10:49,2682.55,152827
2021-06-18 10:10:50,2682.0,152842
2021-06-18 10:10:51,2682.0,152842
2021-06-18 10:10:52,2682.0,152842
2021-06-18 10:10:52,2682.0,152842
2021-06-18 10:10:53,2682.0,152842
2021-06-18 10:10:54,2683.0,153064
2021-06-18 10:10:55,2684.15,153094
2021-06-18 10:10:57,2682.45,153154
2021-06-18 10:10:57,2682.5,153168
2021-06-18 10:10:59,2682.55,153174
2021-06-18 10:11:01,2682.55,153174
2021-06-18 10:11:02,2682.55,153174
2021-06-18 10:11:03,2682.55,153174
2021-06-18 10:11:04,2682.55,153174
2021-06-18 10:11:05,2683.3,153191
2021-06-18 10:11:05,2682.0,153221
2021-06-18 10:11:06,2682.0,153221
2021-06-18 10:11:07,2682.0,153221
2021-06-18 10:11:08,2682.0,153221
2021-06-18 10:11:10,2682.0,153221
2021-06-18 10:11:11,2682.0,153222
2021-06-18 10:11:12,2683.15,153273
2021-06-18 10:11:13,2683.15,153273
2021-06-18 10:11:13,2682.0,153293
2021-06-18 10:11:14,2683.2,153294
2021-06-18 10:11:15,2683.2,153294
2021-06-18 10:11:16,2682.0,153314
2021-06-18 10:11:17,2683.45,153515
2021-06-18 10:11:19,2681.55,153582
2021-06-18 10:11:20,2681.55,153582
2021-06-18 10:11:21,2681.55,153582
2021-06-18 10:11:23,2682.0,153608
2021-06-18 10:11:22,2682.05,153585
2021-06-18 10:11:23,2681.55,153654
2021-06-18 10:11:24,2680.05,153688
2021-06-18 10:11:26,2678.55,153939
2021-06-18 10:11:28,2678.0,153983
2021-06-18 10:11:28,2678.0,153983
2021-06-18 10:11:29,2678.0,153983
2021-06-18 10:11:32,2678.05,154231
2021-06-18 10:11:33,2678.05,154231
2021-06-18 10:11:34,2679.8,154281
2021-06-18 10:11:35,2679.8,154281
2021-06-18 10:11:36,2681.1,154322
2021-06-18 10:11:36,2681.1,154322
2021-06-18 10:11:38,2679.4,154487
2021-06-18 10:11:39,2678.9,154649
2021-06-18 10:11:40,2678.9,154649
2021-06-18 10:11:41,2678.9,154649
2021-06-18 10:11:41,2679.1,154670
2021-06-18 10:11:43,2678.85,154730
2021-06-18 10:11:44,2678.8,154760
2021-06-18 10:11:45,2678.8,154760
2021-06-18 10:11:46,2678.45,154811
2021-06-18 10:11:47,2678.45,154811
2021-06-18 10:11:48,2680.3,154991
2021-06-18 10:11:49,2678.9,155091
2021-06-18 10:11:50,2678.95,155108
2021-06-18 10:11:50,2678.95,155108
2021-06-18 10:11:51,2678.95,155108
2021-06-18 10:11:52,2678.65,155115
2021-06-18 10:11:54,2679.9,155117
2021-06-18 10:11:55,2679.9,155117
2021-06-18 10:11:56,2679.9,155117
2021-06-18 10:11:56,2679.9,155117
2021-06-18 10:11:58,2679.9,155117
2021-06-18 10:11:59,2679.9,155117
2021-06-18 10:12:00,2679.45,155118
2021-06-18 10:12:00,2679.0,155139
2021-06-18 10:12:01,2679.0,155139
2021-06-18 10:12:02,2679.0,155139
2021-06-18 10:12:03,2679.0,155139
2021-06-18 10:12:05,2678.45,155145
2021-06-18 10:12:06,2678.45,155145
2021-06-18 10:12:11,2679.75,155170
2021-06-18 10:12:12,2679.75,155170
2021-06-18 10:12:14,2679.75,155170
2021-06-18 10:12:15,2679.75,155170
2021-06-18 10:12:16,2679.75,155170
2021-06-18 10:12:17,2679.75,155170
2021-06-18 10:12:18,2679.75,155170
2021-06-18 10:12:19,2678.85,155175
2021-06-18 10:12:20,2678.85,155175
2021-06-18 10:12:21,2679.0,155243
2021-06-18 10:12:23,2679.0,155243
2021-06-18 10:12:22,2679.0,155243
2021-06-18 10:12:24,2679.3,155460
2021-06-18 10:12:25,2679.0,155490
2021-06-18 10:12:26,2679.0,155490
2021-06-18 10:12:27,2679.05,155598
2021-06-18 10:12:28,2679.05,155598
2021-06-18 10:12:29,2678.5,155798
2021-06-18 10:12:30,2678.5,155798
2021-06-18 10:12:31,2679.95,155811
2021-06-18 10:12:32,2679.95,155811
2021-06-18 10:12:33,2679.95,155811
2021-06-18 10:12:34,2679.95,155811
2021-06-18 10:12:35,2679.95,155822
2021-06-18 10:12:36,2678.45,155892
2021-06-18 10:12:37,2678.55,155897
2021-06-18 10:12:38,2678.55,155897
2021-06-18 10:12:39,2678.55,155897
2021-06-18 10:12:40,2678.5,155914
2021-06-18 10:12:41,2678.5,155914
2021-06-18 10:12:42,2678.5,155914
2021-06-18 10:12:43,2679.8,156243
2021-06-18 10:12:45,2679.8,156243
2021-06-18 10:12:47,2679.8,156243
2021-06-18 10:12:46,2679.8,156243
2021-06-18 10:12:48,2679.8,156244
2021-06-18 10:12:49,2678.45,156325
2021-06-18 10:12:50,2678.45,156325
2021-06-18 10:12:51,2678.45,156325
2021-06-18 10:12:52,2678.45,156325
2021-06-18 10:12:53,2678.45,156325
2021-06-18 10:12:54,2678.45,156338
2021-06-18 10:12:55,2678.45,156338
2021-06-18 10:12:56,2678.45,156338
2021-06-18 10:12:57,2678.45,156338
2021-06-18 10:12:58,2679.45,156387
2021-06-18 10:12:59,2679.45,156387
2021-06-18 10:13:00,2679.45,156387
2021-06-18 10:13:01,2679.6,156400
2021-06-18 10:13:02,2679.6,156400
2021-06-18 10:13:03,2680.15,156417
2021-06-18 10:13:04,2680.15,156417
2021-06-18 10:13:05,2680.15,156417
2021-06-18 10:13:06,2680.35,156418
2021-06-18 10:13:07,2680.35,156418
2021-06-18 10:13:08,2680.35,156418
2021-06-18 10:13:09,2680.85,156428
2021-06-18 10:13:10,2680.85,156428
2021-06-18 10:13:11,2680.85,156428
2021-06-18 10:13:12,2680.85,156428
2021-06-18 10:13:13,2680.85,156428
2021-06-18 10:13:14,2679.2,156508
2021-06-18 10:13:15,2679.2,156508
2021-06-18 10:13:16,2678.55,156608
2021-06-18 10:13:17,2678.55,156608
2021-06-18 10:13:18,2678.55,156608
2021-06-18 10:13:19,2678.55,156608
2021-06-18 10:13:20,2678.55,156608
2021-06-18 10:13:21,2678.55,156608
2021-06-18 10:13:22,2678.55,156608
2021-06-18 10:13:23,2678.55,156608
2021-06-18 10:13:24,2678.55,156608
2021-06-18 10:13:25,2678.55,156608
2021-06-18 10:13:26,2678.55,156608
2021-06-18 10:13:27,2679.75,156659
2021-06-18 10:13:28,2680.15,156709
2021-06-18 10:13:29,2679.1,156912
2021-06-18 10:13:30,2679.35,156914
2021-06-18 10:13:31,2679.35,156914
2021-06-18 10:13:32,2679.35,156914
2021-06-18 10:13:33,2680.95,156939
2021-06-18 10:13:34,2681.0,156940
2021-06-18 10:13:35,2681.0,156941
2021-06-18 10:13:36,2681.0,156941
2021-06-18 10:13:37,2681.0,156941
2021-06-18 10:13:38,2681.0,156941
2021-06-18 10:13:39,2681.0,156941
2021-06-18 10:13:40,2681.0,156941
2021-06-18 10:13:41,2681.0,156941
2021-06-18 10:13:42,2679.3,157017
2021-06-18 10:13:43,2680.2,157065
2021-06-18 10:13:44,2680.8,157076
2021-06-18 10:13:45,2680.8,157076
2021-06-18 10:13:46,2680.8,157076
2021-06-18 10:13:47,2681.0,157086
2021-06-18 10:13:48,2681.0,157086
2021-06-18 10:13:49,2681.0,157213
2021-06-18 10:13:50,2681.0,157213
2021-06-18 10:13:51,2681.0,157213
2021-06-18 10:13:52,2681.0,157341
2021-06-18 10:13:53,2682.0,157520
2021-06-18 10:13:54,2682.0,157545
2021-06-18 10:13:55,2681.1,157581
2021-06-18 10:13:56,2681.1,157581
2021-06-18 10:13:57,2681.1,157581
2021-06-18 10:13:58,2682.15,157609
2021-06-18 10:13:59,2682.15,157609
2021-06-18 10:14:00,2684.25,157629
2021-06-18 10:14:01,2682.95,157699
2021-06-18 10:14:02,2682.95,157699
2021-06-18 10:14:03,2682.95,157699
2021-06-18 10:14:04,2682.95,157699
2021-06-18 10:14:05,2684.45,157700
2021-06-18 10:14:06,2684.45,157700
2021-06-18 10:14:07,2684.45,157700
2021-06-18 10:14:08,2684.45,157700
2021-06-18 10:14:09,2684.45,157700
2021-06-18 10:14:10,2684.45,157700
2021-06-18 10:14:11,2684.85,157734
2021-06-18 10:14:12,2684.8,157784
2021-06-18 10:14:13,2684.45,157789
2021-06-18 10:14:14,2684.45,157789
2021-06-18 10:14:15,2684.45,157789
2021-06-18 10:14:16,2684.45,157789
2021-06-18 10:14:17,2683.9,157790
2021-06-18 10:14:18,2683.9,157790
2021-06-18 10:14:19,2683.9,157790
2021-06-18 10:14:20,2683.9,157790
2021-06-18 10:14:22,2683.9,157790
2021-06-18 10:14:21,2683.9,157790
2021-06-18 10:14:23,2683.9,157790
2021-06-18 10:14:24,2683.9,157790
2021-06-18 10:14:25,2683.9,157821
2021-06-18 10:14:28,2683.9,157821
2021-06-18 10:14:30,2685.0,157932
2021-06-18 10:14:30,2685.0,157932
2021-06-18 10:14:31,2685.0,157932
2021-06-18 10:14:32,2685.0,157932
2021-06-18 10:14:33,2685.0,157932
2021-06-18 10:14:34,2685.0,157933
2021-06-18 10:14:35,2685.0,157935
2021-06-18 10:14:36,2685.0,157935
2021-06-18 10:14:38,2685.0,157936
2021-06-18 10:14:38,2685.0,157936
2021-06-18 10:14:39,2684.75,157974
2021-06-18 10:14:40,2684.75,157974
2021-06-18 10:14:41,2684.75,157974
2021-06-18 10:14:42,2684.85,157976
2021-06-18 10:14:43,2683.9,157978
2021-06-18 10:14:44,2683.9,157978
2021-06-18 10:14:45,2683.9,157978
2021-06-18 10:14:47,2683.9,157978
2021-06-18 10:14:47,2683.9,157978
2021-06-18 10:14:48,2684.4,157979
2021-06-18 10:14:49,2684.4,157979
2021-06-18 10:14:50,2684.4,157979
2021-06-18 10:14:51,2683.65,157980
2021-06-18 10:14:54,2683.65,157996
2021-06-18 10:14:55,2684.0,157997
2021-06-18 10:14:56,2684.0,157997
2021-06-18 10:14:57,2684.0,157997
2021-06-18 10:14:58,2684.0,157997
2021-06-18 10:14:59,2684.0,157997
2021-06-18 10:15:00,2682.85,157999
2021-06-18 10:15:01,2684.4,158029
2021-06-18 10:15:02,2684.4,158029
2021-06-18 10:15:03,2684.35,158034
2021-06-18 10:15:04,2684.35,158034
2021-06-18 10:15:05,2683.1,158036
2021-06-18 10:15:06,2683.1,158036
2021-06-18 10:15:07,2683.1,158036
2021-06-18 10:15:08,2683.1,158036
2021-06-18 10:15:09,2683.1,158036
2021-06-18 10:15:10,2684.05,158048
2021-06-18 10:15:11,2684.35,158053
2021-06-18 10:15:12,2684.35,158053
2021-06-18 10:15:13,2684.4,158058
2021-06-18 10:15:14,2684.0,158059
2021-06-18 10:15:15,2684.0,158059
2021-06-18 10:15:17,2684.0,158059
2021-06-18 10:15:17,2684.0,158059
2021-06-18 10:15:18,2684.0,158059
2021-06-18 10:15:19,2684.0,158059
2021-06-18 10:15:20,2684.0,158059
2021-06-18 10:15:23,2682.55,158089
