timestamp,ltp,volume
2021-06-18 09:16:31,992.5,93100
2021-06-18 09:16:32,992.3,93343
2021-06-18 09:16:34,992.2,95017
2021-06-18 09:16:35,992.55,95151
2021-06-18 09:16:36,993.0,96564
2021-06-18 09:16:38,993.5,99812
2021-06-18 09:16:39,993.0,99973
2021-06-18 09:16:40,992.5,100972
2021-06-18 09:16:40,993.15,101091
2021-06-18 09:16:42,992.5,101791
2021-06-18 09:16:43,992.3,102470
2021-06-18 09:16:44,992.65,103814
2021-06-18 09:16:45,992.65,104377
2021-06-18 09:16:46,992.6,104731
2021-06-18 09:16:47,993.0,105080
2021-06-18 09:16:47,993.0,105217
2021-06-18 09:16:48,993.0,105358
2021-06-18 09:16:50,992.85,105393
2021-06-18 09:16:51,993.0,105701
2021-06-18 09:16:52,993.35,105871
2021-06-18 09:16:53,992.85,107540
2021-06-18 09:16:55,992.95,108460
2021-06-18 09:16:56,992.45,109115
2021-06-18 09:16:58,992.45,109563
2021-06-18 09:16:59,993.0,110129
2021-06-18 09:17:00,992.65,110967
2021-06-18 09:17:01,993.1,112050
2021-06-18 09:17:02,993.25,112561
2021-06-18 09:17:03,993.25,112805
2021-06-18 09:17:04,993.0,113142
2021-06-18 09:17:05,993.55,113947
2021-06-18 09:17:06,993.6,114544
2021-06-18 09:17:07,993.1,115224
2021-06-18 09:17:09,993.1,116035
2021-06-18 09:17:10,993.6,116652
2021-06-18 09:17:11,993.2,117308
2021-06-18 09:17:12,993.3,118123
2021-06-18 09:17:13,993.45,118300
2021-06-18 09:17:14,993.9,121677
2021-06-18 09:17:15,993.95,122333
2021-06-18 09:17:16,994.25,123076
2021-06-18 09:17:17,994.3,123218
2021-06-18 09:17:17,994.3,123238
2021-06-18 09:17:19,994.0,123488
2021-06-18 09:17:20,994.3,123763
2021-06-18 09:17:21,993.95,125587
2021-06-18 09:17:22,994.2,125767
2021-06-18 09:17:23,994.7,126450
2021-06-18 09:17:24,994.15,127602
2021-06-18 09:17:24,994.2,127714
2021-06-18 09:17:26,994.2,128197
2021-06-18 09:17:27,994.35,128243
2021-06-18 09:17:28,994.35,128882
2021-06-18 09:17:29,994.1,129133
2021-06-18 09:17:30,994.2,129435
2021-06-18 09:17:31,994.0,130051
2021-06-18 09:17:33,994.05,131061
2021-06-18 09:17:34,994.6,132382
2021-06-18 09:17:35,994.2,133696
2021-06-18 09:17:36,994.1,133969
2021-06-18 09:17:37,994.05,134587
2021-06-18 09:17:38,994.5,134648
2021-06-18 09:17:39,994.0,135177
2021-06-18 09:17:39,994.3,135187
2021-06-18 09:17:41,994.25,135743
2021-06-18 09:17:42,994.1,136075
2021-06-18 09:17:43,994.2,136605
2021-06-18 09:17:44,994.15,136840
2021-06-18 09:17:44,994.2,136862
2021-06-18 09:17:46,994.2,137822
2021-06-18 09:17:47,994.1,138543
2021-06-18 09:17:48,994.05,138848
2021-06-18 09:17:49,994.05,141725
2021-06-18 09:17:49,994.05,141725
2021-06-18 09:17:51,993.9,142164
2021-06-18 09:17:52,994.2,143238
2021-06-18 09:17:53,994.15,143653
2021-06-18 09:17:54,994.0,143886
2021-06-18 09:17:55,994.4,144314
2021-06-18 09:17:56,994.05,144368
2021-06-18 09:17:57,994.55,144650
2021-06-18 09:17:58,994.1,145186
2021-06-18 09:17:58,994.0,145216
2021-06-18 09:17:59,994.4,145585
2021-06-18 09:18:00,994.35,146130
2021-06-18 09:18:01,994.35,146235
2021-06-18 09:18:04,994.35,146502
2021-06-18 09:18:05,994.15,147647
2021-06-18 09:18:06,994.35,148393
2021-06-18 09:18:07,994.1,148563
2021-06-18 09:18:08,994.3,151948
2021-06-18 09:18:08,994.6,151688
2021-06-18 09:18:09,994.2,152017
2021-06-18 09:18:10,994.0,152071
2021-06-18 09:18:11,994.1,153317
2021-06-18 09:18:13,994.0,153429
2021-06-18 09:18:14,994.0,153640
2021-06-18 09:18:15,994.4,153921
2021-06-18 09:18:16,994.0,154276
2021-06-18 09:18:17,993.75,154848
2021-06-18 09:18:18,994.5,156019
2021-06-18 09:18:19,993.85,156039
2021-06-18 09:18:20,994.3,156052
2021-06-18 09:18:21,993.75,156522
2021-06-18 09:18:22,993.8,156663
2021-06-18 09:18:23,994.1,157336
2021-06-18 09:18:24,994.4,157598
2021-06-18 09:18:25,994.35,157750
2021-06-18 09:18:26,994.05,157752
2021-06-18 09:18:27,994.2,157953
2021-06-18 09:18:28,994.7,159970
2021-06-18 09:18:29,994.6,160981
2021-06-18 09:18:30,994.75,161342
2021-06-18 09:18:31,994.7,161685
2021-06-18 09:18:32,994.45,162395
2021-06-18 09:18:34,994.45,164056
2021-06-18 09:18:35,994.25,164393
2021-06-18 09:18:36,994.2,164554
2021-06-18 09:18:37,994.2,164585
2021-06-18 09:18:38,994.0,164665
2021-06-18 09:18:39,994.0,164913
2021-06-18 09:18:40,994.25,165751
2021-06-18 09:18:41,994.0,166208
2021-06-18 09:18:42,994.25,166666
2021-06-18 09:18:43,994.2,166824
2021-06-18 09:18:44,994.1,166863
2021-06-18 09:18:45,994.1,167328
2021-06-18 09:18:46,994.4,167829
2021-06-18 09:18:47,994.25,167875
2021-06-18 09:18:48,994.25,168452
2021-06-18 09:18:49,994.65,169466
2021-06-18 09:18:50,994.1,169693
2021-06-18 09:18:51,994.45,169890
2021-06-18 09:18:52,994.45,170524
2021-06-18 09:18:53,994.45,170766
2021-06-18 09:18:55,994.5,171218
2021-06-18 09:18:54,994.5,171153
2021-06-18 09:18:56,994.7,171680
2021-06-18 09:18:57,994.7,172599
2021-06-18 09:18:58,994.9,181839
2021-06-18 09:18:59,994.7,182646
2021-06-18 09:19:00,994.7,183393
2021-06-18 09:19:01,994.7,183680
2021-06-18 09:19:02,994.7,183960
2021-06-18 09:19:03,994.85,184992
2021-06-18 09:19:04,994.75,185460
2021-06-18 09:19:05,994.9,185562
2021-06-18 09:19:06,994.75,185621
2021-06-18 09:19:08,994.55,188191
2021-06-18 09:19:09,994.55,188212
2021-06-18 09:19:10,994.55,188303
2021-06-18 09:19:11,995.05,199389
2021-06-18 09:19:12,995.0,199611
2021-06-18 09:19:13,995.0,200391
2021-06-18 09:19:14,994.95,201124
2021-06-18 09:19:15,994.8,201507
2021-06-18 09:19:16,995.4,202366
2021-06-18 09:19:17,995.0,203108
2021-06-18 09:19:18,994.65,204350
2021-06-18 09:19:19,995.35,204688
2021-06-18 09:19:20,995.25,204698
2021-06-18 09:19:21,995.25,204722
2021-06-18 09:19:22,995.0,204756
2021-06-18 09:19:23,995.7,206614
2021-06-18 09:19:24,995.7,206641
2021-06-18 09:19:25,995.2,206790
2021-06-18 09:19:26,995.2,207275
2021-06-18 09:19:27,995.7,207521
2021-06-18 09:19:28,995.35,207769
2021-06-18 09:19:29,995.0,207892
2021-06-18 09:19:30,995.2,208113
2021-06-18 09:19:31,994.7,208937
2021-06-18 09:19:32,995.0,209049
2021-06-18 09:19:34,995.3,209258
2021-06-18 09:19:35,995.55,209449
2021-06-18 09:19:37,995.65,209716
2021-06-18 09:19:38,995.65,210654
2021-06-18 09:19:39,995.8,211121
2021-06-18 09:19:40,995.65,211199
2021-06-18 09:19:41,995.65,212504
2021-06-18 09:19:42,995.3,212704
2021-06-18 09:19:43,995.55,212935
2021-06-18 09:19:44,994.75,213425
2021-06-18 09:19:45,994.85,215315
2021-06-18 09:19:46,994.85,215375
2021-06-18 09:19:47,995.45,215413
2021-06-18 09:19:49,995.7,216179
2021-06-18 09:19:50,995.1,216456
2021-06-18 09:19:51,995.45,220308
2021-06-18 09:19:52,995.05,221897
2021-06-18 09:19:53,995.65,222276
2021-06-18 09:19:54,995.65,222583
2021-06-18 09:19:55,995.0,222601
2021-06-18 09:19:56,995.0,222617
2021-06-18 09:19:57,995.1,222843
2021-06-18 09:19:58,995.15,222877
2021-06-18 09:19:59,995.15,222982
2021-06-18 09:20:00,995.45,224246
2021-06-18 09:20:01,995.0,224548
2021-06-18 09:20:02,995.0,225294
2021-06-18 09:20:03,994.85,227514
2021-06-18 09:20:05,994.85,227649
2021-06-18 09:20:06,994.7,227905
2021-06-18 09:20:07,994.4,228295
2021-06-18 09:20:08,994.45,228576
2021-06-18 09:20:09,995.0,229478
2021-06-18 09:20:10,994.55,229632
2021-06-18 09:20:11,994.9,230935
2021-06-18 09:20:12,994.45,230981
2021-06-18 09:20:13,994.85,231640
2021-06-18 09:20:14,994.9,232276
2021-06-18 09:20:15,994.15,232423
2021-06-18 09:20:16,994.15,232423
2021-06-18 09:20:17,994.4,232787
2021-06-18 09:20:18,994.95,233699
2021-06-18 09:20:19,994.25,234956
2021-06-18 09:20:20,994.75,235062
2021-06-18 09:20:21,994.4,236210
2021-06-18 09:20:23,994.35,236674
2021-06-18 09:20:23,994.35,236674
2021-06-18 09:20:24,994.9,236711
2021-06-18 09:20:25,994.65,236814
2021-06-18 09:20:26,994.5,238251
2021-06-18 09:20:27,994.5,238373
2021-06-18 09:20:28,995.0,238838
2021-06-18 09:20:29,994.5,239286
2021-06-18 09:20:31,994.25,240382
2021-06-18 09:20:31,994.5,240392
2021-06-18 09:20:32,994.3,240727
2021-06-18 09:20:33,994.25,243452
2021-06-18 09:20:34,994.25,245152
2021-06-18 09:20:36,994.5,245436
2021-06-18 09:20:37,994.15,245565
2021-06-18 09:20:38,994.25,248671
2021-06-18 09:20:38,994.25,249199
2021-06-18 09:20:39,993.9,249549
2021-06-18 09:20:40,993.75,249706
2021-06-18 09:20:41,994.1,250277
2021-06-18 09:20:42,994.15,250353
2021-06-18 09:20:43,994.6,251650
2021-06-18 09:20:44,994.2,251946
2021-06-18 09:20:46,994.1,252672
2021-06-18 09:20:46,994.1,252672
2021-06-18 09:20:47,994.15,253121
2021-06-18 09:20:48,993.65,253710
2021-06-18 09:20:49,994.0,254081
2021-06-18 09:20:50,994.15,254622
2021-06-18 09:20:51,993.5,255085
2021-06-18 09:20:53,993.15,256554
2021-06-18 09:20:53,993.15,256554
2021-06-18 09:20:54,993.85,256727
2021-06-18 09:20:55,993.95,257111
2021-06-18 09:20:56,993.25,257303
2021-06-18 09:20:58,993.4,257475
2021-06-18 09:20:58,993.4,258194
2021-06-18 09:20:59,993.75,258521
2021-06-18 09:21:00,993.3,258718
2021-06-18 09:21:01,993.3,258764
2021-06-18 09:21:03,993.3,261884
2021-06-18 09:21:03,993.2,261974
2021-06-18 09:21:04,993.2,262873
2021-06-18 09:21:05,993.65,263288
2021-06-18 09:21:06,993.2,263347
2021-06-18 09:21:08,993.2,263353
2021-06-18 09:21:08,993.2,263353
2021-06-18 09:21:09,993.0,263661
2021-06-18 09:21:10,992.65,268668
2021-06-18 09:21:11,992.6,269154
2021-06-18 09:21:12,992.85,269527
2021-06-18 09:21:14,992.15,269757
2021-06-18 09:21:14,992.15,269757
2021-06-18 09:21:15,992.6,269900
2021-06-18 09:21:16,992.15,270073
2021-06-18 09:21:17,992.15,270646
2021-06-18 09:21:18,992.2,270769
2021-06-18 09:21:19,992.2,271195
2021-06-18 09:21:20,992.45,271525
2021-06-18 09:21:22,992.15,273060
2021-06-18 09:21:23,992.05,273090
2021-06-18 09:21:24,992.2,274576
2021-06-18 09:21:25,991.6,276294
2021-06-18 09:21:28,992.0,277382
2021-06-18 09:21:28,991.4,277327
2021-06-18 09:21:29,991.65,277745
2021-06-18 09:21:30,991.5,278967
2021-06-18 09:21:31,991.5,279091
2021-06-18 09:21:33,991.3,279386
2021-06-18 09:21:33,991.8,279291
2021-06-18 09:21:34,991.4,279488
2021-06-18 09:21:35,992.05,280503
2021-06-18 09:21:36,991.85,280571
2021-06-18 09:21:37,992.2,281551
2021-06-18 09:21:38,992.0,281698
2021-06-18 09:21:40,992.0,281838
2021-06-18 09:21:40,991.95,281846
2021-06-18 09:21:41,992.4,281991
2021-06-18 09:21:42,992.0,282133
2021-06-18 09:21:43,992.45,282480
2021-06-18 09:21:44,991.95,283158
2021-06-18 09:21:45,992.5,283311
2021-06-18 09:21:47,992.05,283493
2021-06-18 09:21:47,992.5,283483
2021-06-18 09:21:48,992.2,283728
2021-06-18 09:21:49,991.85,284059
2021-06-18 09:21:50,991.7,285105
2021-06-18 09:21:51,991.65,285395
2021-06-18 09:21:53,992.15,286709
2021-06-18 09:21:54,991.7,287074
2021-06-18 09:21:55,992.0,287274
2021-06-18 09:21:56,991.85,287305
2021-06-18 09:21:57,992.3,287560
2021-06-18 09:21:58,992.0,287786
2021-06-18 09:21:59,992.0,287926
2021-06-18 09:22:02,992.35,289350
2021-06-18 09:22:02,992.35,289352
2021-06-18 09:22:03,992.35,289740
2021-06-18 09:22:04,992.35,290506
2021-06-18 09:22:05,992.4,290674
2021-06-18 09:22:07,992.4,290895
2021-06-18 09:22:08,992.4,290906
2021-06-18 09:22:09,992.5,291254
2021-06-18 09:22:09,992.5,291254
2021-06-18 09:22:10,992.5,291490
2021-06-18 09:22:11,993.0,292029
2021-06-18 09:22:12,992.35,292224
2021-06-18 09:22:13,992.35,292299
2021-06-18 09:22:14,992.9,292404
2021-06-18 09:22:16,992.0,295171
2021-06-18 09:22:17,991.9,295454
2021-06-18 09:22:17,991.9,295292
2021-06-18 09:22:18,992.2,295729
2021-06-18 09:22:19,991.65,295767
2021-06-18 09:22:20,991.8,296174
2021-06-18 09:22:22,992.2,296200
2021-06-18 09:22:23,991.8,296253
2021-06-18 09:22:24,991.8,296868
2021-06-18 09:22:25,991.7,299311
2021-06-18 09:22:26,991.65,299606
2021-06-18 09:22:27,991.7,299848
2021-06-18 09:22:29,991.75,300201
2021-06-18 09:22:29,991.75,300201
2021-06-18 09:22:30,992.15,300356
2021-06-18 09:22:31,992.15,300691
2021-06-18 09:22:32,992.2,300914
2021-06-18 09:22:33,992.15,300999
2021-06-18 09:22:35,992.35,301287
2021-06-18 09:22:35,992.85,301348
2021-06-18 09:22:36,992.45,301453
2021-06-18 09:22:37,992.4,301556
2021-06-18 09:22:38,992.9,302633
2021-06-18 09:22:39,993.0,303375
2021-06-18 09:22:40,993.0,303543
2021-06-18 09:22:41,992.9,303891
2021-06-18 09:22:43,992.9,304296
2021-06-18 09:22:44,992.9,304296
2021-06-18 09:22:44,992.9,304326
2021-06-18 09:22:45,993.0,304381
2021-06-18 09:22:46,992.9,304406
2021-06-18 09:22:48,992.8,304496
2021-06-18 09:22:49,992.8,304737
2021-06-18 09:22:49,992.8,304752
2021-06-18 09:22:50,992.75,304849
2021-06-18 09:22:51,992.95,305010
2021-06-18 09:22:52,992.8,305035
2021-06-18 09:22:53,992.7,305280
2021-06-18 09:22:54,992.85,305334
2021-06-18 09:22:55,992.85,305402
2021-06-18 09:22:56,992.65,305606
2021-06-18 09:22:57,992.3,305796
2021-06-18 09:22:58,992.35,305819
2021-06-18 09:22:59,992.8,305878
2021-06-18 09:23:00,992.9,306018
2021-06-18 09:23:01,993.0,306195
2021-06-18 09:23:02,992.9,306697
2021-06-18 09:23:03,993.0,307026
2021-06-18 09:23:04,992.95,307046
2021-06-18 09:23:05,993.0,307426
2021-06-18 09:23:06,993.05,312919
2021-06-18 09:23:07,993.1,313259
2021-06-18 09:23:08,993.65,314088
2021-06-18 09:23:09,993.8,314302
2021-06-18 09:23:10,993.9,314352
2021-06-18 09:23:11,993.9,314391
2021-06-18 09:23:12,994.0,314731
2021-06-18 09:23:13,994.0,314891
2021-06-18 09:23:14,993.9,315217
2021-06-18 09:23:15,993.9,315450
2021-06-18 09:23:16,993.4,316654
2021-06-18 09:23:17,993.9,316727
2021-06-18 09:23:20,993.4,317211
2021-06-18 09:23:21,993.45,317280
2021-06-18 09:23:24,993.4,317939
2021-06-18 09:23:25,993.8,318109
2021-06-18 09:23:26,994.0,318741
2021-06-18 09:23:27,993.9,319989
2021-06-18 09:23:28,993.85,321358
2021-06-18 09:23:29,993.0,322220
2021-06-18 09:23:30,993.05,322379
2021-06-18 09:23:31,993.65,322699
2021-06-18 09:23:32,993.4,322751
2021-06-18 09:23:33,993.15,322753
2021-06-18 09:23:34,993.4,322821
2021-06-18 09:23:35,993.95,323143
2021-06-18 09:23:36,993.4,323178
2021-06-18 09:23:37,993.45,323249
2021-06-18 09:23:38,993.55,323343
2021-06-18 09:23:39,993.9,323478
2021-06-18 09:23:40,993.55,323482
2021-06-18 09:23:41,993.55,323528
2021-06-18 09:23:42,994.0,325255
2021-06-18 09:23:43,994.0,325558
2021-06-18 09:23:44,994.2,325629
2021-06-18 09:23:45,994.1,326402
2021-06-18 09:23:46,994.4,326879
2021-06-18 09:23:47,994.5,327058
2021-06-18 09:23:48,994.85,327388
2021-06-18 09:23:49,994.5,327830
2021-06-18 09:23:50,994.75,327918
2021-06-18 09:23:51,994.5,329178
2021-06-18 09:23:52,994.5,329426
2021-06-18 09:23:53,994.9,329597
2021-06-18 09:23:54,994.5,329660
2021-06-18 09:23:55,994.5,329755
2021-06-18 09:23:56,994.5,330362
2021-06-18 09:23:57,994.35,330391
2021-06-18 09:23:58,994.35,330591
2021-06-18 09:23:59,994.25,330623
2021-06-18 09:24:00,994.5,331199
2021-06-18 09:24:01,994.5,331459
2021-06-18 09:24:02,994.75,331829
2021-06-18 09:24:03,994.35,331856
2021-06-18 09:24:04,994.6,332234
2021-06-18 09:24:05,994.55,332522
2021-06-18 09:24:06,994.05,332760
2021-06-18 09:24:07,994.65,332868
2021-06-18 09:24:08,994.5,333297
2021-06-18 09:24:09,994.35,333374
2021-06-18 09:24:10,994.05,333618
2021-06-18 09:24:11,994.25,333717
2021-06-18 09:24:12,994.0,333745
2021-06-18 09:24:13,994.6,334997
2021-06-18 09:24:14,994.7,335214
2021-06-18 09:24:15,994.7,335353
2021-06-18 09:24:16,994.7,336389
2021-06-18 09:24:17,994.45,336456
2021-06-18 09:24:18,994.25,336524
2021-06-18 09:24:19,994.5,336550
2021-06-18 09:24:20,994.5,336587
2021-06-18 09:24:21,994.5,336614
2021-06-18 09:24:21,994.5,336668
2021-06-18 09:24:22,994.25,336714
2021-06-18 09:24:23,994.7,337070
2021-06-18 09:24:25,995.2,359168
2021-06-18 09:24:26,995.15,359493
2021-06-18 09:24:27,995.25,359864
2021-06-18 09:24:28,995.5,359914
2021-06-18 09:24:29,995.8,361225
2021-06-18 09:24:30,995.35,361307
2021-06-18 09:24:31,995.8,361605
2021-06-18 09:24:32,995.8,362399
2021-06-18 09:24:33,995.85,363209
2021-06-18 09:24:34,995.2,363509
2021-06-18 09:24:35,996.0,364075
2021-06-18 09:24:36,996.0,365062
2021-06-18 09:24:37,996.0,365188
2021-06-18 09:24:38,995.55,365298
2021-06-18 09:24:39,995.5,365622
2021-06-18 09:24:40,995.5,365762
2021-06-18 09:24:41,995.95,366612
2021-06-18 09:24:42,995.8,366735
2021-06-18 09:24:43,996.0,367174
2021-06-18 09:24:44,996.0,367540
2021-06-18 09:24:45,995.95,367950
2021-06-18 09:24:46,995.9,369085
2021-06-18 09:24:47,995.45,369258
2021-06-18 09:24:48,995.95,369681
2021-06-18 09:24:49,995.95,369804
2021-06-18 09:24:50,995.85,370493
2021-06-18 09:24:51,995.95,371241
2021-06-18 09:24:53,995.9,371351
2021-06-18 09:24:54,995.9,371756
2021-06-18 09:24:55,996.35,380591
2021-06-18 09:24:56,995.9,380759
2021-06-18 09:24:57,996.05,381049
2021-06-18 09:24:58,996.4,382139
2021-06-18 09:24:59,996.05,382345
2021-06-18 09:25:00,996.5,383271
2021-06-18 09:25:01,996.05,383748
2021-06-18 09:25:02,996.6,383869
2021-06-18 09:25:03,996.65,385096
2021-06-18 09:25:04,996.15,385767
2021-06-18 09:25:05,996.7,386372
2021-06-18 09:25:06,996.7,386568
2021-06-18 09:25:07,996.7,387185
2021-06-18 09:25:08,996.2,387963
2021-06-18 09:25:09,996.7,388315
2021-06-18 09:25:10,996.25,388937
2021-06-18 09:25:11,996.3,389915
2021-06-18 09:25:12,996.7,390206
2021-06-18 09:25:13,996.7,390208
2021-06-18 09:25:14,996.25,390691
2021-06-18 09:25:15,996.65,390794
2021-06-18 09:25:16,996.35,390942
2021-06-18 09:25:17,996.7,391128
2021-06-18 09:25:18,996.3,391542
2021-06-18 09:25:19,996.7,391945
2021-06-18 09:25:21,996.35,392245
2021-06-18 09:25:22,996.65,392895
2021-06-18 09:25:23,996.65,394575
2021-06-18 09:25:24,996.2,394839
2021-06-18 09:25:25,996.6,395011
2021-06-18 09:25:26,996.5,395154
2021-06-18 09:25:27,996.35,395883
2021-06-18 09:25:28,996.5,396327
2021-06-18 09:25:29,996.35,396862
2021-06-18 09:25:30,996.2,397355
2021-06-18 09:25:31,996.2,397618
2021-06-18 09:25:32,996.3,398309
2021-06-18 09:25:33,996.5,398997
2021-06-18 09:25:34,996.7,399686
2021-06-18 09:25:35,996.65,400118
2021-06-18 09:25:36,996.7,400520
2021-06-18 09:25:37,996.65,402842
2021-06-18 09:25:38,996.6,403060
2021-06-18 09:25:39,996.6,403979
2021-06-18 09:25:40,996.5,404366
2021-06-18 09:25:41,996.7,404980
2021-06-18 09:25:42,996.4,405193
2021-06-18 09:25:43,996.25,406523
2021-06-18 09:25:44,996.65,406783
2021-06-18 09:25:45,996.65,407371
2021-06-18 09:25:46,996.2,407756
2021-06-18 09:25:47,996.35,407879
2021-06-18 09:25:48,996.4,407981
2021-06-18 09:25:49,996.5,408014
2021-06-18 09:25:50,996.35,408312
2021-06-18 09:25:51,996.5,408741
2021-06-18 09:25:52,996.25,408876
2021-06-18 09:25:53,996.2,409726
2021-06-18 09:25:54,996.5,409727
2021-06-18 09:25:55,996.2,409897
2021-06-18 09:25:56,996.2,411159
2021-06-18 09:25:57,996.05,411900
2021-06-18 09:25:58,996.0,412439
2021-06-18 09:25:59,996.25,412495
2021-06-18 09:26:00,996.45,413573
2021-06-18 09:26:01,996.5,413703
2021-06-18 09:26:02,996.05,413849
2021-06-18 09:26:03,996.5,414230
2021-06-18 09:26:04,996.0,414426
2021-06-18 09:26:05,996.05,414589
2021-06-18 09:26:06,996.05,416053
2021-06-18 09:26:07,996.5,416124
2021-06-18 09:26:08,996.55,416618
2021-06-18 09:26:09,996.45,416855
2021-06-18 09:26:10,996.5,416968
2021-06-18 09:26:11,996.05,417044
2021-06-18 09:26:12,996.15,417095
2021-06-18 09:26:13,996.6,418953
2021-06-18 09:26:14,996.5,419197
2021-06-18 09:26:15,996.45,419633
2021-06-18 09:26:16,996.35,419708
2021-06-18 09:26:17,996.1,421403
2021-06-18 09:26:18,996.4,421954
2021-06-18 09:26:19,996.15,422270
2021-06-18 09:26:19,996.45,422370
2021-06-18 09:26:20,996.4,423006
2021-06-18 09:26:21,996.35,425014
2021-06-18 09:26:22,996.4,425749
2021-06-18 09:26:23,996.5,425985
2021-06-18 09:26:24,996.3,426399
2021-06-18 09:26:25,996.4,427052
2021-06-18 09:26:26,996.0,428037
2021-06-18 09:26:27,996.05,428258
2021-06-18 09:26:28,996.2,428328
2021-06-18 09:26:29,996.2,428338
2021-06-18 09:26:30,996.0,428389
2021-06-18 09:26:32,996.0,428562
2021-06-18 09:26:33,996.2,428770
2021-06-18 09:26:34,996.25,429486
2021-06-18 09:26:35,996.15,429639
2021-06-18 09:26:36,996.2,429761
2021-06-18 09:26:37,996.2,429966
2021-06-18 09:26:38,996.15,431455
2021-06-18 09:26:39,996.25,431607
2021-06-18 09:26:40,996.25,432236
2021-06-18 09:26:41,996.15,432471
2021-06-18 09:26:42,996.4,433227
2021-06-18 09:26:43,996.3,433237
2021-06-18 09:26:44,996.25,433385
2021-06-18 09:26:45,996.5,433585
2021-06-18 09:26:46,996.25,433893
2021-06-18 09:26:47,996.4,434004
2021-06-18 09:26:48,996.5,437173
2021-06-18 09:26:49,996.15,437507
2021-06-18 09:26:49,996.15,437507
2021-06-18 09:26:50,996.4,438009
2021-06-18 09:26:51,996.15,439051
2021-06-18 09:26:52,996.15,439355
2021-06-18 09:26:54,996.3,439485
2021-06-18 09:26:55,996.15,439810
2021-06-18 09:26:56,996.5,440038
2021-06-18 09:26:57,996.5,440180
2021-06-18 09:26:58,996.5,441243
2021-06-18 09:26:59,996.3,441572
2021-06-18 09:27:00,996.35,441670
2021-06-18 09:27:01,996.35,441781
2021-06-18 09:27:02,996.4,441806
2021-06-18 09:27:03,996.4,442235
2021-06-18 09:27:04,996.4,442260
2021-06-18 09:27:05,996.3,442403
2021-06-18 09:27:06,996.4,442414
2021-06-18 09:27:07,996.3,442575
2021-06-18 09:27:08,996.15,442800
2021-06-18 09:27:09,996.2,442960
2021-06-18 09:27:10,996.2,443020
2021-06-18 09:27:11,996.2,443031
2021-06-18 09:27:12,996.3,443042
2021-06-18 09:27:13,996.05,444154
2021-06-18 09:27:14,995.8,447785
2021-06-18 09:27:15,995.25,449224
2021-06-18 09:27:16,995.4,449556
2021-06-18 09:27:17,995.35,450382
2021-06-18 09:27:18,995.3,450433
2021-06-18 09:27:19,995.3,450718
2021-06-18 09:27:20,995.4,451262
2021-06-18 09:27:21,995.0,451358
2021-06-18 09:27:22,995.35,451419
2021-06-18 09:27:23,995.0,451470
2021-06-18 09:27:24,995.3,451723
2021-06-18 09:27:25,995.4,451979
2021-06-18 09:27:26,995.05,452148
2021-06-18 09:27:27,995.05,452156
2021-06-18 09:27:28,995.3,452431
2021-06-18 09:27:29,995.3,452653
2021-06-18 09:27:30,995.3,453133
2021-06-18 09:27:31,995.3,453143
2021-06-18 09:27:32,995.3,453148
2021-06-18 09:27:33,995.05,453209
2021-06-18 09:27:34,995.05,453364
2021-06-18 09:27:35,995.3,453778
2021-06-18 09:27:36,995.3,454056
2021-06-18 09:27:37,995.3,454183
2021-06-18 09:27:38,995.1,454187
2021-06-18 09:27:39,995.3,454199
2021-06-18 09:27:40,995.1,454399
2021-06-18 09:27:41,995.1,454436
2021-06-18 09:27:42,995.1,454511
2021-06-18 09:27:43,995.05,454677
2021-06-18 09:27:44,995.05,454751
2021-06-18 09:27:45,995.05,454837
2021-06-18 09:27:46,995.1,454948
2021-06-18 09:27:47,995.1,455431
2021-06-18 09:27:48,995.05,455596
2021-06-18 09:27:48,995.05,455596
2021-06-18 09:27:50,995.0,455937
2021-06-18 09:27:51,995.15,455967
2021-06-18 09:27:52,995.0,456060
2021-06-18 09:27:53,995.0,456061
2021-06-18 09:27:53,995.05,456186
2021-06-18 09:27:55,995.0,459215
2021-06-18 09:27:57,995.0,459450
2021-06-18 09:27:58,995.0,459450
2021-06-18 09:28:01,995.15,460025
2021-06-18 09:28:02,995.1,460055
2021-06-18 09:28:03,994.8,460120
2021-06-18 09:28:04,994.8,460242
2021-06-18 09:28:05,994.8,460337
2021-06-18 09:28:06,994.8,460592
2021-06-18 09:28:06,994.8,460592
2021-06-18 09:28:08,994.25,461876
2021-06-18 09:28:09,994.6,461932
2021-06-18 09:28:10,994.05,461977
2021-06-18 09:28:11,994.45,461982
2021-06-18 09:28:12,994.45,462084
2021-06-18 09:28:13,994.45,462591
2021-06-18 09:28:14,994.7,462900
2021-06-18 09:28:15,994.25,463000
2021-06-18 09:28:16,994.7,463082
2021-06-18 09:28:17,994.8,463134
2021-06-18 09:28:18,994.5,463194
2021-06-18 09:28:19,994.8,463202
2021-06-18 09:28:20,994.45,463745
2021-06-18 09:28:21,994.8,464053
2021-06-18 09:28:22,994.5,464251
2021-06-18 09:28:23,994.9,465681
2021-06-18 09:28:25,994.45,465982
2021-06-18 09:28:27,994.8,466706
2021-06-18 09:28:29,994.7,468366
2021-06-18 09:28:30,995.0,468532
2021-06-18 09:28:31,994.6,468900
2021-06-18 09:28:31,994.6,468900
2021-06-18 09:28:32,994.6,469067
2021-06-18 09:28:34,994.95,469083
2021-06-18 09:28:35,995.0,469194
2021-06-18 09:28:36,994.8,469208
2021-06-18 09:28:37,994.6,469291
2021-06-18 09:28:38,994.9,469526
2021-06-18 09:28:39,995.0,469537
2021-06-18 09:28:40,995.0,469537
2021-06-18 09:28:41,995.0,471422
2021-06-18 09:28:42,995.0,471457
2021-06-18 09:28:43,995.2,471793
2021-06-18 09:28:44,995.2,472100
2021-06-18 09:28:45,994.75,472371
2021-06-18 09:28:45,994.7,472383
2021-06-18 09:28:47,995.0,472441
2021-06-18 09:28:48,995.0,472793
2021-06-18 09:28:49,995.0,472840
2021-06-18 09:28:50,995.0,472840
2021-06-18 09:28:51,994.6,473340
2021-06-18 09:28:52,994.7,473418
2021-06-18 09:28:53,995.0,473653
2021-06-18 09:28:54,995.0,473880
2021-06-18 09:28:55,995.0,473895
2021-06-18 09:28:56,995.0,473905
2021-06-18 09:28:57,995.1,474974
2021-06-18 09:28:58,994.8,474994
2021-06-18 09:28:59,994.8,475014
2021-06-18 09:29:00,994.95,475114
2021-06-18 09:29:01,995.0,475184
2021-06-18 09:29:01,995.0,475216
2021-06-18 09:29:02,995.0,475389
2021-06-18 09:29:04,995.0,475579
2021-06-18 09:29:05,994.7,475741
2021-06-18 09:29:07,995.0,475857
2021-06-18 09:29:08,995.3,477062
2021-06-18 09:29:09,994.75,477125
2021-06-18 09:29:10,995.0,477424
2021-06-18 09:29:11,995.0,477450
2021-06-18 09:29:12,995.0,477550
2021-06-18 09:29:13,995.0,477650
2021-06-18 09:29:14,995.5,478902
2021-06-18 09:29:15,995.5,478903
2021-06-18 09:29:16,995.0,479141
2021-06-18 09:29:17,995.0,479166
2021-06-18 09:29:18,995.15,479240
2021-06-18 09:29:19,995.0,479280
2021-06-18 09:29:20,994.5,480060
2021-06-18 09:29:21,994.8,480105
2021-06-18 09:29:22,994.75,480910
2021-06-18 09:29:23,994.75,482085
2021-06-18 09:29:24,994.7,482086
2021-06-18 09:29:25,994.95,483627
2021-06-18 09:29:26,994.55,483662
2021-06-18 09:29:27,994.8,483789
2021-06-18 09:29:28,994.9,484606
2021-06-18 09:29:29,994.5,484735
2021-06-18 09:29:30,994.9,484910
2021-06-18 09:29:31,994.9,484910
2021-06-18 09:29:32,994.5,485994
2021-06-18 09:29:33,994.9,486094
2021-06-18 09:29:34,994.5,486299
2021-06-18 09:29:35,994.5,486606
2021-06-18 09:29:36,994.5,487141
2021-06-18 09:29:37,994.9,487334
2021-06-18 09:29:38,994.5,487388
2021-06-18 09:29:39,994.45,488158
2021-06-18 09:29:40,994.4,488165
2021-06-18 09:29:41,994.35,488181
2021-06-18 09:29:42,994.5,488183
2021-06-18 09:29:43,994.5,488283
2021-06-18 09:29:44,994.5,488393
2021-06-18 09:29:45,994.5,488944
2021-06-18 09:29:46,994.5,489030
2021-06-18 09:29:47,994.5,489051
2021-06-18 09:29:48,995.0,489277
2021-06-18 09:29:49,995.0,489277
2021-06-18 09:29:50,994.4,489618
2021-06-18 09:29:51,995.0,489790
2021-06-18 09:29:52,994.55,490292
2021-06-18 09:29:53,995.2,491016
2021-06-18 09:29:54,994.85,491151
2021-06-18 09:29:55,994.85,491206
2021-06-18 09:29:56,995.25,492245
2021-06-18 09:29:57,995.1,492565
2021-06-18 09:29:58,995.1,492580
2021-06-18 09:29:59,995.55,493201
2021-06-18 09:30:00,995.65,493601
2021-06-18 09:30:01,995.15,493641
2021-06-18 09:30:02,995.2,494089
2021-06-18 09:30:03,995.2,494149
2021-06-18 09:30:04,995.75,494238
2021-06-18 09:30:05,996.0,494789
2021-06-18 09:30:06,995.95,494802
2021-06-18 09:30:07,995.95,494827
2021-06-18 09:30:08,996.0,494938
2021-06-18 09:30:09,995.65,495049
2021-06-18 09:30:10,995.75,495169
2021-06-18 09:30:11,995.2,496034
2021-06-18 09:30:12,995.5,496104
2021-06-18 09:30:13,995.0,496115
2021-06-18 09:30:14,995.5,496692
2021-06-18 09:30:15,995.7,497796
2021-06-18 09:30:16,995.95,497967
2021-06-18 09:30:17,995.65,498106
2021-06-18 09:30:18,995.65,498139
2021-06-18 09:30:19,995.65,498189
2021-06-18 09:30:20,996.0,498346
2021-06-18 09:30:21,996.0,498446
2021-06-18 09:30:22,995.65,498524
2021-06-18 09:30:23,995.65,498945
2021-06-18 09:30:24,995.65,498969
2021-06-18 09:30:25,996.0,499499
2021-06-18 09:30:26,996.0,499499
2021-06-18 09:30:27,995.55,499515
2021-06-18 09:30:28,996.0,499692
2021-06-18 09:30:29,996.0,500072
2021-06-18 09:30:30,996.0,500522
2021-06-18 09:30:31,995.65,500869
2021-06-18 09:30:32,995.7,500887
2021-06-18 09:30:33,995.45,501318
2021-06-18 09:30:34,995.85,501348
2021-06-18 09:30:35,995.85,501349
2021-06-18 09:30:36,996.0,502456
2021-06-18 09:30:37,995.65,502571
2021-06-18 09:30:38,995.9,503642
2021-06-18 09:30:39,995.55,504146
2021-06-18 09:30:40,995.15,504171
2021-06-18 09:30:41,995.55,504202
2021-06-18 09:30:42,995.8,504403
2021-06-18 09:30:43,996.0,504506
2021-06-18 09:30:44,995.2,505103
2021-06-18 09:30:45,995.2,505103
2021-06-18 09:30:46,995.2,505228
2021-06-18 09:30:47,995.65,505377
2021-06-18 09:30:48,995.45,505580
2021-06-18 09:30:49,995.45,505580
2021-06-18 09:30:50,995.45,505580
2021-06-18 09:30:51,995.45,505615
2021-06-18 09:30:52,995.5,506133
2021-06-18 09:30:53,995.1,506649
2021-06-18 09:30:54,995.55,507311
2021-06-18 09:30:55,995.0,507920
2021-06-18 09:30:56,994.95,509573
2021-06-18 09:30:57,995.4,509583
2021-06-18 09:30:58,995.1,510169
2021-06-18 09:30:59,995.4,510330
2021-06-18 09:31:00,994.95,510335
2021-06-18 09:31:01,994.95,510526
2021-06-18 09:31:02,995.0,510826
2021-06-18 09:31:03,995.2,510827
2021-06-18 09:31:04,994.85,510835
2021-06-18 09:31:05,994.5,512127
2021-06-18 09:31:06,995.0,512339
2021-06-18 09:31:07,994.5,512341
2021-06-18 09:31:08,994.9,512369
2021-06-18 09:31:09,994.5,512378
2021-06-18 09:31:10,994.5,512378
2021-06-18 09:31:11,994.95,514447
2021-06-18 09:31:12,994.5,514452
2021-06-18 09:31:13,994.9,514995
2021-06-18 09:31:14,994.0,526480
2021-06-18 09:31:15,994.0,527038
2021-06-18 09:31:16,993.75,527502
2021-06-18 09:31:17,994.0,527602
2021-06-18 09:31:18,993.75,527609
2021-06-18 09:31:19,994.0,527622
2021-06-18 09:31:20,993.7,527772
2021-06-18 09:31:21,993.75,528049
2021-06-18 09:31:22,994.0,528161
2021-06-18 09:31:23,993.9,528278
2021-06-18 09:31:24,994.0,528441
2021-06-18 09:31:25,994.0,528491
2021-06-18 09:31:26,994.0,528653
2021-06-18 09:31:27,993.8,528778
2021-06-18 09:31:28,994.0,529279
2021-06-18 09:31:29,993.75,529402
2021-06-18 09:31:30,994.0,529540
2021-06-18 09:31:31,994.25,529777
2021-06-18 09:31:32,994.25,529993
2021-06-18 09:31:33,994.25,530025
2021-06-18 09:31:34,994.1,530282
2021-06-18 09:31:35,994.5,530333
2021-06-18 09:31:36,994.1,530344
2021-06-18 09:31:37,994.5,530444
2021-06-18 09:31:38,994.1,530502
2021-06-18 09:31:39,994.1,530522
2021-06-18 09:31:40,994.15,530542
2021-06-18 09:31:41,994.1,530561
2021-06-18 09:31:42,994.0,531684
2021-06-18 09:31:43,994.1,532084
2021-06-18 09:31:44,994.1,532086
2021-06-18 09:31:45,994.25,532487
2021-06-18 09:31:46,994.25,532508
2021-06-18 09:31:47,994.25,532618
2021-06-18 09:31:48,994.5,532653
2021-06-18 09:31:49,994.5,532760
2021-06-18 09:31:51,993.75,533487
2021-06-18 09:31:50,994.0,533433
2021-06-18 09:31:52,994.0,533585
2021-06-18 09:31:53,994.0,533660
2021-06-18 09:31:54,994.0,533866
2021-06-18 09:31:55,994.3,533958
2021-06-18 09:31:56,994.3,534331
2021-06-18 09:31:57,994.1,534366
2021-06-18 09:31:58,994.0,534976
2021-06-18 09:31:59,994.0,534991
2021-06-18 09:32:00,994.0,535031
2021-06-18 09:32:01,993.85,535499
2021-06-18 09:32:02,993.75,535529
2021-06-18 09:32:03,993.85,535544
2021-06-18 09:32:04,993.85,535904
2021-06-18 09:32:05,993.45,536197
2021-06-18 09:32:06,993.35,536300
2021-06-18 09:32:07,993.95,536804
2021-06-18 09:32:08,993.5,537484
2021-06-18 09:32:09,993.5,537616
2021-06-18 09:32:10,993.85,537621
2021-06-18 09:32:11,993.85,537898
2021-06-18 09:32:12,993.5,538133
2021-06-18 09:32:13,993.8,538154
2021-06-18 09:32:14,993.35,538367
2021-06-18 09:32:15,993.85,538468
2021-06-18 09:32:16,993.85,538470
2021-06-18 09:32:17,993.8,538544
2021-06-18 09:32:18,993.5,538596
2021-06-18 09:32:19,993.45,538646
2021-06-18 09:32:20,993.35,538757
2021-06-18 09:32:21,993.35,538760
2021-06-18 09:32:22,993.8,538896
2021-06-18 09:32:23,993.85,539386
2021-06-18 09:32:24,994.0,539453
2021-06-18 09:32:25,993.6,540880
2021-06-18 09:32:26,993.35,540975
2021-06-18 09:32:27,993.6,541025
2021-06-18 09:32:28,993.35,541026
2021-06-18 09:32:29,993.5,541041
2021-06-18 09:32:30,993.5,541069
2021-06-18 09:32:31,993.6,541569
2021-06-18 09:32:32,993.55,541621
2021-06-18 09:32:33,993.55,541656
2021-06-18 09:32:34,993.6,541716
2021-06-18 09:32:35,993.6,542376
2021-06-18 09:32:37,993.35,542431
2021-06-18 09:32:38,993.5,542444
2021-06-18 09:32:38,993.5,542444
2021-06-18 09:32:40,993.35,543695
2021-06-18 09:32:41,993.35,543832
2021-06-18 09:32:42,993.35,543847
2021-06-18 09:32:42,993.6,543862
2021-06-18 09:32:43,993.8,544605
2021-06-18 09:32:44,993.6,544748
2021-06-18 09:32:45,993.35,544855
2021-06-18 09:32:46,993.55,544974
2021-06-18 09:32:47,993.75,544984
2021-06-18 09:32:48,993.85,548186
2021-06-18 09:32:49,993.85,548264
2021-06-18 09:32:51,994.0,548288
2021-06-18 09:32:52,994.0,548288
2021-06-18 09:32:53,994.0,548288
2021-06-18 09:32:54,993.8,548513
2021-06-18 09:32:55,993.8,548656
2021-06-18 09:32:56,993.95,548857
2021-06-18 09:32:57,993.8,548887
2021-06-18 09:32:57,993.95,548922
2021-06-18 09:32:59,994.0,549453
2021-06-18 09:32:59,994.0,549463
2021-06-18 09:33:00,993.8,549801
2021-06-18 09:33:01,993.85,549837
2021-06-18 09:33:02,993.75,549861
2021-06-18 09:33:03,993.8,550529
2021-06-18 09:33:04,993.8,550581
2021-06-18 09:33:05,993.8,551002
2021-06-18 09:33:06,993.8,551002
2021-06-18 09:33:07,993.75,551073
2021-06-18 09:33:08,993.75,551098
2021-06-18 09:33:09,993.75,551117
2021-06-18 09:33:10,993.75,551117
2021-06-18 09:33:11,993.7,552066
2021-06-18 09:33:13,993.35,552282
2021-06-18 09:33:14,993.6,552372
2021-06-18 09:33:15,993.8,552882
2021-06-18 09:33:16,993.4,552917
2021-06-18 09:33:17,993.35,553517
2021-06-18 09:33:18,993.8,553518
2021-06-18 09:33:20,993.5,553704
2021-06-18 09:33:21,993.4,553717
2021-06-18 09:33:22,993.4,553748
2021-06-18 09:33:23,993.5,553825
2021-06-18 09:33:25,993.35,554257
2021-06-18 09:33:26,993.35,554257
2021-06-18 09:33:27,993.25,555374
2021-06-18 09:33:28,993.5,555923
2021-06-18 09:33:29,994.0,561001
2021-06-18 09:33:30,993.75,561191
2021-06-18 09:33:31,993.2,561413
2021-06-18 09:33:32,993.15,561448
2021-06-18 09:33:33,993.5,562262
2021-06-18 09:33:34,993.55,562508
2021-06-18 09:33:35,993.05,563431
2021-06-18 09:33:36,993.05,563455
2021-06-18 09:33:37,993.55,563639
2021-06-18 09:33:38,993.2,563656
2021-06-18 09:33:39,993.65,563910
2021-06-18 09:33:40,993.2,563920
2021-06-18 09:33:41,993.35,564074
2021-06-18 09:33:41,993.7,564079
2021-06-18 09:33:42,993.35,564366
2021-06-18 09:33:43,993.2,564486
2021-06-18 09:33:44,993.6,566674
2021-06-18 09:33:45,993.5,566750
2021-06-18 09:33:46,993.5,566760
2021-06-18 09:33:47,993.5,566869
2021-06-18 09:33:48,993.3,567155
2021-06-18 09:33:49,993.3,567262
2021-06-18 09:33:50,993.25,567589
2021-06-18 09:33:51,993.7,567648
2021-06-18 09:33:52,993.75,568048
2021-06-18 09:33:53,993.1,568699
2021-06-18 09:33:54,993.7,568779
2021-06-18 09:33:55,993.3,568964
2021-06-18 09:33:56,993.1,577848
2021-06-18 09:33:58,993.1,577879
2021-06-18 09:33:59,992.9,577973
2021-06-18 09:34:00,993.0,577985
2021-06-18 09:34:01,993.1,578075
2021-06-18 09:34:02,993.1,578125
2021-06-18 09:34:03,993.35,578374
2021-06-18 09:34:04,993.15,578709
2021-06-18 09:34:05,993.15,578782
2021-06-18 09:34:06,993.1,578814
2021-06-18 09:34:07,993.1,579020
2021-06-18 09:34:08,992.9,579050
2021-06-18 09:34:08,993.15,579116
2021-06-18 09:34:10,992.65,579235
2021-06-18 09:34:11,992.7,579265
2021-06-18 09:34:12,993.0,579323
2021-06-18 09:34:14,993.1,579407
2021-06-18 09:34:15,992.75,579409
2021-06-18 09:34:16,992.75,579624
2021-06-18 09:34:17,992.75,579660
2021-06-18 09:34:19,993.0,579791
2021-06-18 09:34:20,993.05,582426
2021-06-18 09:34:21,993.0,582550
2021-06-18 09:34:22,993.0,582790
2021-06-18 09:34:23,993.15,583026
2021-06-18 09:34:23,993.15,583026
2021-06-18 09:34:24,993.25,583079
2021-06-18 09:34:25,992.8,583620
2021-06-18 09:34:26,993.0,583650
2021-06-18 09:34:27,993.4,583994
2021-06-18 09:34:28,993.35,584511
2021-06-18 09:34:29,993.0,584536
2021-06-18 09:34:30,993.0,584646
2021-06-18 09:34:31,993.0,586418
2021-06-18 09:34:32,993.4,586532
2021-06-18 09:34:33,993.35,586632
2021-06-18 09:34:34,992.7,587301
2021-06-18 09:34:35,993.0,587543
2021-06-18 09:34:36,992.7,587664
2021-06-18 09:34:38,992.7,587664
2021-06-18 09:34:39,993.3,587862
2021-06-18 09:34:40,992.9,591117
2021-06-18 09:34:41,992.7,591134
2021-06-18 09:34:42,992.9,591343
2021-06-18 09:34:43,992.9,591357
2021-06-18 09:34:43,992.9,591357
2021-06-18 09:34:45,993.1,591637
2021-06-18 09:34:46,993.05,591652
2021-06-18 09:34:46,993.05,591652
2021-06-18 09:34:47,993.05,591915
2021-06-18 09:34:48,992.8,592015
2021-06-18 09:34:49,993.0,592077
2021-06-18 09:34:51,993.0,593958
2021-06-18 09:34:52,993.0,594263
2021-06-18 09:34:53,993.15,594275
2021-06-18 09:34:54,993.0,594855
2021-06-18 09:34:55,992.65,595111
2021-06-18 09:34:56,992.3,596505
2021-06-18 09:34:57,992.9,597537
2021-06-18 09:34:58,992.5,597557
2021-06-18 09:34:59,992.75,597569
2021-06-18 09:35:00,992.75,597569
2021-06-18 09:35:00,992.75,597569
2021-06-18 09:35:01,992.7,597628
2021-06-18 09:35:02,992.7,597670
2021-06-18 09:35:03,992.7,597911
2021-06-18 09:35:04,991.9,605182
2021-06-18 09:35:05,991.8,605745
2021-06-18 09:35:06,991.7,606130
2021-06-18 09:35:07,991.2,607576
2021-06-18 09:35:08,991.2,607613
2021-06-18 09:35:10,991.0,610436
2021-06-18 09:35:11,991.0,610475
2021-06-18 09:35:12,991.0,610522
2021-06-18 09:35:12,991.0,610522
2021-06-18 09:35:13,991.3,610786
2021-06-18 09:35:14,991.0,611065
2021-06-18 09:35:15,991.0,611109
2021-06-18 09:35:16,991.0,611254
2021-06-18 09:35:17,991.0,613096
2021-06-18 09:35:18,991.0,613261
2021-06-18 09:35:20,991.0,613261
2021-06-18 09:35:21,991.5,613696
2021-06-18 09:35:22,991.6,613732
2021-06-18 09:35:23,991.6,613751
2021-06-18 09:35:24,991.65,613801
2021-06-18 09:35:25,991.75,614640
2021-06-18 09:35:25,991.75,614640
2021-06-18 09:35:26,992.25,614758
2021-06-18 09:35:27,991.75,614793
2021-06-18 09:35:28,992.15,614869
2021-06-18 09:35:29,992.15,615096
2021-06-18 09:35:30,991.75,615561
2021-06-18 09:35:31,991.95,615617
2021-06-18 09:35:33,992.2,615853
2021-06-18 09:35:34,992.0,616145
2021-06-18 09:35:35,992.0,616267
2021-06-18 09:35:36,991.95,616562
2021-06-18 09:35:38,992.0,616803
2021-06-18 09:35:39,992.0,616898
2021-06-18 09:35:41,992.0,616945
2021-06-18 09:35:42,991.95,617034
2021-06-18 09:35:43,991.9,617045
2021-06-18 09:35:44,992.2,617830
2021-06-18 09:35:45,992.2,617922
2021-06-18 09:35:46,992.0,617987
2021-06-18 09:35:47,992.2,618130
2021-06-18 09:35:48,992.2,618130
2021-06-18 09:35:49,992.0,618548
2021-06-18 09:35:49,992.0,618548
2021-06-18 09:35:50,992.2,618626
2021-06-18 09:35:51,992.25,618765
2021-06-18 09:35:52,992.45,621470
2021-06-18 09:35:53,992.45,621474
2021-06-18 09:35:54,992.25,621528
2021-06-18 09:35:55,992.35,621562
2021-06-18 09:35:56,992.3,622032
2021-06-18 09:35:57,992.3,622113
2021-06-18 09:35:58,992.6,622123
2021-06-18 09:35:59,992.45,622144
2021-06-18 09:36:00,992.45,622144
2021-06-18 09:36:01,992.5,622644
2021-06-18 09:36:02,992.5,622698
2021-06-18 09:36:03,992.45,622841
2021-06-18 09:36:04,992.3,622939
2021-06-18 09:36:05,992.45,623042
2021-06-18 09:36:07,992.45,623146
2021-06-18 09:36:08,992.45,623308
2021-06-18 09:36:09,992.45,623328
2021-06-18 09:36:10,992.3,623358
2021-06-18 09:36:11,992.45,623539
2021-06-18 09:36:12,992.3,623589
2021-06-18 09:36:13,992.5,623639
2021-06-18 09:36:14,992.5,623866
2021-06-18 09:36:15,992.55,624403
2021-06-18 09:36:16,993.0,624505
2021-06-18 09:36:17,993.0,624558
2021-06-18 09:36:18,992.55,624568
2021-06-18 09:36:19,992.65,624777
2021-06-18 09:36:20,992.65,624805
2021-06-18 09:36:21,993.0,624869
2021-06-18 09:36:22,992.65,625013
2021-06-18 09:36:24,992.75,625576
2021-06-18 09:36:24,993.05,625555
2021-06-18 09:36:25,993.0,625601
2021-06-18 09:36:26,992.55,626591
2021-06-18 09:36:27,992.75,626606
2021-06-18 09:36:28,992.5,626739
2021-06-18 09:36:29,992.9,626814
2021-06-18 09:36:30,992.95,626825
2021-06-18 09:36:31,992.65,626830
2021-06-18 09:36:32,993.0,626930
2021-06-18 09:36:33,993.0,626930
2021-06-18 09:36:35,993.0,626930
2021-06-18 09:36:36,992.7,626946
2021-06-18 09:36:37,992.75,626961
2021-06-18 09:36:38,992.7,627311
2021-06-18 09:36:39,992.7,627311
2021-06-18 09:36:40,992.7,627320
2021-06-18 09:36:41,992.7,627763
2021-06-18 09:36:42,992.7,628575
2021-06-18 09:36:43,992.8,628705
2021-06-18 09:36:43,992.8,628705
2021-06-18 09:36:45,992.8,629224
2021-06-18 09:36:46,992.8,629367
2021-06-18 09:36:46,992.8,629367
2021-06-18 09:36:47,992.8,629440
2021-06-18 09:36:48,992.8,629440
2021-06-18 09:36:49,992.5,629840
2021-06-18 09:36:51,992.3,630242
2021-06-18 09:36:52,992.8,630271
2021-06-18 09:36:53,992.4,630294
2021-06-18 09:36:54,992.8,630464
2021-06-18 09:36:56,992.95,631127
2021-06-18 09:36:56,992.5,631137
2021-06-18 09:36:57,992.9,631187
2021-06-18 09:36:58,992.9,631421
2021-06-18 09:37:00,992.8,631579
2021-06-18 09:37:01,993.2,633253
2021-06-18 09:37:02,992.8,633277
2021-06-18 09:37:03,992.45,633398
2021-06-18 09:37:04,992.75,633445
2021-06-18 09:37:06,992.4,633823
2021-06-18 09:37:07,992.9,633833
2021-06-18 09:37:08,992.5,634418
2021-06-18 09:37:09,992.8,634423
2021-06-18 09:37:10,992.85,634554
2021-06-18 09:37:11,992.35,634769
2021-06-18 09:37:11,992.35,634769
2021-06-18 09:37:12,992.35,634769
2021-06-18 09:37:14,992.3,635047
2021-06-18 09:37:15,992.5,635052
2021-06-18 09:37:15,992.5,635052
2021-06-18 09:37:16,992.35,635076
2021-06-18 09:37:17,992.65,635097
2021-06-18 09:37:18,992.3,635150
2021-06-18 09:37:19,992.3,635150
2021-06-18 09:37:21,992.4,635255
2021-06-18 09:37:22,992.5,635296
2021-06-18 09:37:23,992.35,635316
2021-06-18 09:37:24,992.25,636814
2021-06-18 09:37:25,992.5,636858
2021-06-18 09:37:26,992.5,636908
2021-06-18 09:37:27,992.5,636958
2021-06-18 09:37:28,992.5,637074
2021-06-18 09:37:28,992.35,637094
2021-06-18 09:37:30,992.25,637195
2021-06-18 09:37:31,992.5,637295
2021-06-18 09:37:31,992.5,637295
2021-06-18 09:37:33,992.25,637433
2021-06-18 09:37:34,992.5,637558
2021-06-18 09:37:35,992.3,637588
2021-06-18 09:37:35,992.3,637588
2021-06-18 09:37:36,992.4,637589
2021-06-18 09:37:38,992.3,637609
2021-06-18 09:37:39,992.3,638011
2021-06-18 09:37:40,992.3,638110
2021-06-18 09:37:41,992.1,638778
2021-06-18 09:37:42,992.6,638804
2021-06-18 09:37:43,992.6,638868
2021-06-18 09:37:44,992.1,639207
2021-06-18 09:37:44,992.1,639207
2021-06-18 09:37:46,992.5,639334
2021-06-18 09:37:47,992.5,639335
2021-06-18 09:37:48,992.5,639335
2021-06-18 09:37:49,992.5,639335
2021-06-18 09:37:50,992.5,639335
2021-06-18 09:37:51,992.5,639401
2021-06-18 09:37:51,992.5,639401
2021-06-18 09:37:52,992.4,639475
2021-06-18 09:37:54,992.3,639624
2021-06-18 09:37:56,992.45,639667
2021-06-18 09:37:57,992.45,639704
2021-06-18 09:37:58,992.15,639775
2021-06-18 09:37:59,992.4,639853
2021-06-18 09:38:00,992.5,639973
2021-06-18 09:38:01,992.2,639987
2021-06-18 09:38:02,992.35,640168
2021-06-18 09:38:02,992.6,640167
2021-06-18 09:38:03,992.25,640307
2021-06-18 09:38:05,992.25,640518
2021-06-18 09:38:06,992.1,642488
2021-06-18 09:38:07,991.75,642508
2021-06-18 09:38:08,992.05,642519
2021-06-18 09:38:09,992.05,642519
2021-06-18 09:38:10,992.05,642520
2021-06-18 09:38:11,992.0,642526
2021-06-18 09:38:11,992.0,642526
2021-06-18 09:38:12,992.05,642533
2021-06-18 09:38:14,992.2,642607
2021-06-18 09:38:15,992.0,642645
2021-06-18 09:38:17,992.0,642665
2021-06-18 09:38:18,991.65,643196
2021-06-18 09:38:19,991.65,643239
2021-06-18 09:38:20,991.7,643279
2021-06-18 09:38:20,991.7,643279
2021-06-18 09:38:21,992.0,643281
2021-06-18 09:38:23,992.0,643860
2021-06-18 09:38:24,992.0,644010
2021-06-18 09:38:25,992.25,644053
2021-06-18 09:38:25,992.05,644065
2021-06-18 09:38:26,992.05,644065
2021-06-18 09:38:27,992.5,644167
2021-06-18 09:38:29,992.2,644503
2021-06-18 09:38:31,992.25,644542
2021-06-18 09:38:32,992.25,644542
2021-06-18 09:38:33,992.25,644567
2021-06-18 09:38:34,992.2,644664
2021-06-18 09:38:35,992.25,644669
2021-06-18 09:38:36,992.25,644679
2021-06-18 09:38:37,992.25,644699
2021-06-18 09:38:38,992.25,644699
2021-06-18 09:38:39,992.55,644718
2021-06-18 09:38:40,992.5,644721
2021-06-18 09:38:41,992.5,644726
2021-06-18 09:38:42,992.55,644929
2021-06-18 09:38:42,992.6,644872
2021-06-18 09:38:44,992.55,644965
2021-06-18 09:38:45,992.55,644965
2021-06-18 09:38:45,992.55,644965
2021-06-18 09:38:46,992.95,644968
2021-06-18 09:38:48,992.95,644977
2021-06-18 09:38:49,992.95,644999
2021-06-18 09:38:50,993.0,645237
2021-06-18 09:38:51,992.9,645414
2021-06-18 09:38:52,992.95,646504
2021-06-18 09:38:53,993.05,646536
2021-06-18 09:38:54,993.1,646656
2021-06-18 09:38:55,993.1,646698
2021-06-18 09:38:56,993.15,646835
2021-06-18 09:38:56,993.15,646793
2021-06-18 09:38:57,993.0,646853
2021-06-18 09:38:59,993.05,647137
2021-06-18 09:39:00,993.05,647137
2021-06-18 09:39:01,992.95,648677
2021-06-18 09:39:02,992.9,648778
2021-06-18 09:39:03,992.85,649058
2021-06-18 09:39:04,992.5,649188
2021-06-18 09:39:05,992.5,649188
2021-06-18 09:39:06,992.45,649881
2021-06-18 09:39:06,992.45,649881
2021-06-18 09:39:07,992.9,650025
2021-06-18 09:39:09,992.45,650395
2021-06-18 09:39:10,992.5,650589
2021-06-18 09:39:12,992.85,650739
2021-06-18 09:39:13,992.85,650739
2021-06-18 09:39:14,992.4,651060
2021-06-18 09:39:16,992.6,651112
2021-06-18 09:39:17,992.4,651126
2021-06-18 09:39:18,992.4,651126
2021-06-18 09:39:20,992.4,651185
2021-06-18 09:39:21,992.5,651234
2021-06-18 09:39:22,992.3,652199
2021-06-18 09:39:23,992.3,652351
2021-06-18 09:39:24,992.3,652390
2021-06-18 09:39:25,992.5,652470
2021-06-18 09:39:26,992.7,652496
2021-06-18 09:39:27,992.5,652559
2021-06-18 09:39:28,992.5,652561
2021-06-18 09:39:28,992.85,652581
2021-06-18 09:39:29,992.5,652633
2021-06-18 09:39:31,992.5,652633
2021-06-18 09:39:32,992.5,652633
2021-06-18 09:39:33,992.9,652643
2021-06-18 09:39:34,992.5,652816
2021-06-18 09:39:35,992.9,652819
2021-06-18 09:39:36,992.85,652846
2021-06-18 09:39:37,992.95,652913
2021-06-18 09:39:38,992.95,652928
2021-06-18 09:39:38,992.95,652928
2021-06-18 09:39:39,992.95,653095
2021-06-18 09:39:40,992.95,653095
2021-06-18 09:39:42,992.95,653133
2021-06-18 09:39:43,992.95,653144
2021-06-18 09:39:44,992.85,653500
2021-06-18 09:39:45,992.75,653647
2021-06-18 09:39:46,992.4,654562
2021-06-18 09:39:47,992.8,654567
2021-06-18 09:39:48,992.8,654592
2021-06-18 09:39:49,992.7,655209
2021-06-18 09:39:50,992.7,655238
2021-06-18 09:39:53,992.5,655597
2021-06-18 09:39:54,992.7,655941
2021-06-18 09:39:55,992.7,655977
2021-06-18 09:39:56,992.8,656109
2021-06-18 09:39:57,992.8,656139
2021-06-18 09:39:58,992.6,656194
2021-06-18 09:39:58,992.8,656197
2021-06-18 09:40:00,992.8,656338
2021-06-18 09:40:02,992.9,656670
2021-06-18 09:40:03,992.7,657474
2021-06-18 09:40:04,992.7,657839
2021-06-18 09:40:05,992.9,658051
2021-06-18 09:40:06,992.9,658051
2021-06-18 09:40:07,992.9,658051
2021-06-18 09:40:08,992.9,658061
2021-06-18 09:40:09,992.8,659274
2021-06-18 09:40:10,992.9,659284
2021-06-18 09:40:12,992.9,659308
2021-06-18 09:40:13,992.9,659308
2021-06-18 09:40:14,992.85,659368
2021-06-18 09:40:15,992.85,659399
2021-06-18 09:40:16,992.85,659410
2021-06-18 09:40:17,992.8,659530
2021-06-18 09:40:18,992.9,659667
2021-06-18 09:40:19,992.8,659886
2021-06-18 09:40:20,992.75,659972
2021-06-18 09:40:21,992.7,660234
2021-06-18 09:40:22,992.5,660245
2021-06-18 09:40:23,992.7,660295
2021-06-18 09:40:24,992.5,660450
2021-06-18 09:40:25,992.5,660455
2021-06-18 09:40:26,992.5,660455
2021-06-18 09:40:27,992.5,660476
2021-06-18 09:40:28,992.5,660490
2021-06-18 09:40:29,992.5,660592
2021-06-18 09:40:30,992.5,660685
2021-06-18 09:40:31,992.7,660804
2021-06-18 09:40:32,992.5,661625
2021-06-18 09:40:33,992.75,661725
2021-06-18 09:40:34,992.4,661985
2021-06-18 09:40:35,992.75,662063
2021-06-18 09:40:36,992.5,662113
2021-06-18 09:40:37,992.5,662401
2021-06-18 09:40:38,992.5,662406
2021-06-18 09:40:40,992.35,662442
2021-06-18 09:40:41,992.1,662919
2021-06-18 09:40:42,992.1,662919
2021-06-18 09:40:43,992.1,662932
2021-06-18 09:40:44,992.1,662951
2021-06-18 09:40:45,992.1,663064
2021-06-18 09:40:46,992.35,663150
2021-06-18 09:40:47,992.35,663361
2021-06-18 09:40:48,992.45,663413
2021-06-18 09:40:49,992.45,663500
2021-06-18 09:40:50,992.45,663500
2021-06-18 09:40:51,992.45,663594
2021-06-18 09:40:53,992.4,663776
2021-06-18 09:40:54,992.0,663786
2021-06-18 09:40:55,992.0,663846
2021-06-18 09:40:56,992.4,663898
2021-06-18 09:40:57,992.4,664048
2021-06-18 09:40:58,992.0,664206
2021-06-18 09:40:59,992.35,664213
2021-06-18 09:41:00,992.0,665537
2021-06-18 09:41:01,991.95,665545
2021-06-18 09:41:02,992.25,665569
2021-06-18 09:41:03,992.0,665571
2021-06-18 09:41:04,992.0,665625
2021-06-18 09:41:05,992.25,665702
2021-06-18 09:41:06,992.25,665722
2021-06-18 09:41:07,992.0,665825
2021-06-18 09:41:08,992.0,665827
2021-06-18 09:41:09,992.0,666037
2021-06-18 09:41:10,992.0,666131
2021-06-18 09:41:11,992.0,666366
2021-06-18 09:41:12,992.25,666498
2021-06-18 09:41:13,992.0,666518
2021-06-18 09:41:14,992.25,666671
2021-06-18 09:41:15,992.25,666727
2021-06-18 09:41:16,992.25,666853
2021-06-18 09:41:17,992.3,666913
2021-06-18 09:41:18,992.4,667053
2021-06-18 09:41:19,992.0,667153
2021-06-18 09:41:20,992.0,667359
2021-06-18 09:41:21,992.4,667491
2021-06-18 09:41:22,992.45,667504
2021-06-18 09:41:23,992.1,667554
2021-06-18 09:41:24,992.0,667559
2021-06-18 09:41:25,992.1,667635
2021-06-18 09:41:26,992.0,667770
2021-06-18 09:41:27,992.0,667770
2021-06-18 09:41:28,992.0,667810
2021-06-18 09:41:30,992.25,668976
2021-06-18 09:41:31,992.25,669336
2021-06-18 09:41:32,992.25,669556
2021-06-18 09:41:33,992.0,669628
2021-06-18 09:41:34,992.0,669628
2021-06-18 09:41:35,992.0,669641
2021-06-18 09:41:36,992.0,669683
2021-06-18 09:41:38,992.2,669743
2021-06-18 09:41:37,992.0,669722
2021-06-18 09:41:39,992.0,669749
2021-06-18 09:41:40,992.4,669831
2021-06-18 09:41:41,992.0,669856
2021-06-18 09:41:42,992.2,670201
2021-06-18 09:41:43,992.45,670344
2021-06-18 09:41:44,992.5,670503
2021-06-18 09:41:45,992.5,670513
2021-06-18 09:41:46,992.5,670523
2021-06-18 09:41:47,992.5,670523
2021-06-18 09:41:48,992.5,670523
2021-06-18 09:41:49,992.5,670523
2021-06-18 09:41:50,992.35,670525
2021-06-18 09:41:51,992.7,670677
2021-06-18 09:41:52,992.7,670677
2021-06-18 09:41:53,992.35,670728
2021-06-18 09:41:54,992.75,670884
2021-06-18 09:41:55,992.9,670974
2021-06-18 09:41:56,992.25,672176
2021-06-18 09:41:57,992.8,672177
2021-06-18 09:41:58,992.35,672199
2021-06-18 09:41:59,992.4,672204
2021-06-18 09:42:00,992.35,672274
2021-06-18 09:42:01,992.35,672274
2021-06-18 09:42:02,992.9,672355
2021-06-18 09:42:04,992.9,672485
2021-06-18 09:42:03,992.9,672485
2021-06-18 09:42:05,992.9,672485
2021-06-18 09:42:06,992.9,672485
2021-06-18 09:42:07,992.6,672504
2021-06-18 09:42:08,992.5,672530
2021-06-18 09:42:09,992.6,672606
2021-06-18 09:42:10,992.9,672617
2021-06-18 09:42:11,992.4,672901
2021-06-18 09:42:12,992.4,673016
2021-06-18 09:42:14,992.8,673020
2021-06-18 09:42:14,992.8,673020
2021-06-18 09:42:15,992.6,673284
2021-06-18 09:42:16,992.6,673284
2021-06-18 09:42:17,992.6,673300
2021-06-18 09:42:18,992.65,674625
2021-06-18 09:42:19,992.9,674635
2021-06-18 09:42:20,992.85,674670
2021-06-18 09:42:21,992.5,674680
2021-06-18 09:42:23,992.9,674937
2021-06-18 09:42:23,992.9,674937
2021-06-18 09:42:24,992.5,675090
2021-06-18 09:42:25,992.65,675099
2021-06-18 09:42:26,992.9,675109
2021-06-18 09:42:27,992.65,675112
2021-06-18 09:42:28,992.9,675127
2021-06-18 09:42:29,992.65,675205
2021-06-18 09:42:30,992.65,675232
2021-06-18 09:42:31,992.65,675433
2021-06-18 09:42:32,992.85,675584
2021-06-18 09:42:34,992.65,675651
2021-06-18 09:42:34,992.8,675661
2021-06-18 09:42:35,992.55,675938
2021-06-18 09:42:36,992.5,675948
2021-06-18 09:42:37,992.3,676337
2021-06-18 09:42:38,992.55,676347
2021-06-18 09:42:39,992.55,676348
2021-06-18 09:42:40,992.3,676350
2021-06-18 09:42:41,992.55,676380
2021-06-18 09:42:42,992.0,678063
2021-06-18 09:42:44,992.05,678656
2021-06-18 09:42:44,992.05,678656
2021-06-18 09:42:45,991.4,681139
2021-06-18 09:42:47,991.4,681139
2021-06-18 09:42:47,991.4,681139
2021-06-18 09:42:48,991.4,681551
2021-06-18 09:42:49,991.4,681551
2021-06-18 09:42:50,991.6,681561
2021-06-18 09:42:51,991.6,681561
2021-06-18 09:42:52,991.25,681863
2021-06-18 09:42:53,991.65,682124
2021-06-18 09:42:54,991.35,682564
2021-06-18 09:42:55,991.6,682593
2021-06-18 09:42:56,991.85,682626
2021-06-18 09:42:57,992.0,682776
2021-06-18 09:42:58,992.0,682807
2021-06-18 09:42:59,991.55,682837
2021-06-18 09:43:00,991.55,682837
2021-06-18 09:43:01,991.35,682930
2021-06-18 09:43:02,991.05,687431
2021-06-18 09:43:03,991.0,687563
2021-06-18 09:43:04,991.3,687653
2021-06-18 09:43:05,991.55,687655
2021-06-18 09:43:06,991.55,687666
2021-06-18 09:43:07,991.55,687666
2021-06-18 09:43:08,991.55,687666
2021-06-18 09:43:10,991.05,687818
2021-06-18 09:43:11,991.05,687818
2021-06-18 09:43:12,991.35,687895
2021-06-18 09:43:13,991.05,688003
2021-06-18 09:43:13,991.05,688003
2021-06-18 09:43:14,991.05,688092
2021-06-18 09:43:15,991.4,688102
2021-06-18 09:43:16,991.3,688114
2021-06-18 09:43:17,991.05,688216
2021-06-18 09:43:18,991.35,688339
2021-06-18 09:43:19,991.05,688399
2021-06-18 09:43:20,991.0,688529
2021-06-18 09:43:21,991.05,688639
2021-06-18 09:43:22,991.4,688760
2021-06-18 09:43:23,991.4,688760
2021-06-18 09:43:24,991.0,688880
2021-06-18 09:43:25,991.0,689592
2021-06-18 09:43:26,991.4,689604
2021-06-18 09:43:27,991.4,689655
2021-06-18 09:43:28,991.4,689748
2021-06-18 09:43:29,991.4,689759
2021-06-18 09:43:30,991.4,689812
2021-06-18 09:43:31,991.05,690589
2021-06-18 09:43:32,991.5,690696
2021-06-18 09:43:34,991.15,690833
2021-06-18 09:43:35,991.4,690845
2021-06-18 09:43:34,991.2,690835
2021-06-18 09:43:37,991.05,691461
2021-06-18 09:43:39,991.1,691711
2021-06-18 09:43:40,991.1,691711
2021-06-18 09:43:41,991.1,692369
2021-06-18 09:43:42,990.9,693210
2021-06-18 09:43:43,990.9,693339
2021-06-18 09:43:44,990.9,693339
2021-06-18 09:43:45,990.65,693360
2021-06-18 09:43:46,990.9,693533
2021-06-18 09:43:47,990.95,693779
2021-06-18 09:43:48,990.6,693829
2021-06-18 09:43:49,990.95,693849
2021-06-18 09:43:50,990.6,693948
2021-06-18 09:43:51,990.55,694075
2021-06-18 09:43:52,990.65,695418
2021-06-18 09:43:53,990.0,704563
2021-06-18 09:43:54,990.4,704574
2021-06-18 09:43:55,990.0,704644
2021-06-18 09:43:56,990.0,704879
2021-06-18 09:43:57,990.2,705363
2021-06-18 09:43:58,990.3,705934
2021-06-18 09:43:59,990.05,706534
2021-06-18 09:44:00,990.2,706740
2021-06-18 09:44:01,990.05,706745
2021-06-18 09:44:02,989.7,715957
2021-06-18 09:44:03,989.3,716072
2021-06-18 09:44:04,989.7,716721
2021-06-18 09:44:05,989.3,716962
2021-06-18 09:44:06,989.2,717213
2021-06-18 09:44:07,989.3,717589
2021-06-18 09:44:08,988.6,724263
2021-06-18 09:44:09,988.65,724756
2021-06-18 09:44:10,988.85,725426
2021-06-18 09:44:11,989.25,726293
2021-06-18 09:44:12,988.8,726518
2021-06-18 09:44:13,988.65,727321
2021-06-18 09:44:15,989.1,728122
2021-06-18 09:44:16,989.0,728906
2021-06-18 09:44:17,988.95,728958
2021-06-18 09:44:18,989.8,730018
2021-06-18 09:44:19,989.3,730303
2021-06-18 09:44:21,989.3,731987
2021-06-18 09:44:22,989.1,732732
2021-06-18 09:44:23,989.05,732849
2021-06-18 09:44:24,989.0,733485
2021-06-18 09:44:25,989.15,733726
2021-06-18 09:44:27,989.1,734202
2021-06-18 09:44:28,989.55,734252
2021-06-18 09:44:28,989.1,734348
2021-06-18 09:44:29,989.05,734610
2021-06-18 09:44:30,989.05,734798
2021-06-18 09:44:31,989.05,734808
2021-06-18 09:44:32,989.05,734937
2021-06-18 09:44:33,989.1,735094
2021-06-18 09:44:34,989.5,735230
2021-06-18 09:44:35,989.5,735513
2021-06-18 09:44:36,989.05,735518
2021-06-18 09:44:37,989.15,735546
2021-06-18 09:44:38,989.0,736001
2021-06-18 09:44:39,989.2,736778
2021-06-18 09:44:40,989.0,736977
2021-06-18 09:44:41,988.8,737038
2021-06-18 09:44:42,988.8,737125
2021-06-18 09:44:43,988.8,737174
2021-06-18 09:44:44,988.65,737374
2021-06-18 09:44:46,989.2,737429
2021-06-18 09:44:48,989.0,737614
2021-06-18 09:44:49,988.45,737914
2021-06-18 09:44:50,989.0,738254
2021-06-18 09:44:50,988.5,738864
2021-06-18 09:44:52,989.15,739216
2021-06-18 09:44:53,989.2,740383
2021-06-18 09:44:54,989.2,740716
2021-06-18 09:44:55,989.2,740869
2021-06-18 09:44:56,989.2,741060
2021-06-18 09:44:57,989.5,741065
2021-06-18 09:44:58,989.45,741649
2021-06-18 09:44:59,989.1,741949
2021-06-18 09:45:00,989.4,741979
2021-06-18 09:45:01,989.4,742039
2021-06-18 09:45:02,989.0,742393
2021-06-18 09:45:03,989.0,742682
2021-06-18 09:45:04,988.6,742840
2021-06-18 09:45:05,989.05,743014
2021-06-18 09:45:05,989.05,743014
2021-06-18 09:45:06,988.65,743046
2021-06-18 09:45:07,988.95,743308
2021-06-18 09:45:08,988.95,743335
2021-06-18 09:45:09,988.5,743982
2021-06-18 09:45:11,988.5,744533
2021-06-18 09:45:13,988.7,744785
2021-06-18 09:45:14,989.0,744801
2021-06-18 09:45:15,988.7,744803
2021-06-18 09:45:16,988.7,744819
2021-06-18 09:45:17,988.75,744925
2021-06-18 09:45:18,988.8,744935
2021-06-18 09:45:19,989.0,744945
2021-06-18 09:45:20,989.0,744965
2021-06-18 09:45:21,988.95,745050
2021-06-18 09:45:23,988.95,745803
2021-06-18 09:45:24,988.65,745872
2021-06-18 09:45:25,988.75,745917
2021-06-18 09:45:26,988.65,745954
2021-06-18 09:45:27,988.75,746023
2021-06-18 09:45:28,988.75,746173
2021-06-18 09:45:29,988.5,746333
2021-06-18 09:45:30,988.75,746489
2021-06-18 09:45:31,988.75,746745
2021-06-18 09:45:32,988.75,746757
2021-06-18 09:45:33,988.1,748704
2021-06-18 09:45:34,988.5,748944
2021-06-18 09:45:35,988.05,749017
2021-06-18 09:45:36,988.15,749429
2021-06-18 09:45:37,988.1,749553
2021-06-18 09:45:38,988.55,749590
2021-06-18 09:45:40,988.55,749687
2021-06-18 09:45:41,988.65,749878
2021-06-18 09:45:42,988.65,749958
2021-06-18 09:45:43,988.75,749991
2021-06-18 09:45:44,988.6,750549
2021-06-18 09:45:45,989.3,753572
2021-06-18 09:45:46,989.5,753583
2021-06-18 09:45:47,989.5,753603
2021-06-18 09:45:49,989.35,753626
2021-06-18 09:45:50,989.4,753903
2021-06-18 09:45:51,989.85,753990
2021-06-18 09:45:52,989.5,754065
2021-06-18 09:45:53,989.95,754203
2021-06-18 09:45:54,989.9,754264
2021-06-18 09:45:55,989.35,754365
2021-06-18 09:45:56,989.55,755334
2021-06-18 09:45:57,989.95,755522
2021-06-18 09:45:58,989.4,755601
2021-06-18 09:45:59,989.3,755651
2021-06-18 09:46:01,988.4,756416
2021-06-18 09:46:02,988.4,756656
2021-06-18 09:46:03,988.75,756678
2021-06-18 09:46:04,988.35,756686
2021-06-18 09:46:05,988.5,756758
2021-06-18 09:46:06,988.1,756963
2021-06-18 09:46:07,988.65,757247
2021-06-18 09:46:08,989.25,757710
2021-06-18 09:46:09,988.8,757800
2021-06-18 09:46:10,988.8,757881
2021-06-18 09:46:11,988.8,757928
2021-06-18 09:46:12,989.15,757986
2021-06-18 09:46:13,989.2,758045
2021-06-18 09:46:14,988.7,758217
2021-06-18 09:46:15,988.55,758517
2021-06-18 09:46:16,989.2,758642
2021-06-18 09:46:17,988.95,758749
2021-06-18 09:46:18,988.7,758849
2021-06-18 09:46:19,988.7,758908
2021-06-18 09:46:20,988.55,759402
2021-06-18 09:46:21,988.65,759454
2021-06-18 09:46:22,988.7,759549
2021-06-18 09:46:23,988.7,759551
2021-06-18 09:46:24,988.75,759586
2021-06-18 09:46:25,988.75,759586
2021-06-18 09:46:26,988.75,759636
2021-06-18 09:46:27,988.75,759636
2021-06-18 09:46:28,988.7,760194
2021-06-18 09:46:29,988.7,760194
2021-06-18 09:46:31,988.7,760335
2021-06-18 09:46:32,988.75,760345
2021-06-18 09:46:33,988.7,760561
2021-06-18 09:46:34,988.75,760652
2021-06-18 09:46:34,988.75,760659
2021-06-18 09:46:35,988.7,760718
2021-06-18 09:46:36,988.7,761041
2021-06-18 09:46:37,988.8,761095
2021-06-18 09:46:38,988.7,761447
2021-06-18 09:46:39,988.7,761449
2021-06-18 09:46:40,988.8,761546
2021-06-18 09:46:41,988.6,761969
2021-06-18 09:46:42,988.8,762030
2021-06-18 09:46:43,988.5,762218
2021-06-18 09:46:44,988.5,762220
2021-06-18 09:46:45,988.7,762279
2021-06-18 09:46:46,988.55,762315
2021-06-18 09:46:47,988.55,762317
2021-06-18 09:46:48,988.5,762555
2021-06-18 09:46:49,988.7,762561
2021-06-18 09:46:50,988.6,762652
2021-06-18 09:46:51,988.65,762753
2021-06-18 09:46:52,988.65,762903
2021-06-18 09:46:53,988.8,762904
2021-06-18 09:46:55,988.65,763028
2021-06-18 09:46:56,988.65,763333
2021-06-18 09:46:56,989.0,763643
2021-06-18 09:46:58,988.5,764388
2021-06-18 09:46:58,988.5,764614
2021-06-18 09:46:59,988.5,765552
2021-06-18 09:47:01,988.8,765637
2021-06-18 09:47:02,988.55,765682
2021-06-18 09:47:03,988.7,765712
2021-06-18 09:47:03,988.7,765712
2021-06-18 09:47:04,988.7,765713
2021-06-18 09:47:05,988.7,765733
2021-06-18 09:47:06,988.95,765793
2021-06-18 09:47:08,988.95,765824
2021-06-18 09:47:08,988.95,765849
2021-06-18 09:47:09,988.95,765873
2021-06-18 09:47:10,989.0,766137
2021-06-18 09:47:12,989.15,766177
2021-06-18 09:47:13,989.15,766327
2021-06-18 09:47:14,989.5,766349
2021-06-18 09:47:14,989.2,766712
2021-06-18 09:47:15,989.15,766862
2021-06-18 09:47:16,989.15,766992
2021-06-18 09:47:17,989.15,767143
2021-06-18 09:47:18,989.2,767238
2021-06-18 09:47:19,989.1,767338
2021-06-18 09:47:20,989.05,767425
2021-06-18 09:47:21,989.15,767435
2021-06-18 09:47:22,989.05,770892
2021-06-18 09:47:24,989.2,771104
2021-06-18 09:47:25,988.75,771447
2021-06-18 09:47:26,988.7,771659
2021-06-18 09:47:26,988.95,771597
2021-06-18 09:47:27,988.7,771659
2021-06-18 09:47:28,989.0,771734
2021-06-18 09:47:29,989.0,771834
2021-06-18 09:47:30,989.0,771968
2021-06-18 09:47:32,988.95,772003
2021-06-18 09:47:32,988.95,772008
2021-06-18 09:47:33,988.7,772013
2021-06-18 09:47:34,988.7,772384
2021-06-18 09:47:35,988.7,772384
2021-06-18 09:47:37,988.7,772560
2021-06-18 09:47:38,989.0,772570
2021-06-18 09:47:38,989.0,772570
2021-06-18 09:47:39,988.9,772725
2021-06-18 09:47:40,989.75,772960
2021-06-18 09:47:41,989.3,773060
2021-06-18 09:47:42,989.3,773571
2021-06-18 09:47:43,989.2,773576
2021-06-18 09:47:45,989.15,774175
2021-06-18 09:47:46,988.75,774297
2021-06-18 09:47:47,989.2,774437
2021-06-18 09:47:48,989.2,774437
2021-06-18 09:47:48,989.15,774465
2021-06-18 09:47:49,989.15,774470
2021-06-18 09:47:51,988.85,774580
2021-06-18 09:47:52,988.75,774592
2021-06-18 09:47:53,989.0,774615
2021-06-18 09:47:54,989.05,774635
2021-06-18 09:47:55,988.75,774644
2021-06-18 09:47:55,988.95,775411
2021-06-18 09:47:56,988.6,775987
2021-06-18 09:47:57,988.6,776343
2021-06-18 09:48:00,988.55,776444
2021-06-18 09:48:01,988.85,776467
2021-06-18 09:48:02,988.6,776482
2021-06-18 09:48:03,988.85,776652
2021-06-18 09:48:04,988.7,776665
2021-06-18 09:48:05,988.95,776713
2021-06-18 09:48:06,988.7,776768
2021-06-18 09:48:07,988.85,776781
2021-06-18 09:48:08,989.0,776908
2021-06-18 09:48:08,988.85,776938
2021-06-18 09:48:09,989.0,776957
2021-06-18 09:48:10,989.0,776967
2021-06-18 09:48:11,988.6,777072
2021-06-18 09:48:12,989.0,777228
2021-06-18 09:48:14,989.0,777360
2021-06-18 09:48:15,989.0,777361
2021-06-18 09:48:16,988.95,777485
2021-06-18 09:48:16,989.0,777529
2021-06-18 09:48:17,988.6,777634
2021-06-18 09:48:19,988.9,777644
2021-06-18 09:48:20,988.9,777712
2021-06-18 09:48:20,988.9,777712
2021-06-18 09:48:21,989.0,777813
2021-06-18 09:48:22,988.9,777904
2021-06-18 09:48:24,988.95,777934
2021-06-18 09:48:24,989.3,778147
2021-06-18 09:48:25,989.1,778168
2021-06-18 09:48:27,989.1,778278
2021-06-18 09:48:28,989.2,778373
2021-06-18 09:48:28,988.6,778424
2021-06-18 09:48:29,989.2,778426
2021-06-18 09:48:31,989.0,778607
2021-06-18 09:48:33,989.3,778713
2021-06-18 09:48:34,989.2,778737
2021-06-18 09:48:35,989.0,778757
2021-06-18 09:48:36,989.05,778849
2021-06-18 09:48:37,989.05,778975
2021-06-18 09:48:38,989.1,779009
2021-06-18 09:48:39,989.1,779009
2021-06-18 09:48:40,989.45,779109
2021-06-18 09:48:41,989.45,779109
2021-06-18 09:48:42,989.2,779214
2021-06-18 09:48:43,989.45,779384
2021-06-18 09:48:44,989.05,779424
2021-06-18 09:48:45,989.05,779513
2021-06-18 09:48:46,988.7,780376
2021-06-18 09:48:47,988.7,780386
2021-06-18 09:48:49,988.9,780547
2021-06-18 09:48:50,989.25,780568
2021-06-18 09:48:51,989.3,780829
2021-06-18 09:48:52,988.95,780874
2021-06-18 09:48:53,989.25,780884
2021-06-18 09:48:54,989.3,781054
2021-06-18 09:48:56,989.1,781475
2021-06-18 09:48:58,989.0,781485
2021-06-18 09:48:59,988.6,783467
2021-06-18 09:49:00,988.9,783768
2021-06-18 09:49:01,988.6,785940
2021-06-18 09:49:02,988.6,785940
2021-06-18 09:49:03,988.6,786050
2021-06-18 09:49:05,988.6,786293
2021-06-18 09:49:06,988.2,786306
2021-06-18 09:49:07,988.6,786535
2021-06-18 09:49:07,988.2,786549
2021-06-18 09:49:09,988.6,786552
2021-06-18 09:49:11,988.9,789380
2021-06-18 09:49:12,988.6,789415
2021-06-18 09:49:13,988.6,789607
2021-06-18 09:49:14,988.6,789642
2021-06-18 09:49:15,988.6,789664
2021-06-18 09:49:16,989.0,790686
2021-06-18 09:49:16,988.5,790687
2021-06-18 09:49:18,988.5,790707
2021-06-18 09:49:19,988.5,790943
2021-06-18 09:49:20,988.4,791666
2021-06-18 09:49:21,988.4,791682
2021-06-18 09:49:22,988.5,791722
2021-06-18 09:49:23,988.5,791805
2021-06-18 09:49:24,988.95,791835
2021-06-18 09:49:24,988.9,791899
2021-06-18 09:49:25,989.0,791934
2021-06-18 09:49:27,989.0,791934
2021-06-18 09:49:28,989.05,791971
2021-06-18 09:49:29,988.75,791995
2021-06-18 09:49:29,988.8,792054
2021-06-18 09:49:30,988.8,792068
2021-06-18 09:49:31,988.8,792068
2021-06-18 09:49:32,988.85,792375
2021-06-18 09:49:34,988.85,792459
2021-06-18 09:49:36,989.5,792616
2021-06-18 09:49:35,989.45,792544
2021-06-18 09:49:37,989.15,792636
2021-06-18 09:49:38,989.35,792646
2021-06-18 09:49:39,989.4,792656
2021-06-18 09:49:41,989.5,792779
2021-06-18 09:49:42,989.5,792804
2021-06-18 09:49:43,989.15,792865
2021-06-18 09:49:43,989.15,792865
2021-06-18 09:49:45,989.1,793169
2021-06-18 09:49:46,989.1,793338
2021-06-18 09:49:47,989.15,793368
2021-06-18 09:49:48,989.15,793368
2021-06-18 09:49:49,989.5,793576
2021-06-18 09:49:51,989.0,793667
2021-06-18 09:49:51,988.95,793717
2021-06-18 09:49:52,989.0,793728
2021-06-18 09:49:53,989.4,793738
2021-06-18 09:49:54,988.95,793805
2021-06-18 09:49:56,988.95,793855
2021-06-18 09:49:57,988.95,793855
2021-06-18 09:49:58,989.1,793860
2021-06-18 09:49:59,989.0,793980
2021-06-18 09:50:01,988.95,794685
2021-06-18 09:50:00,988.5,794665
2021-06-18 09:50:02,988.9,794810
2021-06-18 09:50:03,988.9,794867
2021-06-18 09:50:04,988.9,794867
2021-06-18 09:50:05,988.9,794867
2021-06-18 09:50:06,988.9,794867
2021-06-18 09:50:07,988.5,795201
2021-06-18 09:50:08,988.5,795216
2021-06-18 09:50:09,988.85,795236
2021-06-18 09:50:10,988.85,795346
2021-06-18 09:50:11,988.85,795346
2021-06-18 09:50:12,988.9,795369
2021-06-18 09:50:13,988.95,795430
2021-06-18 09:50:14,989.0,796350
2021-06-18 09:50:15,989.0,796350
2021-06-18 09:50:15,989.0,796406
2021-06-18 09:50:16,988.95,796416
2021-06-18 09:50:18,989.0,796526
2021-06-18 09:50:19,989.0,796551
2021-06-18 09:50:19,988.75,796720
2021-06-18 09:50:21,989.0,796739
2021-06-18 09:50:22,989.0,796739
2021-06-18 09:50:23,988.75,796769
2021-06-18 09:50:24,988.75,796771
2021-06-18 09:50:25,988.75,796878
2021-06-18 09:50:26,988.75,796890
2021-06-18 09:50:27,989.0,797359
2021-06-18 09:50:28,988.75,797911
2021-06-18 09:50:29,988.75,797981
2021-06-18 09:50:30,989.0,798354
2021-06-18 09:50:31,988.75,798712
2021-06-18 09:50:32,988.55,798722
2021-06-18 09:50:33,988.7,798772
2021-06-18 09:50:34,988.75,798899
2021-06-18 09:50:35,989.0,798918
2021-06-18 09:50:36,989.0,798937
2021-06-18 09:50:37,988.7,799062
2021-06-18 09:50:38,988.65,799097
2021-06-18 09:50:39,988.9,799125
2021-06-18 09:50:40,988.75,799140
2021-06-18 09:50:41,988.6,799739
2021-06-18 09:50:42,988.9,799779
2021-06-18 09:50:43,989.0,800194
2021-06-18 09:50:44,989.05,800251
2021-06-18 09:50:44,988.7,800370
2021-06-18 09:50:45,989.05,800380
2021-06-18 09:50:47,989.05,800399
2021-06-18 09:50:48,989.05,800467
2021-06-18 09:50:50,989.05,800494
2021-06-18 09:50:51,989.2,800823
2021-06-18 09:50:52,989.05,800850
2021-06-18 09:50:53,989.05,801341
2021-06-18 09:50:54,989.2,801367
2021-06-18 09:50:55,989.05,801383
2021-06-18 09:50:56,989.2,801385
2021-06-18 09:50:57,989.05,801415
2021-06-18 09:50:58,989.2,801425
2021-06-18 09:50:59,989.2,801444
2021-06-18 09:51:00,989.05,801467
2021-06-18 09:51:01,989.35,801570
2021-06-18 09:51:02,989.4,801620
2021-06-18 09:51:03,989.4,801620
2021-06-18 09:51:04,989.2,801807
2021-06-18 09:51:05,989.35,801831
2021-06-18 09:51:06,989.4,801981
2021-06-18 09:51:07,989.05,801990
2021-06-18 09:51:08,989.4,802000
2021-06-18 09:51:09,989.4,802021
2021-06-18 09:51:10,989.4,802042
2021-06-18 09:51:11,989.4,802075
2021-06-18 09:51:12,989.5,802375
2021-06-18 09:51:13,989.25,802550
2021-06-18 09:51:14,989.7,802644
2021-06-18 09:51:15,989.7,802817
2021-06-18 09:51:16,989.7,802817
2021-06-18 09:51:17,989.4,802829
2021-06-18 09:51:18,989.4,802839
2021-06-18 09:51:19,989.7,802843
2021-06-18 09:51:20,989.9,802861
2021-06-18 09:51:22,989.8,802892
2021-06-18 09:51:24,989.9,803022
2021-06-18 09:51:25,989.9,803022
2021-06-18 09:51:26,989.05,803404
2021-06-18 09:51:27,989.4,803421
2021-06-18 09:51:28,989.4,803471
2021-06-18 09:51:29,989.4,803473
2021-06-18 09:51:30,989.5,803583
2021-06-18 09:51:31,989.3,803646
2021-06-18 09:51:32,989.1,804375
2021-06-18 09:51:33,989.4,804381
2021-06-18 09:51:34,989.45,804387
2021-06-18 09:51:35,989.05,804797
2021-06-18 09:51:36,989.45,804799
2021-06-18 09:51:37,989.5,804999
2021-06-18 09:51:38,989.45,805210
2021-06-18 09:51:39,989.5,805275
2021-06-18 09:51:40,989.4,805375
2021-06-18 09:51:41,989.0,805828
2021-06-18 09:51:42,989.0,805828
2021-06-18 09:51:43,989.1,805829
2021-06-18 09:51:44,989.0,807433
2021-06-18 09:51:45,988.9,807495
2021-06-18 09:51:46,989.15,807520
2021-06-18 09:51:47,989.25,807532
2021-06-18 09:51:48,989.25,807532
2021-06-18 09:51:49,989.25,807548
2021-06-18 09:51:50,989.1,807671
2021-06-18 09:51:51,989.1,807671
2021-06-18 09:51:52,988.6,807843
2021-06-18 09:51:54,989.1,808094
2021-06-18 09:51:55,989.1,808095
2021-06-18 09:51:56,989.3,808195
2021-06-18 09:51:57,988.85,808321
2021-06-18 09:51:58,988.95,808405
2021-06-18 09:51:59,988.5,808531
2021-06-18 09:52:00,988.5,808641
2021-06-18 09:52:01,988.6,808643
2021-06-18 09:52:02,988.9,808751
2021-06-18 09:52:03,988.9,808757
2021-06-18 09:52:04,988.5,808762
2021-06-18 09:52:05,988.5,808762
2021-06-18 09:52:06,988.5,811266
2021-06-18 09:52:08,988.5,811276
2021-06-18 09:52:09,988.2,811324
2021-06-18 09:52:10,987.9,826905
2021-06-18 09:52:11,987.2,827125
2021-06-18 09:52:12,987.05,827445
2021-06-18 09:52:13,987.1,827545
2021-06-18 09:52:14,987.05,827555
2021-06-18 09:52:15,987.55,827661
2021-06-18 09:52:16,987.5,828408
2021-06-18 09:52:17,987.5,828618
2021-06-18 09:52:18,987.55,831265
2021-06-18 09:52:19,987.05,831295
2021-06-18 09:52:20,986.5,836392
2021-06-18 09:52:21,986.5,836491
2021-06-18 09:52:22,986.5,837124
2021-06-18 09:52:23,986.5,837425
2021-06-18 09:52:24,986.85,837635
2021-06-18 09:52:25,986.5,840988
2021-06-18 09:52:26,986.5,841469
2021-06-18 09:52:27,986.55,841722
2021-06-18 09:52:28,986.8,841870
2021-06-18 09:52:29,986.45,841890
2021-06-18 09:52:30,986.8,842398
2021-06-18 09:52:31,986.8,842413
2021-06-18 09:52:32,986.5,842628
2021-06-18 09:52:33,986.85,842679
2021-06-18 09:52:34,987.0,843021
2021-06-18 09:52:35,986.45,843552
2021-06-18 09:52:36,986.45,843552
2021-06-18 09:52:37,986.7,844157
2021-06-18 09:52:39,986.05,850489
2021-06-18 09:52:38,986.05,850489
2021-06-18 09:52:40,986.25,850708
2021-06-18 09:52:41,986.0,850877
2021-06-18 09:52:42,985.8,851796
2021-06-18 09:52:44,986.65,852206
2021-06-18 09:52:45,986.0,852626
2021-06-18 09:52:46,986.05,852631
2021-06-18 09:52:47,986.35,853241
2021-06-18 09:52:48,986.85,854246
2021-06-18 09:52:49,986.35,854251
2021-06-18 09:52:50,986.75,854359
2021-06-18 09:52:51,986.8,854367
2021-06-18 09:52:52,986.8,854367
2021-06-18 09:52:53,986.4,854382
2021-06-18 09:52:54,986.5,854385
2021-06-18 09:52:55,987.5,857436
2021-06-18 09:52:56,987.05,858127
2021-06-18 09:52:57,987.5,858725
2021-06-18 09:52:58,987.35,858729
2021-06-18 09:52:59,987.75,858777
2021-06-18 09:53:00,987.3,858895
2021-06-18 09:53:01,987.95,858917
2021-06-18 09:53:02,987.95,858969
2021-06-18 09:53:03,988.0,858970
2021-06-18 09:53:04,987.5,859069
2021-06-18 09:53:05,987.85,859169
2021-06-18 09:53:06,987.75,859216
2021-06-18 09:53:07,988.0,859319
2021-06-18 09:53:08,987.4,859455
2021-06-18 09:53:09,987.25,859643
2021-06-18 09:53:10,987.7,860144
2021-06-18 09:53:12,986.95,861095
2021-06-18 09:53:13,987.05,861141
2021-06-18 09:53:14,987.1,861224
2021-06-18 09:53:15,987.05,861422
2021-06-18 09:53:16,987.15,861423
2021-06-18 09:53:17,987.1,861523
2021-06-18 09:53:18,987.55,861682
2021-06-18 09:53:19,987.2,861757
2021-06-18 09:53:20,987.4,861758
2021-06-18 09:53:21,987.4,861758
2021-06-18 09:53:22,987.2,861783
2021-06-18 09:53:23,987.4,861793
2021-06-18 09:53:24,987.55,861960
2021-06-18 09:53:24,987.4,862271
2021-06-18 09:53:25,987.4,862271
2021-06-18 09:53:26,987.2,862324
2021-06-18 09:53:31,987.45,862819
2021-06-18 09:53:32,987.05,862869
2021-06-18 09:53:33,986.85,863318
2021-06-18 09:53:35,987.0,863456
2021-06-18 09:53:36,986.75,863561
2021-06-18 09:53:37,987.0,863759
2021-06-18 09:53:38,987.0,863779
2021-06-18 09:53:39,987.4,864103
2021-06-18 09:53:40,987.85,864502
2021-06-18 09:53:44,987.5,865132
2021-06-18 09:53:44,987.5,865137
2021-06-18 09:53:46,987.5,865137
2021-06-18 09:53:46,988.0,865351
2021-06-18 09:53:47,987.9,865382
2021-06-18 09:53:48,987.95,865782
2021-06-18 09:53:49,987.65,865857
2021-06-18 09:53:50,987.65,865884
2021-06-18 09:53:51,987.65,865884
2021-06-18 09:53:52,988.0,866245
2021-06-18 09:53:53,987.9,866246
2021-06-18 09:53:54,988.0,866257
2021-06-18 09:53:55,988.0,866257
2021-06-18 09:53:56,988.0,866376
2021-06-18 09:53:57,987.75,866531
2021-06-18 09:53:58,988.0,866581
2021-06-18 09:53:59,987.65,866601
2021-06-18 09:54:00,988.0,866661
2021-06-18 09:54:01,988.0,866661
2021-06-18 09:54:02,988.0,866674
2021-06-18 09:54:03,988.0,866728
2021-06-18 09:54:04,988.0,867354
2021-06-18 09:54:05,988.1,867404
2021-06-18 09:54:06,988.0,867614
2021-06-18 09:54:07,988.0,867614
2021-06-18 09:54:08,988.0,867764
2021-06-18 09:54:09,988.0,867834
2021-06-18 09:54:10,988.45,868409
2021-06-18 09:54:11,988.2,868459
2021-06-18 09:54:12,988.4,868554
2021-06-18 09:54:13,988.4,868566
2021-06-18 09:54:14,988.05,868577
2021-06-18 09:54:15,988.4,868596
2021-06-18 09:54:16,988.4,868596
2021-06-18 09:54:17,988.45,868639
2021-06-18 09:54:18,988.5,868667
2021-06-18 09:54:19,988.5,868667
2021-06-18 09:54:20,988.2,868672
2021-06-18 09:54:21,988.4,868837
2021-06-18 09:54:22,988.5,868843
2021-06-18 09:54:23,988.1,868845
2021-06-18 09:54:24,987.8,869933
2021-06-18 09:54:25,987.8,869933
2021-06-18 09:54:26,988.35,869958
2021-06-18 09:54:27,988.35,869958
2021-06-18 09:54:28,987.8,869989
2021-06-18 09:54:29,988.1,870014
2021-06-18 09:54:30,987.8,870114
2021-06-18 09:54:31,988.3,870273
2021-06-18 09:54:32,987.95,870284
2021-06-18 09:54:33,988.35,870294
2021-06-18 09:54:34,988.35,870339
2021-06-18 09:54:35,988.35,870392
2021-06-18 09:54:36,988.35,870392
2021-06-18 09:54:37,988.0,870423
2021-06-18 09:54:38,988.0,870423
2021-06-18 09:54:39,988.0,870568
2021-06-18 09:54:40,988.05,870893
2021-06-18 09:54:41,988.05,871013
2021-06-18 09:54:42,988.25,871024
2021-06-18 09:54:43,988.05,871054
2021-06-18 09:54:44,988.35,871104
2021-06-18 09:54:45,988.0,871904
2021-06-18 09:54:46,988.0,871914
2021-06-18 09:54:47,988.0,871914
2021-06-18 09:54:48,987.95,871985
2021-06-18 09:54:49,988.05,872000
2021-06-18 09:54:50,988.0,872265
2021-06-18 09:54:51,988.25,872480
2021-06-18 09:54:52,988.25,872537
2021-06-18 09:54:53,988.25,872580
2021-06-18 09:54:54,988.05,872582
2021-06-18 09:54:55,988.25,872767
2021-06-18 09:54:56,988.05,872977
2021-06-18 09:54:57,988.05,872977
2021-06-18 09:54:58,988.25,873014
2021-06-18 09:55:00,988.1,874274
2021-06-18 09:55:01,988.1,874274
2021-06-18 09:55:02,988.25,874313
2021-06-18 09:55:03,988.1,874677
2021-06-18 09:55:04,988.1,875348
2021-06-18 09:55:05,988.1,875595
2021-06-18 09:55:06,988.1,875676
2021-06-18 09:55:07,988.4,875722
2021-06-18 09:55:08,988.25,875759
2021-06-18 09:55:09,988.1,875783
2021-06-18 09:55:10,988.5,876523
2021-06-18 09:55:11,988.15,877029
2021-06-18 09:55:13,988.1,877831
2021-06-18 09:55:13,988.15,878169
2021-06-18 09:55:14,988.65,878296
2021-06-18 09:55:15,988.65,878347
2021-06-18 09:55:16,988.3,878502
2021-06-18 09:55:17,988.3,878553
2021-06-18 09:55:18,988.8,878769
2021-06-18 09:55:19,988.35,878882
2021-06-18 09:55:20,988.8,878923
2021-06-18 09:55:22,988.8,878995
2021-06-18 09:55:23,988.75,879096
2021-06-18 09:55:23,988.25,879142
2021-06-18 09:55:24,988.35,879162
2021-06-18 09:55:25,988.75,879192
2021-06-18 09:55:26,988.5,879210
2021-06-18 09:55:27,988.25,879416
2021-06-18 09:55:28,988.25,879484
2021-06-18 09:55:31,988.35,879902
2021-06-18 09:55:32,988.35,879967
2021-06-18 09:55:33,988.8,880013
2021-06-18 09:55:33,988.7,880085
2021-06-18 09:55:34,988.35,880166
2021-06-18 09:55:35,988.9,880498
2021-06-18 09:55:37,988.9,880732
2021-06-18 09:55:37,988.85,880819
2021-06-18 09:55:38,988.5,880918
2021-06-18 09:55:39,989.0,881035
2021-06-18 09:55:40,989.0,881353
2021-06-18 09:55:41,988.5,881503
2021-06-18 09:55:43,988.9,881683
2021-06-18 09:55:44,988.9,881754
2021-06-18 09:55:45,988.9,881814
2021-06-18 09:55:46,988.85,881865
2021-06-18 09:55:46,988.5,881924
2021-06-18 09:55:48,988.85,882046
2021-06-18 09:55:49,988.85,882099
2021-06-18 09:55:50,988.5,882142
2021-06-18 09:55:51,988.5,882564
2021-06-18 09:55:51,988.9,882903
2021-06-18 09:55:52,988.9,883107
2021-06-18 09:55:53,988.85,883241
2021-06-18 09:55:54,988.85,883347
2021-06-18 09:55:56,988.1,884550
2021-06-18 09:55:58,988.5,884863
2021-06-18 09:55:59,988.4,885136
2021-06-18 09:55:59,988.4,885227
2021-06-18 09:56:00,988.4,885283
2021-06-18 09:56:01,988.8,885361
2021-06-18 09:56:02,988.75,885432
2021-06-18 09:56:03,988.9,885588
2021-06-18 09:56:05,988.35,885742
2021-06-18 09:56:06,988.35,885953
2021-06-18 09:56:07,987.95,888662
2021-06-18 09:56:08,988.0,888698
2021-06-18 09:56:09,988.0,888760
2021-06-18 09:56:10,988.0,888892
2021-06-18 09:56:11,987.95,888925
2021-06-18 09:56:12,988.05,889076
2021-06-18 09:56:13,988.1,889166
2021-06-18 09:56:14,988.7,891324
2021-06-18 09:56:14,988.4,892091
2021-06-18 09:56:16,988.4,892716
2021-06-18 09:56:17,988.45,892943
2021-06-18 09:56:18,988.6,893096
2021-06-18 09:56:19,988.05,893253
2021-06-18 09:56:20,988.45,893351
2021-06-18 09:56:21,988.1,893391
2021-06-18 09:56:22,988.1,893415
2021-06-18 09:56:23,988.05,893473
2021-06-18 09:56:24,988.25,893635
2021-06-18 09:56:25,988.3,893704
2021-06-18 09:56:26,988.3,893765
2021-06-18 09:56:27,988.3,893795
2021-06-18 09:56:28,988.25,893990
2021-06-18 09:56:29,988.5,894164
2021-06-18 09:56:30,988.0,894298
2021-06-18 09:56:31,988.2,894385
2021-06-18 09:56:32,988.0,894401
2021-06-18 09:56:33,988.0,894402
2021-06-18 09:56:34,987.9,894417
2021-06-18 09:56:34,987.9,894417
2021-06-18 09:56:35,987.7,894717
2021-06-18 09:56:36,988.0,894831
2021-06-18 09:56:37,987.9,894945
2021-06-18 09:56:38,988.0,895169
2021-06-18 09:56:39,988.0,895543
2021-06-18 09:56:40,988.3,895772
2021-06-18 09:56:42,988.5,895868
2021-06-18 09:56:42,988.5,895914
2021-06-18 09:56:43,988.65,896394
2021-06-18 09:56:44,988.95,896706
2021-06-18 09:56:45,988.75,897229
2021-06-18 09:56:46,988.5,897430
2021-06-18 09:56:47,988.4,897502
2021-06-18 09:56:48,989.0,898119
2021-06-18 09:56:49,988.1,898599
2021-06-18 09:56:50,988.3,899002
2021-06-18 09:56:51,988.0,899135
2021-06-18 09:56:53,988.2,900019
2021-06-18 09:56:54,988.0,900394
2021-06-18 09:56:55,988.35,900743
2021-06-18 09:56:56,988.0,900821
2021-06-18 09:56:57,988.0,900832
2021-06-18 09:56:58,988.0,900844
2021-06-18 09:56:59,988.0,900861
2021-06-18 09:57:00,987.55,901295
2021-06-18 09:57:01,988.0,901307
2021-06-18 09:57:02,987.55,901437
2021-06-18 09:57:03,987.55,901437
2021-06-18 09:57:04,987.9,901450
2021-06-18 09:57:04,987.9,901454
2021-06-18 09:57:05,987.55,901484
2021-06-18 09:57:07,987.95,901517
2021-06-18 09:57:08,988.0,901564
2021-06-18 09:57:09,988.0,901567
2021-06-18 09:57:10,987.6,901799
2021-06-18 09:57:11,988.0,901806
2021-06-18 09:57:12,988.0,902027
2021-06-18 09:57:13,988.0,902212
2021-06-18 09:57:14,987.6,902259
2021-06-18 09:57:15,988.0,902314
2021-06-18 09:57:16,988.0,902373
2021-06-18 09:57:17,987.95,902380
2021-06-18 09:57:18,987.7,902397
2021-06-18 09:57:19,987.7,902400
2021-06-18 09:57:19,987.7,902406
2021-06-18 09:57:20,987.6,902615
2021-06-18 09:57:21,987.6,902701
2021-06-18 09:57:22,987.6,902716
2021-06-18 09:57:23,987.8,902752
2021-06-18 09:57:24,987.6,903007
2021-06-18 09:57:25,987.55,903091
2021-06-18 09:57:26,987.6,903206
2021-06-18 09:57:27,987.75,903267
2021-06-18 09:57:28,987.5,903289
2021-06-18 09:57:29,987.5,903293
2021-06-18 09:57:30,987.5,903405
2021-06-18 09:57:31,987.5,903405
2021-06-18 09:57:32,987.75,903555
2021-06-18 09:57:33,987.5,903691
2021-06-18 09:57:34,987.5,903804
2021-06-18 09:57:35,987.5,904209
2021-06-18 09:57:36,987.5,904285
2021-06-18 09:57:37,987.6,904315
2021-06-18 09:57:38,987.65,904333
2021-06-18 09:57:39,987.5,904380
2021-06-18 09:57:40,987.5,904453
2021-06-18 09:57:41,987.5,904678
2021-06-18 09:57:42,987.0,905892
2021-06-18 09:57:43,987.5,905895
2021-06-18 09:57:44,987.5,906047
2021-06-18 09:57:45,987.5,906146
2021-06-18 09:57:46,987.15,906182
2021-06-18 09:57:47,987.5,906233
2021-06-18 09:57:48,987.5,906314
2021-06-18 09:57:50,987.85,906561
2021-06-18 09:57:51,987.6,906586
2021-06-18 09:57:52,987.95,906613
2021-06-18 09:57:53,987.6,906623
2021-06-18 09:57:54,987.95,906680
2021-06-18 09:57:55,987.6,906706
2021-06-18 09:57:56,987.6,906728
2021-06-18 09:57:57,987.85,906753
2021-06-18 09:57:58,987.65,906783
2021-06-18 09:57:59,987.95,906790
2021-06-18 09:58:00,987.65,906881
2021-06-18 09:58:01,987.85,906886
2021-06-18 09:58:02,987.65,906925
2021-06-18 09:58:03,987.65,907148
2021-06-18 09:58:04,987.65,907148
2021-06-18 09:58:05,987.65,907182
2021-06-18 09:58:06,987.05,907582
2021-06-18 09:58:07,987.45,907704
2021-06-18 09:58:08,987.7,907904
2021-06-18 09:58:09,987.45,907965
2021-06-18 09:58:10,987.65,908070
2021-06-18 09:58:11,987.1,908426
2021-06-18 09:58:12,987.3,908429
2021-06-18 09:58:14,987.3,908454
2021-06-18 09:58:14,987.8,908466
2021-06-18 09:58:16,987.45,908841
2021-06-18 09:58:17,987.35,909163
2021-06-18 09:58:18,987.35,909523
2021-06-18 09:58:19,987.35,909531
2021-06-18 09:58:20,987.4,909560
2021-06-18 09:58:21,987.35,911556
2021-06-18 09:58:22,987.35,911556
2021-06-18 09:58:23,987.7,911562
2021-06-18 09:58:24,987.65,911615
2021-06-18 09:58:25,987.85,911616
2021-06-18 09:58:26,987.85,911712
2021-06-18 09:58:27,987.4,912554
2021-06-18 09:58:28,987.7,913210
2021-06-18 09:58:29,987.7,913236
2021-06-18 09:58:31,987.7,913277
2021-06-18 09:58:32,987.7,913554
2021-06-18 09:58:33,988.0,914297
2021-06-18 09:58:34,988.2,916606
2021-06-18 09:58:35,988.15,916865
2021-06-18 09:58:36,988.15,917035
2021-06-18 09:58:37,988.15,917186
2021-06-18 09:58:38,988.15,917196
2021-06-18 09:58:39,988.4,917445
2021-06-18 09:58:39,988.4,917500
2021-06-18 09:58:41,988.4,917572
2021-06-18 09:58:42,988.45,917636
2021-06-18 09:58:43,988.4,917648
2021-06-18 09:58:44,988.15,917714
2021-06-18 09:58:45,987.9,917725
2021-06-18 09:58:46,987.65,918410
2021-06-18 09:58:47,987.75,918440
2021-06-18 09:58:48,987.95,918680
2021-06-18 09:58:49,987.95,918803
2021-06-18 09:58:50,988.1,918845
2021-06-18 09:58:51,988.15,918902
2021-06-18 09:58:52,988.2,918913
2021-06-18 09:58:53,988.15,918927
2021-06-18 09:58:54,988.0,919232
2021-06-18 09:58:55,988.0,919788
2021-06-18 09:58:56,988.2,919848
2021-06-18 09:58:57,987.35,920444
2021-06-18 09:58:58,987.85,920727
2021-06-18 09:58:59,987.4,920840
2021-06-18 09:59:00,987.4,920892
2021-06-18 09:59:01,987.4,920894
2021-06-18 09:59:02,988.0,921044
2021-06-18 09:59:03,988.0,921057
2021-06-18 09:59:04,988.1,921078
2021-06-18 09:59:05,988.1,921107
2021-06-18 09:59:06,988.1,921196
2021-06-18 09:59:07,988.1,921291
2021-06-18 09:59:08,988.1,921314
2021-06-18 09:59:09,988.0,921339
2021-06-18 09:59:10,988.15,921449
2021-06-18 09:59:11,988.2,921462
2021-06-18 09:59:11,988.4,921889
2021-06-18 09:59:12,988.5,921904
2021-06-18 09:59:13,988.5,921954
2021-06-18 09:59:14,988.45,922102
2021-06-18 09:59:15,988.45,922102
2021-06-18 09:59:16,988.45,922165
2021-06-18 09:59:17,988.45,922352
2021-06-18 09:59:18,988.45,922360
2021-06-18 09:59:19,988.5,922367
2021-06-18 09:59:20,988.45,922403
2021-06-18 09:59:21,988.45,922405
2021-06-18 09:59:22,987.7,922469
2021-06-18 09:59:23,988.15,922491
2021-06-18 09:59:24,987.95,922572
2021-06-18 09:59:25,987.8,922739
2021-06-18 09:59:26,987.9,922752
2021-06-18 09:59:27,987.9,922752
2021-06-18 09:59:28,987.6,922907
2021-06-18 09:59:29,987.7,922966
2021-06-18 09:59:30,987.7,923003
2021-06-18 09:59:31,988.15,923007
2021-06-18 09:59:32,987.95,923064
2021-06-18 09:59:34,987.75,923509
2021-06-18 09:59:35,988.0,923709
2021-06-18 09:59:36,987.7,924186
2021-06-18 09:59:37,987.25,924253
2021-06-18 09:59:38,988.0,924856
2021-06-18 09:59:39,987.75,925304
2021-06-18 09:59:40,987.75,925402
2021-06-18 09:59:41,987.95,925468
2021-06-18 09:59:42,988.45,925519
2021-06-18 09:59:43,987.95,925537
2021-06-18 09:59:43,987.95,925538
2021-06-18 09:59:44,988.0,925544
2021-06-18 09:59:45,988.15,925575
2021-06-18 09:59:46,988.45,925751
2021-06-18 09:59:47,988.15,925851
2021-06-18 09:59:48,988.45,925979
2021-06-18 09:59:50,987.7,926158
2021-06-18 09:59:50,988.3,926029
2021-06-18 09:59:51,988.3,926362
2021-06-18 09:59:52,988.3,926362
2021-06-18 09:59:54,988.05,927416
2021-06-18 09:59:56,988.0,927697
2021-06-18 09:59:57,988.0,927715
2021-06-18 09:59:57,987.6,927722
2021-06-18 09:59:58,987.95,928026
2021-06-18 10:00:00,988.0,928041
2021-06-18 10:00:03,988.0,928202
2021-06-18 10:00:04,988.0,928202
2021-06-18 10:00:05,987.3,928363
2021-06-18 10:00:06,987.45,929421
2021-06-18 10:00:07,987.6,929472
2021-06-18 10:00:08,987.55,929526
2021-06-18 10:00:10,987.55,929596
2021-06-18 10:00:11,987.5,929746
2021-06-18 10:00:12,988.0,929814
2021-06-18 10:00:13,987.95,929909
2021-06-18 10:00:14,987.95,929909
2021-06-18 10:00:15,987.3,930272
2021-06-18 10:00:16,987.3,930309
2021-06-18 10:00:17,987.55,930615
2021-06-18 10:00:18,987.0,930888
2021-06-18 10:00:19,987.55,931035
2021-06-18 10:00:20,987.55,931067
2021-06-18 10:00:21,987.45,931388
2021-06-18 10:00:22,987.45,931426
2021-06-18 10:00:23,987.0,931548
2021-06-18 10:00:24,987.0,931567
2021-06-18 10:00:25,987.0,931647
2021-06-18 10:00:26,986.7,933263
2021-06-18 10:00:27,987.0,933328
2021-06-18 10:00:28,987.25,933665
2021-06-18 10:00:29,986.7,933746
2021-06-18 10:00:30,987.0,933936
2021-06-18 10:00:31,986.7,934224
2021-06-18 10:00:33,986.5,934401
2021-06-18 10:00:33,986.5,934427
2021-06-18 10:00:34,986.95,934459
2021-06-18 10:00:36,986.5,934466
2021-06-18 10:00:37,986.95,934601
2021-06-18 10:00:38,986.65,934685
2021-06-18 10:00:39,986.7,935255
2021-06-18 10:00:40,986.7,935295
2021-06-18 10:00:41,987.0,935446
2021-06-18 10:00:42,987.0,935518
2021-06-18 10:00:43,986.65,935587
2021-06-18 10:00:44,986.65,935591
2021-06-18 10:00:45,986.65,935641
2021-06-18 10:00:45,987.0,935727
2021-06-18 10:00:46,986.6,935955
2021-06-18 10:00:48,986.5,936458
2021-06-18 10:00:49,986.5,936474
2021-06-18 10:00:51,986.65,938993
2021-06-18 10:00:52,986.95,939174
2021-06-18 10:00:53,986.85,939699
2021-06-18 10:00:54,986.85,939898
2021-06-18 10:00:55,986.9,940181
2021-06-18 10:00:56,986.9,940186
2021-06-18 10:00:57,986.9,940608
2021-06-18 10:00:58,987.0,940618
2021-06-18 10:00:59,987.0,940656
2021-06-18 10:01:00,986.95,940672
2021-06-18 10:01:01,986.95,940728
2021-06-18 10:01:02,987.0,940955
2021-06-18 10:01:03,986.95,941005
2021-06-18 10:01:04,986.9,941183
2021-06-18 10:01:05,986.75,941257
2021-06-18 10:01:06,986.25,941309
2021-06-18 10:01:07,986.1,942035
2021-06-18 10:01:08,986.2,942636
2021-06-18 10:01:09,986.2,942636
2021-06-18 10:01:10,986.2,942646
2021-06-18 10:01:11,986.55,942673
2021-06-18 10:01:11,986.55,942686
2021-06-18 10:01:13,986.65,942935
2021-06-18 10:01:14,986.05,943052
2021-06-18 10:01:15,986.15,943066
2021-06-18 10:01:16,986.35,943086
2021-06-18 10:01:17,986.4,943089
2021-06-18 10:01:18,986.2,943300
2021-06-18 10:01:19,986.7,943823
2021-06-18 10:01:20,986.45,944004
2021-06-18 10:01:21,986.5,944024
2021-06-18 10:01:22,986.35,944486
2021-06-18 10:01:23,986.5,944534
2021-06-18 10:01:24,986.5,944545
2021-06-18 10:01:25,986.35,944596
2021-06-18 10:01:26,986.5,944652
2021-06-18 10:01:27,986.7,944955
2021-06-18 10:01:28,986.7,944971
2021-06-18 10:01:29,986.7,945111
2021-06-18 10:01:30,986.7,945118
2021-06-18 10:01:31,986.7,945390
2021-06-18 10:01:32,986.65,945464
2021-06-18 10:01:34,986.1,945764
2021-06-18 10:01:33,986.4,945544
2021-06-18 10:01:35,986.05,945881
2021-06-18 10:01:37,986.0,946318
2021-06-18 10:01:38,986.4,946897
2021-06-18 10:01:39,986.45,947034
2021-06-18 10:01:40,986.5,947137
2021-06-18 10:01:42,986.5,947463
2021-06-18 10:01:41,986.05,947162
2021-06-18 10:01:43,986.0,947985
2021-06-18 10:01:44,986.5,948307
2021-06-18 10:01:46,986.0,948813
2021-06-18 10:01:47,986.25,949411
2021-06-18 10:01:48,986.5,949518
2021-06-18 10:01:49,986.55,949840
2021-06-18 10:01:50,986.4,950123
2021-06-18 10:01:51,986.5,950426
2021-06-18 10:01:52,986.05,950920
2021-06-18 10:01:53,986.5,951556
2021-06-18 10:01:54,986.5,951781
2021-06-18 10:01:55,986.5,951810
2021-06-18 10:01:56,986.1,951911
2021-06-18 10:01:57,986.1,952054
2021-06-18 10:01:58,986.2,952526
2021-06-18 10:01:59,986.0,952690
2021-06-18 10:02:00,986.0,952745
2021-06-18 10:02:01,986.5,952995
2021-06-18 10:02:02,986.0,953158
2021-06-18 10:02:03,986.0,953394
2021-06-18 10:02:04,986.15,953594
2021-06-18 10:02:05,986.0,953619
2021-06-18 10:02:06,986.0,953840
2021-06-18 10:02:07,986.1,955957
2021-06-18 10:02:10,986.1,956889
2021-06-18 10:02:09,986.15,956773
2021-06-18 10:02:11,986.15,957175
2021-06-18 10:02:12,986.2,957445
2021-06-18 10:02:15,986.1,957668
2021-06-18 10:02:16,986.05,957738
2021-06-18 10:02:17,986.05,957738
2021-06-18 10:02:18,986.05,957860
2021-06-18 10:02:19,986.0,957939
2021-06-18 10:02:20,986.1,958024
2021-06-18 10:02:21,986.05,958045
2021-06-18 10:02:22,986.05,958053
2021-06-18 10:02:23,986.5,958344
2021-06-18 10:02:24,986.0,959844
2021-06-18 10:02:25,986.6,960811
2021-06-18 10:02:26,986.65,961476
2021-06-18 10:02:27,986.15,962127
2021-06-18 10:02:28,986.5,962337
2021-06-18 10:02:29,986.5,962446
2021-06-18 10:02:30,986.7,962583
2021-06-18 10:02:31,986.85,963834
2021-06-18 10:02:32,986.6,964295
2021-06-18 10:02:33,986.8,964537
2021-06-18 10:02:34,987.0,968016
2021-06-18 10:02:35,987.05,969078
2021-06-18 10:02:36,987.05,969548
2021-06-18 10:02:37,987.0,969921
2021-06-18 10:02:38,987.1,970081
2021-06-18 10:02:39,987.05,970221
2021-06-18 10:02:40,986.9,971019
2021-06-18 10:02:41,986.7,971898
2021-06-18 10:02:42,986.8,972398
2021-06-18 10:02:43,986.8,972584
2021-06-18 10:02:44,986.4,972666
2021-06-18 10:02:45,987.2,973528
2021-06-18 10:02:46,986.7,974135
2021-06-18 10:02:47,986.1,974953
2021-06-18 10:02:48,986.45,975214
2021-06-18 10:02:49,986.95,975950
2021-06-18 10:02:50,986.8,976615
2021-06-18 10:02:51,986.8,976995
2021-06-18 10:02:52,986.85,978110
2021-06-18 10:02:53,987.05,978588
2021-06-18 10:02:54,986.85,978760
2021-06-18 10:02:55,986.9,978811
2021-06-18 10:02:56,987.2,979756
2021-06-18 10:02:57,986.95,979783
2021-06-18 10:02:58,986.95,979992
2021-06-18 10:02:59,986.95,980140
2021-06-18 10:03:00,987.15,980309
2021-06-18 10:03:01,987.35,980439
2021-06-18 10:03:02,987.5,980494
2021-06-18 10:03:03,987.35,980530
2021-06-18 10:03:04,987.35,980540
2021-06-18 10:03:05,987.35,980603
2021-06-18 10:03:06,987.25,980621
2021-06-18 10:03:07,987.85,982241
2021-06-18 10:03:08,988.0,982891
2021-06-18 10:03:09,987.9,983092
2021-06-18 10:03:10,987.9,983092
2021-06-18 10:03:11,988.0,983212
2021-06-18 10:03:12,988.45,984064
2021-06-18 10:03:13,988.65,984645
2021-06-18 10:03:14,988.9,985095
2021-06-18 10:03:15,988.8,985241
2021-06-18 10:03:16,988.95,985823
2021-06-18 10:03:17,988.6,986178
2021-06-18 10:03:18,988.85,987037
2021-06-18 10:03:19,988.85,987037
2021-06-18 10:03:22,989.3,987390
2021-06-18 10:03:25,989.3,987800
2021-06-18 10:03:26,989.75,988132
2021-06-18 10:03:27,989.55,988212
2021-06-18 10:03:28,989.55,988292
2021-06-18 10:03:31,989.7,988911
2021-06-18 10:03:32,989.5,989024
2021-06-18 10:03:33,989.5,989071
2021-06-18 10:03:35,989.3,989173
2021-06-18 10:03:36,989.35,989188
2021-06-18 10:03:37,989.3,989206
2021-06-18 10:03:38,989.55,989218
2021-06-18 10:03:39,989.7,989499
2021-06-18 10:03:40,989.55,989669
2021-06-18 10:03:41,989.55,989695
2021-06-18 10:03:42,989.35,989883
2021-06-18 10:03:43,989.6,989887
2021-06-18 10:03:44,989.25,990007
2021-06-18 10:03:46,989.7,990233
2021-06-18 10:03:46,989.75,990215
2021-06-18 10:03:47,990.1,994534
2021-06-18 10:03:48,990.2,998000
2021-06-18 10:03:49,990.45,998340
2021-06-18 10:03:50,990.05,998388
2021-06-18 10:03:51,990.1,999043
2021-06-18 10:03:52,989.85,999173
2021-06-18 10:03:53,990.35,1000655
2021-06-18 10:03:54,989.7,1000929
2021-06-18 10:03:55,989.85,1000953
2021-06-18 10:03:56,989.6,1001066
2021-06-18 10:03:57,989.7,1001145
2021-06-18 10:03:58,989.85,1001683
2021-06-18 10:04:00,989.9,1001971
2021-06-18 10:04:01,989.75,1002084
2021-06-18 10:04:01,989.6,1001994
2021-06-18 10:04:02,989.6,1002612
2021-06-18 10:04:03,990.0,1002807
2021-06-18 10:04:04,989.6,1003198
2021-06-18 10:04:05,989.55,1003330
2021-06-18 10:04:06,989.6,1003376
2021-06-18 10:04:07,989.6,1003410
2021-06-18 10:04:08,989.45,1003627
2021-06-18 10:04:09,989.45,1003818
2021-06-18 10:04:10,989.45,1003988
2021-06-18 10:04:11,989.55,1004403
2021-06-18 10:04:13,989.55,1004953
2021-06-18 10:04:13,989.55,1004927
2021-06-18 10:04:14,989.75,1005147
2021-06-18 10:04:15,989.75,1005222
2021-06-18 10:04:16,989.7,1005321
2021-06-18 10:04:17,990.0,1005627
2021-06-18 10:04:18,990.0,1005753
2021-06-18 10:04:19,989.9,1005771
2021-06-18 10:04:20,990.0,1006110
2021-06-18 10:04:21,989.8,1006330
2021-06-18 10:04:22,989.8,1006341
2021-06-18 10:04:23,990.0,1006421
2021-06-18 10:04:24,989.9,1006534
2021-06-18 10:04:25,990.05,1007030
2021-06-18 10:04:28,990.1,1007284
2021-06-18 10:04:30,990.4,1007460
2021-06-18 10:04:31,990.65,1008496
2021-06-18 10:04:33,990.9,1009202
2021-06-18 10:04:34,990.7,1009265
2021-06-18 10:04:35,990.9,1009525
2021-06-18 10:04:36,990.5,1009565
2021-06-18 10:04:37,990.7,1009614
2021-06-18 10:04:38,990.95,1009983
2021-06-18 10:04:39,990.5,1011094
2021-06-18 10:04:40,990.5,1013247
2021-06-18 10:04:41,990.15,1020046
2021-06-18 10:04:42,989.9,1020853
2021-06-18 10:04:43,989.55,1021134
2021-06-18 10:04:44,989.75,1021448
2021-06-18 10:04:45,989.75,1021879
2021-06-18 10:04:47,989.5,1023755
2021-06-18 10:04:47,989.5,1023849
2021-06-18 10:04:48,989.7,1024147
2021-06-18 10:04:49,989.7,1024437
2021-06-18 10:04:50,989.75,1024756
2021-06-18 10:04:51,990.0,1024882
2021-06-18 10:04:52,990.0,1024894
2021-06-18 10:04:53,990.3,1024903
2021-06-18 10:04:54,990.65,1025056
2021-06-18 10:04:56,990.6,1025197
2021-06-18 10:04:57,990.5,1025371
2021-06-18 10:04:58,990.55,1025390
2021-06-18 10:04:59,990.85,1025502
2021-06-18 10:05:00,990.65,1025549
2021-06-18 10:05:01,990.5,1025562
2021-06-18 10:05:03,990.85,1026311
2021-06-18 10:05:04,990.0,1027710
2021-06-18 10:05:05,990.2,1027883
2021-06-18 10:05:06,990.5,1028413
2021-06-18 10:05:07,990.0,1028439
2021-06-18 10:05:08,990.2,1028805
2021-06-18 10:05:09,990.85,1029721
2021-06-18 10:05:10,990.65,1029792
2021-06-18 10:05:11,990.4,1029875
2021-06-18 10:05:12,990.65,1030179
2021-06-18 10:05:13,990.5,1030261
2021-06-18 10:05:14,990.85,1030595
2021-06-18 10:05:15,990.85,1031215
2021-06-18 10:05:16,990.95,1031716
2021-06-18 10:05:17,990.8,1031789
2021-06-18 10:05:18,990.7,1032100
2021-06-18 10:05:19,990.05,1033115
2021-06-18 10:05:20,990.35,1033513
2021-06-18 10:05:21,990.2,1033546
2021-06-18 10:05:22,990.2,1033965
2021-06-18 10:05:23,990.2,1033989
2021-06-18 10:05:24,990.1,1034328
2021-06-18 10:05:25,990.15,1036408
2021-06-18 10:05:26,989.9,1036582
2021-06-18 10:05:28,989.9,1037151
2021-06-18 10:05:29,989.9,1037491
2021-06-18 10:05:29,990.25,1037958
2021-06-18 10:05:30,989.95,1038011
2021-06-18 10:05:31,989.5,1038285
2021-06-18 10:05:32,989.75,1038514
2021-06-18 10:05:33,990.95,1041334
2021-06-18 10:05:34,990.45,1041635
2021-06-18 10:05:35,990.25,1041654
2021-06-18 10:05:36,990.45,1041948
2021-06-18 10:05:37,990.2,1042153
2021-06-18 10:05:38,990.2,1042253
2021-06-18 10:05:39,990.2,1042665
2021-06-18 10:05:40,990.05,1042845
2021-06-18 10:05:41,990.05,1042919
2021-06-18 10:05:42,990.1,1043032
2021-06-18 10:05:43,990.05,1043114
2021-06-18 10:05:44,990.1,1043302
2021-06-18 10:05:45,990.2,1043527
2021-06-18 10:05:46,990.4,1043543
2021-06-18 10:05:47,990.1,1044292
2021-06-18 10:05:48,990.1,1044389
2021-06-18 10:05:50,990.15,1044396
2021-06-18 10:05:50,990.15,1044430
2021-06-18 10:05:52,990.0,1045437
2021-06-18 10:05:52,989.75,1045715
2021-06-18 10:05:54,989.65,1045741
2021-06-18 10:05:55,989.85,1045816
2021-06-18 10:05:56,989.85,1045887
2021-06-18 10:05:56,989.75,1046052
2021-06-18 10:05:57,990.35,1046567
2021-06-18 10:05:59,990.0,1046749
2021-06-18 10:05:59,990.6,1046913
2021-06-18 10:06:00,990.05,1046933
2021-06-18 10:06:02,990.05,1047163
2021-06-18 10:06:02,990.55,1047152
2021-06-18 10:06:03,990.05,1047186
2021-06-18 10:06:04,990.0,1047202
2021-06-18 10:06:05,989.95,1047869
2021-06-18 10:06:06,989.95,1047915
2021-06-18 10:06:07,990.0,1047941
2021-06-18 10:06:08,990.0,1048115
2021-06-18 10:06:10,990.1,1048178
2021-06-18 10:06:11,990.4,1048446
2021-06-18 10:06:11,990.05,1048461
2021-06-18 10:06:13,990.2,1048520
2021-06-18 10:06:14,990.05,1048578
2021-06-18 10:06:15,990.1,1048992
2021-06-18 10:06:16,990.1,1049089
2021-06-18 10:06:17,990.1,1049123
2021-06-18 10:06:18,990.0,1049211
2021-06-18 10:06:18,990.05,1049253
2021-06-18 10:06:19,990.05,1049260
2021-06-18 10:06:20,990.0,1049711
2021-06-18 10:06:21,990.0,1049792
2021-06-18 10:06:22,990.0,1049796
2021-06-18 10:06:23,990.05,1050641
2021-06-18 10:06:25,990.0,1050889
2021-06-18 10:06:26,990.0,1050933
2021-06-18 10:06:27,990.05,1050950
2021-06-18 10:06:28,989.9,1051207
2021-06-18 10:06:30,990.05,1051412
2021-06-18 10:06:31,989.8,1051484
2021-06-18 10:06:32,989.95,1052655
2021-06-18 10:06:32,990.2,1052351
2021-06-18 10:06:33,990.0,1053080
2021-06-18 10:06:34,990.05,1053228
2021-06-18 10:06:35,989.95,1053371
2021-06-18 10:06:36,990.0,1054291
2021-06-18 10:06:37,990.1,1054347
2021-06-18 10:06:38,990.1,1054394
2021-06-18 10:06:39,990.0,1054397
2021-06-18 10:06:40,990.0,1054439
2021-06-18 10:06:41,990.0,1054680
2021-06-18 10:06:42,989.95,1054781
2021-06-18 10:06:44,990.35,1056353
2021-06-18 10:06:45,990.35,1056390
2021-06-18 10:06:46,990.45,1056412
2021-06-18 10:06:47,990.4,1056425
2021-06-18 10:06:48,990.35,1056430
2021-06-18 10:06:49,990.45,1056830
2021-06-18 10:06:51,990.15,1056928
2021-06-18 10:06:52,990.85,1057183
2021-06-18 10:06:52,990.25,1057196
2021-06-18 10:06:54,990.45,1057402
2021-06-18 10:06:54,990.8,1057393
2021-06-18 10:06:55,990.45,1057403
2021-06-18 10:06:56,990.3,1057438
2021-06-18 10:06:57,990.35,1057443
2021-06-18 10:06:58,990.15,1057585
2021-06-18 10:06:59,990.15,1057618
2021-06-18 10:07:00,990.15,1057659
2021-06-18 10:07:01,990.05,1057669
2021-06-18 10:07:02,990.1,1057685
2021-06-18 10:07:03,990.35,1057756
2021-06-18 10:07:04,990.5,1057901
2021-06-18 10:07:05,990.35,1057908
2021-06-18 10:07:06,990.05,1058064
2021-06-18 10:07:07,990.35,1058180
2021-06-18 10:07:08,990.0,1058779
2021-06-18 10:07:10,990.05,1058826
2021-06-18 10:07:10,990.0,1058981
2021-06-18 10:07:12,990.15,1059974
2021-06-18 10:07:13,990.0,1060064
2021-06-18 10:07:14,989.95,1060071
2021-06-18 10:07:14,989.95,1060099
2021-06-18 10:07:15,990.0,1060255
2021-06-18 10:07:17,990.0,1060327
2021-06-18 10:07:19,989.9,1060356
2021-06-18 10:07:20,989.75,1060464
2021-06-18 10:07:20,989.75,1060709
2021-06-18 10:07:22,989.8,1060771
2021-06-18 10:07:24,989.8,1061226
2021-06-18 10:07:25,989.85,1061435
2021-06-18 10:07:26,990.0,1061924
2021-06-18 10:07:27,989.7,1062013
2021-06-18 10:07:28,990.0,1062141
2021-06-18 10:07:29,990.35,1062195
2021-06-18 10:07:31,990.0,1062344
2021-06-18 10:07:32,990.35,1062422
2021-06-18 10:07:33,990.15,1062475
2021-06-18 10:07:33,990.0,1062510
2021-06-18 10:07:35,990.0,1062538
2021-06-18 10:07:36,989.85,1062549
2021-06-18 10:07:36,989.95,1062572
2021-06-18 10:07:37,990.0,1062654
2021-06-18 10:07:39,990.2,1062687
2021-06-18 10:07:40,989.7,1062789
2021-06-18 10:07:40,990.0,1063094
2021-06-18 10:07:41,989.85,1063232
2021-06-18 10:07:43,989.75,1063443
2021-06-18 10:07:44,989.75,1063527
2021-06-18 10:07:45,989.7,1063643
2021-06-18 10:07:46,989.75,1063875
2021-06-18 10:07:47,989.75,1063888
2021-06-18 10:07:49,990.0,1064160
2021-06-18 10:07:50,989.6,1064211
2021-06-18 10:07:51,989.75,1064226
2021-06-18 10:07:52,990.0,1064447
2021-06-18 10:07:54,990.0,1064572
2021-06-18 10:07:55,990.0,1064651
2021-06-18 10:07:56,989.95,1064672
2021-06-18 10:07:57,990.35,1065600
2021-06-18 10:07:58,990.25,1065669
2021-06-18 10:07:59,990.15,1065679
2021-06-18 10:08:00,990.05,1065688
2021-06-18 10:08:01,989.95,1065725
2021-06-18 10:08:02,990.25,1065834
2021-06-18 10:08:04,989.85,1066226
2021-06-18 10:08:06,989.95,1066283
2021-06-18 10:08:06,990.0,1066289
2021-06-18 10:08:07,990.3,1066508
2021-06-18 10:08:09,990.35,1066605
2021-06-18 10:08:10,989.95,1066609
2021-06-18 10:08:11,990.0,1066755
2021-06-18 10:08:12,990.2,1066816
2021-06-18 10:08:13,990.2,1066879
2021-06-18 10:08:14,990.05,1066901
2021-06-18 10:08:15,990.45,1068334
2021-06-18 10:08:16,990.45,1068444
2021-06-18 10:08:16,990.45,1068449
2021-06-18 10:08:17,990.55,1068490
2021-06-18 10:08:18,990.45,1068693
2021-06-18 10:08:21,990.3,1069179
2021-06-18 10:08:23,990.1,1070000
2021-06-18 10:08:24,990.0,1070204
2021-06-18 10:08:25,990.35,1070415
2021-06-18 10:08:28,990.05,1070720
