timestamp,ltp,volume
2021-06-18 09:16:28,2922.8,16599
2021-06-18 09:16:32,2922.65,16785
2021-06-18 09:16:37,2922.0,16939
2021-06-18 09:16:41,2921.1,17220
2021-06-18 09:16:45,2921.85,17504
2021-06-18 09:16:50,2921.8,17635
2021-06-18 09:16:54,2919.1,18302
2021-06-18 09:16:58,2917.1,18922
2021-06-18 09:17:07,2915.0,19312
2021-06-18 09:17:11,2914.95,19595
2021-06-18 09:17:15,2914.95,19799
2021-06-18 09:17:20,2914.9,19955
2021-06-18 09:17:24,2914.3,20109
2021-06-18 09:17:28,2913.6,21984
2021-06-18 09:17:32,2912.0,22277
2021-06-18 09:17:36,2912.7,22459
2021-06-18 09:17:41,2912.7,22809
2021-06-18 09:17:45,2913.05,22984
2021-06-18 09:17:49,2913.4,23118
2021-06-18 09:17:53,2912.55,23234
2021-06-18 09:17:58,2913.55,23536
2021-06-18 09:18:02,2913.3,24109
2021-06-18 09:18:06,2912.2,24217
2021-06-18 09:18:10,2912.95,24451
2021-06-18 09:18:14,2912.0,24565
2021-06-18 09:18:18,2912.0,24742
2021-06-18 09:18:22,2912.0,24815
2021-06-18 09:18:26,2912.4,25110
2021-06-18 09:18:30,2912.0,25217
2021-06-18 09:18:34,2911.95,25307
2021-06-18 09:18:39,2912.75,25467
2021-06-18 09:18:43,2911.0,25916
2021-06-18 09:18:47,2909.6,26722
2021-06-18 09:18:51,2910.0,27465
2021-06-18 09:18:55,2908.3,27533
2021-06-18 09:18:59,2906.85,27736
2021-06-18 09:19:11,2907.1,28746
2021-06-18 09:19:15,2907.05,28866
2021-06-18 09:19:19,2913.25,30582
2021-06-18 09:19:23,2910.2,30795
2021-06-18 09:19:27,2911.7,30846
2021-06-18 09:19:31,2911.25,30952
2021-06-18 09:19:36,2910.95,31279
2021-06-18 09:19:40,2910.95,31446
2021-06-18 09:19:44,2913.45,31603
2021-06-18 09:19:48,2913.45,31788
2021-06-18 09:19:52,2911.75,31874
2021-06-18 09:19:56,2913.1,32129
2021-06-18 09:20:00,2911.4,32134
2021-06-18 09:20:08,2911.65,32288
2021-06-18 09:20:12,2911.65,32559
2021-06-18 09:20:15,2912.0,32829
2021-06-18 09:20:19,2912.0,32950
2021-06-18 09:20:23,2910.75,33089
2021-06-18 09:20:27,2912.95,33318
2021-06-18 09:20:31,2909.1,33811
2021-06-18 09:20:35,2908.2,33926
2021-06-18 09:20:39,2907.05,33997
2021-06-18 09:20:43,2907.0,34144
2021-06-18 09:20:47,2906.0,34345
2021-06-18 09:20:51,2905.85,34684
2021-06-18 09:20:54,2905.75,35461
2021-06-18 09:20:58,2904.9,35698
2021-06-18 09:21:02,2904.9,36113
2021-06-18 09:21:06,2903.45,36233
2021-06-18 09:21:09,2903.05,36401
2021-06-18 09:21:13,2903.45,36640
2021-06-18 09:21:17,2902.8,37121
2021-06-18 09:21:21,2902.7,37362
2021-06-18 09:21:25,2901.1,37526
2021-06-18 09:21:28,2901.65,38166
2021-06-18 09:21:32,2901.15,38675
2021-06-18 09:21:36,2901.0,39456
2021-06-18 09:21:40,2902.0,39499
2021-06-18 09:21:44,2902.0,39636
2021-06-18 09:21:48,2902.0,39727
2021-06-18 09:21:52,2901.6,40361
2021-06-18 09:21:56,2901.55,40639
2021-06-18 09:22:00,2900.75,40842
2021-06-18 09:22:04,2900.25,41070
2021-06-18 09:22:08,2900.0,43073
2021-06-18 09:22:12,2900.55,45716
2021-06-18 09:22:16,2901.85,46429
2021-06-18 09:22:20,2901.85,46824
2021-06-18 09:22:24,2901.85,46936
2021-06-18 09:22:27,2901.85,47124
2021-06-18 09:22:31,2901.85,47377
2021-06-18 09:22:35,2901.25,47786
2021-06-18 09:22:39,2901.25,47830
2021-06-18 09:22:43,2905.5,48531
2021-06-18 09:22:47,2907.05,48718
2021-06-18 09:22:50,2906.85,48748
2021-06-18 09:22:51,2906.95,48751
2021-06-18 09:22:52,2906.95,48751
2021-06-18 09:22:53,2906.4,48852
2021-06-18 09:22:54,2906.4,48852
2021-06-18 09:22:55,2906.4,48853
2021-06-18 09:22:56,2906.4,48853
2021-06-18 09:22:57,2906.95,48883
2021-06-18 09:22:58,2904.05,48974
2021-06-18 09:22:59,2904.05,48974
2021-06-18 09:23:00,2904.3,49042
2021-06-18 09:23:01,2904.3,49042
2021-06-18 09:23:02,2903.1,49045
2021-06-18 09:23:03,2903.1,49045
2021-06-18 09:23:04,2902.8,49050
2021-06-18 09:23:05,2902.25,49100
2021-06-18 09:23:06,2902.05,49139
2021-06-18 09:23:07,2902.05,49148
2021-06-18 09:23:08,2902.05,49160
2021-06-18 09:23:09,2902.0,49214
2021-06-18 09:23:10,2902.0,49236
2021-06-18 09:23:11,2901.85,49246
2021-06-18 09:23:12,2901.95,49252
2021-06-18 09:23:13,2901.7,49273
2021-06-18 09:23:14,2901.95,49375
2021-06-18 09:23:15,2901.95,49397
2021-06-18 09:23:16,2901.95,49436
2021-06-18 09:23:17,2901.95,49437
2021-06-18 09:23:18,2901.95,49473
2021-06-18 09:23:19,2901.95,49473
2021-06-18 09:23:20,2901.0,49745
2021-06-18 09:23:21,2901.25,50793
2021-06-18 09:23:22,2900.75,50896
2021-06-18 09:23:23,2900.0,51106
2021-06-18 09:23:24,2900.0,51237
2021-06-18 09:23:26,2900.7,51394
2021-06-18 09:23:27,2899.75,52618
2021-06-18 09:23:28,2899.9,52773
2021-06-18 09:23:29,2899.0,52783
2021-06-18 09:23:30,2899.55,52813
2021-06-18 09:23:31,2899.2,52819
2021-06-18 09:23:32,2899.2,52819
2021-06-18 09:23:33,2898.9,52833
2021-06-18 09:23:34,2898.9,52860
2021-06-18 09:23:35,2898.85,52937
2021-06-18 09:23:36,2898.8,52978
2021-06-18 09:23:37,2898.85,52993
2021-06-18 09:23:38,2898.85,53219
2021-06-18 09:23:39,2898.9,53499
2021-06-18 09:23:41,2900.65,54040
2021-06-18 09:23:42,2902.0,54421
2021-06-18 09:23:43,2900.45,54615
2021-06-18 09:23:44,2900.45,54615
2021-06-18 09:23:45,2900.45,54615
2021-06-18 09:23:46,2901.75,54642
2021-06-18 09:23:47,2901.75,54642
2021-06-18 09:23:48,2900.9,54652
2021-06-18 09:23:49,2900.0,54653
2021-06-18 09:23:50,2900.0,54658
2021-06-18 09:23:51,2900.9,54691
2021-06-18 09:23:52,2900.9,54746
2021-06-18 09:23:53,2900.0,54876
2021-06-18 09:23:54,2900.95,54974
2021-06-18 09:23:55,2900.9,54984
2021-06-18 09:23:56,2900.0,55180
2021-06-18 09:23:57,2900.35,55237
2021-06-18 09:23:58,2900.55,55269
2021-06-18 09:23:59,2900.55,55269
2021-06-18 09:24:00,2901.3,55310
2021-06-18 09:24:01,2901.0,55311
2021-06-18 09:24:02,2902.45,55421
2021-06-18 09:24:04,2902.85,55431
2021-06-18 09:24:05,2902.75,55631
2021-06-18 09:24:06,2902.5,55635
2021-06-18 09:24:07,2903.15,56128
2021-06-18 09:24:08,2904.6,56236
2021-06-18 09:24:09,2905.0,56243
2021-06-18 09:24:10,2905.0,56425
2021-06-18 09:24:11,2907.1,56530
2021-06-18 09:24:12,2907.5,56531
2021-06-18 09:24:13,2907.5,56535
2021-06-18 09:24:14,2907.5,56535
2021-06-18 09:24:15,2908.0,56636
2021-06-18 09:24:16,2908.0,56648
2021-06-18 09:24:17,2908.0,56649
2021-06-18 09:24:18,2903.95,56846
2021-06-18 09:24:19,2903.95,56846
2021-06-18 09:24:20,2906.05,56854
2021-06-18 09:24:21,2906.05,56854
2021-06-18 09:24:21,2906.15,56859
2021-06-18 09:24:22,2906.15,56862
2021-06-18 09:24:23,2906.15,56865
2021-06-18 09:24:25,2908.0,56972
2021-06-18 09:24:26,2906.75,57036
2021-06-18 09:24:27,2906.05,57062
2021-06-18 09:24:28,2906.45,57063
2021-06-18 09:24:29,2906.45,57063
2021-06-18 09:24:30,2907.2,57115
2021-06-18 09:24:31,2907.8,57196
2021-06-18 09:24:32,2907.8,57196
2021-06-18 09:24:33,2907.8,57196
2021-06-18 09:24:34,2907.8,57196
2021-06-18 09:24:35,2908.0,57234
2021-06-18 09:24:36,2908.0,57234
2021-06-18 09:24:37,2908.0,57234
2021-06-18 09:24:38,2907.8,57237
2021-06-18 09:24:39,2908.0,57242
2021-06-18 09:24:40,2907.8,57263
2021-06-18 09:24:41,2907.3,57264
2021-06-18 09:24:42,2907.3,57264
2021-06-18 09:24:43,2908.0,57414
2021-06-18 09:24:44,2908.0,57527
2021-06-18 09:24:45,2907.95,57531
2021-06-18 09:24:46,2907.95,57531
2021-06-18 09:24:47,2908.0,57581
2021-06-18 09:24:48,2907.9,57591
2021-06-18 09:24:49,2907.9,57602
2021-06-18 09:24:50,2907.35,57896
2021-06-18 09:24:51,2907.35,57896
2021-06-18 09:24:52,2907.55,57916
2021-06-18 09:24:53,2907.55,57916
2021-06-18 09:24:54,2908.0,57923
2021-06-18 09:24:56,2907.9,57937
2021-06-18 09:24:57,2907.9,57942
2021-06-18 09:24:58,2907.9,57963
2021-06-18 09:24:58,2907.9,57963
2021-06-18 09:25:00,2907.85,57969
2021-06-18 09:25:01,2907.85,57969
2021-06-18 09:25:02,2907.85,57970
2021-06-18 09:25:03,2907.85,57975
2021-06-18 09:25:04,2907.3,58007
2021-06-18 09:25:05,2907.3,58012
2021-06-18 09:25:06,2907.3,58040
2021-06-18 09:25:07,2907.3,58040
2021-06-18 09:25:08,2907.3,58040
2021-06-18 09:25:09,2907.0,58157
2021-06-18 09:25:10,2907.0,58161
2021-06-18 09:25:11,2907.3,58298
2021-06-18 09:25:12,2907.3,58298
2021-06-18 09:25:13,2908.0,58413
2021-06-18 09:25:14,2908.0,58413
2021-06-18 09:25:15,2909.0,58426
2021-06-18 09:25:16,2908.0,58427
2021-06-18 09:25:17,2907.95,58446
2021-06-18 09:25:18,2907.95,58446
2021-06-18 09:25:19,2908.0,58537
2021-06-18 09:25:20,2907.9,58638
2021-06-18 09:25:21,2907.85,58988
2021-06-18 09:25:22,2907.85,59128
2021-06-18 09:25:23,2907.5,59198
2021-06-18 09:25:24,2907.5,59338
2021-06-18 09:25:25,2907.45,59342
2021-06-18 09:25:26,2907.45,59342
2021-06-18 09:25:27,2907.4,59345
2021-06-18 09:25:28,2907.0,59385
2021-06-18 09:25:29,2907.0,59430
2021-06-18 09:25:30,2907.0,59583
2021-06-18 09:25:31,2907.0,59607
2021-06-18 09:25:32,2907.0,59722
2021-06-18 09:25:33,2907.0,59722
2021-06-18 09:25:34,2907.05,59732
2021-06-18 09:25:35,2907.75,59735
2021-06-18 09:25:36,2907.95,59737
2021-06-18 09:25:37,2907.95,59750
2021-06-18 09:25:38,2907.5,59767
2021-06-18 09:25:39,2906.4,59797
2021-06-18 09:25:40,2907.8,59801
2021-06-18 09:25:41,2907.8,59808
2021-06-18 09:25:42,2907.35,59809
2021-06-18 09:25:43,2907.75,59843
2021-06-18 09:25:44,2907.8,59870
2021-06-18 09:25:44,2907.8,59870
2021-06-18 09:25:45,2907.8,59876
2021-06-18 09:25:46,2907.8,59876
2021-06-18 09:25:47,2907.4,59877
2021-06-18 09:25:48,2905.55,59927
2021-06-18 09:25:49,2906.45,59957
2021-06-18 09:25:50,2907.35,59963
2021-06-18 09:25:51,2908.0,60463
2021-06-18 09:25:52,2908.0,60463
2021-06-18 09:25:53,2907.15,60483
2021-06-18 09:25:54,2907.15,60483
2021-06-18 09:25:55,2907.05,60487
2021-06-18 09:25:56,2907.05,60492
2021-06-18 09:25:57,2907.05,60492
2021-06-18 09:25:58,2907.05,60492
2021-06-18 09:25:59,2907.05,60492
2021-06-18 09:26:00,2907.05,60496
2021-06-18 09:26:01,2907.0,60539
2021-06-18 09:26:02,2907.0,60539
2021-06-18 09:26:03,2907.2,60584
2021-06-18 09:26:04,2907.2,60584
2021-06-18 09:26:05,2907.1,60589
2021-06-18 09:26:06,2907.1,60620
2021-06-18 09:26:07,2907.1,60620
2021-06-18 09:26:08,2907.2,60627
2021-06-18 09:26:09,2907.2,60627
2021-06-18 09:26:10,2907.2,60694
2021-06-18 09:26:11,2909.9,60771
2021-06-18 09:26:12,2909.6,60772
2021-06-18 09:26:13,2909.6,60772
2021-06-18 09:26:14,2909.6,60772
2021-06-18 09:26:16,2909.35,60779
2021-06-18 09:26:16,2909.35,60782
2021-06-18 09:26:17,2907.6,60796
2021-06-18 09:26:18,2907.65,60819
2021-06-18 09:26:19,2907.65,60819
2021-06-18 09:26:20,2907.65,60833
2021-06-18 09:26:21,2908.65,60863
2021-06-18 09:26:22,2908.65,60865
2021-06-18 09:26:23,2908.55,60870
2021-06-18 09:26:24,2907.05,60892
2021-06-18 09:26:25,2908.0,60897
2021-06-18 09:26:26,2908.0,60900
2021-06-18 09:26:27,2906.3,60964
2021-06-18 09:26:28,2906.3,60964
2021-06-18 09:26:29,2907.7,60966
2021-06-18 09:26:30,2907.7,60970
2021-06-18 09:26:32,2907.05,60973
2021-06-18 09:26:32,2907.1,60982
2021-06-18 09:26:33,2907.1,60982
2021-06-18 09:26:35,2907.25,60991
2021-06-18 09:26:36,2907.25,60991
2021-06-18 09:26:37,2907.25,60991
2021-06-18 09:26:38,2907.5,61091
2021-06-18 09:26:39,2907.1,61096
2021-06-18 09:26:40,2907.5,61100
2021-06-18 09:26:41,2907.8,61105
2021-06-18 09:26:42,2907.8,61105
2021-06-18 09:26:43,2907.8,61105
2021-06-18 09:26:44,2907.8,61130
2021-06-18 09:26:45,2907.8,61130
2021-06-18 09:26:46,2907.8,61130
2021-06-18 09:26:47,2907.85,61131
2021-06-18 09:26:48,2907.8,61135
2021-06-18 09:26:48,2907.8,61146
2021-06-18 09:26:49,2907.8,61146
2021-06-18 09:26:50,2907.7,61152
2021-06-18 09:26:51,2907.8,61162
2021-06-18 09:26:53,2907.8,61162
2021-06-18 09:26:54,2907.8,61172
2021-06-18 09:26:55,2908.0,61193
2021-06-18 09:26:56,2905.4,61852
2021-06-18 09:26:57,2903.6,61925
2021-06-18 09:26:58,2904.5,61950
2021-06-18 09:26:59,2904.25,61955
2021-06-18 09:27:00,2904.25,61959
2021-06-18 09:27:02,2904.9,62164
2021-06-18 09:27:04,2904.9,62164
2021-06-18 09:27:07,2904.95,62171
2021-06-18 09:27:08,2904.95,62171
2021-06-18 09:27:09,2905.0,62188
2021-06-18 09:27:10,2905.15,62202
2021-06-18 09:27:11,2905.15,62202
2021-06-18 09:27:12,2905.15,62202
2021-06-18 09:27:13,2904.7,62205
2021-06-18 09:27:14,2904.7,62205
2021-06-18 09:27:15,2905.15,62226
2021-06-18 09:27:16,2905.15,62231
2021-06-18 09:27:17,2905.15,62231
2021-06-18 09:27:18,2905.3,62232
2021-06-18 09:27:19,2905.3,62232
2021-06-18 09:27:20,2905.0,62235
2021-06-18 09:27:21,2905.15,62261
2021-06-18 09:27:22,2905.3,62295
2021-06-18 09:27:23,2905.3,62295
2021-06-18 09:27:24,2905.3,62295
2021-06-18 09:27:25,2905.3,62315
2021-06-18 09:27:27,2904.9,62512
2021-06-18 09:27:28,2906.25,63201
2021-06-18 09:27:29,2905.05,63209
2021-06-18 09:27:30,2905.55,63288
2021-06-18 09:27:31,2906.75,63390
2021-06-18 09:27:32,2904.8,63410
2021-06-18 09:27:33,2905.55,63500
2021-06-18 09:27:34,2904.95,63550
2021-06-18 09:27:35,2905.55,63554
2021-06-18 09:27:36,2905.55,63554
2021-06-18 09:27:37,2905.55,63589
2021-06-18 09:27:38,2905.55,63589
2021-06-18 09:27:39,2907.05,63618
2021-06-18 09:27:40,2909.35,63634
2021-06-18 09:27:41,2908.25,63636
2021-06-18 09:27:42,2909.7,63640
2021-06-18 09:27:43,2909.7,63685
2021-06-18 09:27:44,2909.85,63700
2021-06-18 09:27:44,2909.85,63700
2021-06-18 09:27:46,2909.9,63725
2021-06-18 09:27:47,2909.95,63760
2021-06-18 09:27:48,2909.2,63770
2021-06-18 09:27:49,2909.2,63770
2021-06-18 09:27:49,2909.95,63795
2021-06-18 09:27:51,2909.95,63799
2021-06-18 09:27:52,2909.5,63817
2021-06-18 09:27:53,2909.5,63872
2021-06-18 09:27:54,2909.2,63875
2021-06-18 09:27:55,2909.2,63879
2021-06-18 09:27:56,2909.2,63879
2021-06-18 09:27:57,2909.2,63879
2021-06-18 09:27:58,2909.2,63883
2021-06-18 09:27:59,2909.2,63885
2021-06-18 09:28:00,2909.2,63889
2021-06-18 09:28:02,2909.2,63938
2021-06-18 09:28:04,2909.2,63941
2021-06-18 09:28:05,2909.2,63941
2021-06-18 09:28:06,2909.2,63945
2021-06-18 09:28:07,2909.2,63983
2021-06-18 09:28:08,2908.4,63999
2021-06-18 09:28:09,2908.4,63999
2021-06-18 09:28:10,2907.2,64009
2021-06-18 09:28:11,2908.5,64013
2021-06-18 09:28:12,2908.5,64013
2021-06-18 09:28:12,2908.45,64038
2021-06-18 09:28:15,2908.45,64046
2021-06-18 09:28:15,2908.45,64050
2021-06-18 09:28:16,2908.0,64055
2021-06-18 09:28:17,2907.1,64061
2021-06-18 09:28:18,2907.1,64061
2021-06-18 09:28:19,2908.0,64063
2021-06-18 09:28:20,2908.0,64111
2021-06-18 09:28:21,2907.05,64150
2021-06-18 09:28:22,2908.0,64155
2021-06-18 09:28:23,2908.0,64165
2021-06-18 09:28:24,2908.0,64166
2021-06-18 09:28:25,2908.0,64170
2021-06-18 09:28:26,2908.0,64170
2021-06-18 09:28:27,2908.0,64170
2021-06-18 09:28:28,2908.0,64170
2021-06-18 09:28:29,2907.95,64172
2021-06-18 09:28:30,2908.0,64198
2021-06-18 09:28:32,2908.0,64202
2021-06-18 09:28:33,2908.0,64241
2021-06-18 09:28:34,2908.0,64241
2021-06-18 09:28:35,2908.0,64245
2021-06-18 09:28:36,2908.0,64260
2021-06-18 09:28:37,2908.0,64280
2021-06-18 09:28:38,2908.0,64280
2021-06-18 09:28:39,2908.0,64280
2021-06-18 09:28:39,2908.0,64280
2021-06-18 09:28:40,2908.0,64284
2021-06-18 09:28:41,2908.0,64284
2021-06-18 09:28:43,2907.25,64309
2021-06-18 09:28:43,2907.25,64309
2021-06-18 09:28:44,2907.25,64309
2021-06-18 09:28:46,2907.95,64313
2021-06-18 09:28:46,2907.95,64313
2021-06-18 09:28:48,2908.0,64315
2021-06-18 09:28:49,2906.9,64355
2021-06-18 09:28:49,2906.9,64355
2021-06-18 09:28:50,2907.95,64359
2021-06-18 09:28:51,2907.95,64359
2021-06-18 09:28:53,2907.95,64359
2021-06-18 09:28:53,2907.95,64359
2021-06-18 09:28:55,2907.95,64359
2021-06-18 09:28:56,2907.95,64368
2021-06-18 09:28:57,2907.95,64368
2021-06-18 09:28:58,2907.95,64414
2021-06-18 09:28:59,2907.95,64414
2021-06-18 09:29:00,2908.0,64531
2021-06-18 09:29:01,2908.0,64531
2021-06-18 09:29:03,2907.0,64996
2021-06-18 09:29:04,2907.0,64996
2021-06-18 09:29:05,2907.0,64996
2021-06-18 09:29:06,2908.0,65059
2021-06-18 09:29:07,2907.95,65060
2021-06-18 09:29:08,2908.0,65061
2021-06-18 09:29:09,2907.95,65087
2021-06-18 09:29:10,2906.75,65300
2021-06-18 09:29:11,2905.6,65506
2021-06-18 09:29:12,2905.6,65506
2021-06-18 09:29:13,2905.6,65521
2021-06-18 09:29:14,2904.0,65661
2021-06-18 09:29:15,2903.0,65712
2021-06-18 09:29:16,2903.75,65716
2021-06-18 09:29:17,2902.75,65751
2021-06-18 09:29:18,2902.75,65758
2021-06-18 09:29:19,2902.75,65763
2021-06-18 09:29:20,2902.6,65773
2021-06-18 09:29:21,2902.0,65837
2021-06-18 09:29:22,2902.0,65837
2021-06-18 09:29:23,2902.0,65837
2021-06-18 09:29:24,2902.55,65842
2021-06-18 09:29:25,2902.55,65842
2021-06-18 09:29:26,2902.75,66094
2021-06-18 09:29:27,2902.75,66094
2021-06-18 09:29:28,2904.95,66115
2021-06-18 09:29:29,2904.6,66148
2021-06-18 09:29:30,2906.1,66173
2021-06-18 09:29:31,2906.35,66198
2021-06-18 09:29:32,2905.5,66250
2021-06-18 09:29:33,2905.5,66250
2021-06-18 09:29:34,2905.2,66280
2021-06-18 09:29:35,2905.2,66284
2021-06-18 09:29:36,2905.2,66284
2021-06-18 09:29:37,2905.2,66284
2021-06-18 09:29:38,2905.2,66304
2021-06-18 09:29:39,2905.0,66329
2021-06-18 09:29:40,2905.15,66343
2021-06-18 09:29:41,2905.15,66374
2021-06-18 09:29:42,2904.15,66388
2021-06-18 09:29:43,2905.35,66414
2021-06-18 09:29:44,2905.35,66414
2021-06-18 09:29:45,2905.2,66419
2021-06-18 09:29:46,2905.2,66419
2021-06-18 09:29:47,2905.2,66419
2021-06-18 09:29:48,2904.65,66444
2021-06-18 09:29:49,2904.95,66448
2021-06-18 09:29:50,2905.3,66449
2021-06-18 09:29:51,2904.15,66463
2021-06-18 09:29:52,2904.15,66463
2021-06-18 09:29:53,2904.15,66463
2021-06-18 09:29:54,2904.15,66463
2021-06-18 09:29:55,2904.15,66541
2021-06-18 09:29:56,2904.15,66545
2021-06-18 09:29:57,2904.15,66545
2021-06-18 09:29:58,2904.0,66560
2021-06-18 09:29:59,2904.0,66660
2021-06-18 09:30:00,2905.3,66766
2021-06-18 09:30:01,2903.7,66796
2021-06-18 09:30:03,2903.7,66806
2021-06-18 09:30:04,2903.7,66806
2021-06-18 09:30:05,2903.7,66807
2021-06-18 09:30:06,2903.7,66814
2021-06-18 09:30:07,2903.65,66824
2021-06-18 09:30:08,2904.05,66832
2021-06-18 09:30:09,2904.05,66832
2021-06-18 09:30:10,2904.05,66832
2021-06-18 09:30:11,2904.05,66836
2021-06-18 09:30:12,2904.05,66836
2021-06-18 09:30:13,2904.05,66836
2021-06-18 09:30:14,2903.7,66890
2021-06-18 09:30:15,2903.0,66900
2021-06-18 09:30:16,2904.05,67004
2021-06-18 09:30:17,2904.05,67006
2021-06-18 09:30:18,2903.0,67332
2021-06-18 09:30:19,2903.0,67424
2021-06-18 09:30:20,2902.75,67525
2021-06-18 09:30:21,2903.0,67555
2021-06-18 09:30:22,2903.0,67555
2021-06-18 09:30:23,2903.25,67567
2021-06-18 09:30:24,2903.0,67570
2021-06-18 09:30:25,2903.25,67574
2021-06-18 09:30:26,2903.25,67574
2021-06-18 09:30:27,2904.3,67584
2021-06-18 09:30:28,2904.3,67584
2021-06-18 09:30:29,2904.3,67584
2021-06-18 09:30:30,2904.3,67584
2021-06-18 09:30:31,2904.35,67588
2021-06-18 09:30:32,2904.35,67589
2021-06-18 09:30:33,2904.35,67589
2021-06-18 09:30:34,2903.75,67593
2021-06-18 09:30:36,2904.95,67603
2021-06-18 09:30:37,2904.35,67613
2021-06-18 09:30:39,2903.25,67648
2021-06-18 09:30:40,2903.95,67652
2021-06-18 09:30:41,2902.65,67977
2021-06-18 09:30:42,2903.05,68035
2021-06-18 09:30:43,2902.95,68045
2021-06-18 09:30:44,2902.95,68054
2021-06-18 09:30:45,2902.95,68063
2021-06-18 09:30:46,2902.95,68083
2021-06-18 09:30:47,2902.95,68083
2021-06-18 09:30:48,2902.2,68601
2021-06-18 09:30:49,2902.2,68602
2021-06-18 09:30:50,2901.9,68606
2021-06-18 09:30:51,2901.95,68644
2021-06-18 09:30:52,2901.95,68644
2021-06-18 09:30:53,2901.0,68667
2021-06-18 09:30:54,2901.85,68675
2021-06-18 09:30:55,2901.85,68693
2021-06-18 09:30:56,2901.8,68696
2021-06-18 09:30:57,2901.85,68823
2021-06-18 09:30:58,2901.85,68848
2021-06-18 09:30:59,2901.85,68862
2021-06-18 09:31:00,2901.85,68918
2021-06-18 09:31:01,2901.9,68924
2021-06-18 09:31:02,2901.85,69027
2021-06-18 09:31:03,2901.9,69120
2021-06-18 09:31:04,2901.9,69131
2021-06-18 09:31:05,2901.55,69147
2021-06-18 09:31:06,2901.9,69163
2021-06-18 09:31:07,2901.9,69163
2021-06-18 09:31:08,2901.9,69213
2021-06-18 09:31:09,2901.05,69226
2021-06-18 09:31:10,2901.85,69230
2021-06-18 09:31:11,2901.85,69230
2021-06-18 09:31:12,2901.85,69238
2021-06-18 09:31:13,2901.85,69244
2021-06-18 09:31:14,2901.85,69264
2021-06-18 09:31:15,2901.85,69264
2021-06-18 09:31:16,2901.85,69268
2021-06-18 09:31:17,2901.8,69290
2021-06-18 09:31:18,2901.0,69345
2021-06-18 09:31:19,2901.0,69345
2021-06-18 09:31:20,2901.0,69382
2021-06-18 09:31:22,2901.85,69391
2021-06-18 09:31:23,2901.85,69395
2021-06-18 09:31:24,2901.85,69395
2021-06-18 09:31:25,2901.85,69468
2021-06-18 09:31:26,2904.0,69789
2021-06-18 09:31:27,2904.0,69828
2021-06-18 09:31:28,2903.4,69830
2021-06-18 09:31:29,2904.0,69839
2021-06-18 09:31:30,2904.0,69867
2021-06-18 09:31:31,2904.8,70019
2021-06-18 09:31:32,2904.8,70019
2021-06-18 09:31:37,2905.0,70144
2021-06-18 09:31:39,2905.0,70144
2021-06-18 09:31:39,2905.0,70144
2021-06-18 09:31:40,2905.0,70144
2021-06-18 09:31:41,2906.4,70150
2021-06-18 09:31:42,2906.4,70167
2021-06-18 09:31:43,2906.4,70167
2021-06-18 09:31:44,2906.4,70167
2021-06-18 09:31:45,2906.4,70167
2021-06-18 09:31:46,2906.5,70173
2021-06-18 09:31:47,2905.0,70186
2021-06-18 09:31:48,2904.5,70189
2021-06-18 09:31:49,2904.6,70210
2021-06-18 09:31:50,2906.3,70282
2021-06-18 09:31:51,2905.1,70295
2021-06-18 09:31:52,2906.3,70299
2021-06-18 09:31:53,2906.3,70299
2021-06-18 09:31:54,2906.3,70301
2021-06-18 09:31:55,2906.35,70305
2021-06-18 09:31:56,2906.35,70305
2021-06-18 09:31:58,2905.0,70395
2021-06-18 09:31:57,2905.0,70395
2021-06-18 09:31:59,2906.1,70397
2021-06-18 09:32:00,2906.1,70397
2021-06-18 09:32:01,2906.2,70405
2021-06-18 09:32:02,2906.2,70405
2021-06-18 09:32:03,2905.0,70425
2021-06-18 09:32:04,2905.0,70425
2021-06-18 09:32:05,2906.1,70435
2021-06-18 09:32:07,2906.1,70460
2021-06-18 09:32:08,2905.0,70500
2021-06-18 09:32:09,2905.0,70502
2021-06-18 09:32:10,2905.65,70510
2021-06-18 09:32:11,2905.9,70514
2021-06-18 09:32:12,2906.0,70714
2021-06-18 09:32:13,2905.9,70725
2021-06-18 09:32:14,2905.9,70725
2021-06-18 09:32:15,2903.4,70906
2021-06-18 09:32:16,2903.4,70906
2021-06-18 09:32:17,2904.0,70923
2021-06-18 09:32:18,2904.0,70927
2021-06-18 09:32:19,2904.0,70927
2021-06-18 09:32:20,2903.95,70931
2021-06-18 09:32:21,2902.5,71021
2021-06-18 09:32:22,2903.35,71055
2021-06-18 09:32:23,2901.0,71333
2021-06-18 09:32:24,2901.0,71335
2021-06-18 09:32:25,2902.2,71540
2021-06-18 09:32:26,2903.05,71549
2021-06-18 09:32:27,2903.05,71549
2021-06-18 09:32:28,2903.05,71549
2021-06-18 09:32:29,2903.0,71593
2021-06-18 09:32:30,2901.9,71739
2021-06-18 09:32:31,2903.05,71740
2021-06-18 09:32:32,2903.05,71740
2021-06-18 09:32:33,2903.05,71741
2021-06-18 09:32:34,2903.05,71751
2021-06-18 09:32:35,2901.9,71909
2021-06-18 09:32:36,2901.9,71909
2021-06-18 09:32:37,2903.05,71935
2021-06-18 09:32:38,2903.05,71952
2021-06-18 09:32:40,2903.05,71981
2021-06-18 09:32:41,2903.05,71991
2021-06-18 09:32:42,2903.05,72001
2021-06-18 09:32:43,2903.05,72001
2021-06-18 09:32:44,2903.05,72001
2021-06-18 09:32:45,2903.05,72025
2021-06-18 09:32:47,2902.0,72124
2021-06-18 09:32:48,2902.0,72124
2021-06-18 09:32:49,2902.0,72215
2021-06-18 09:32:51,2903.1,72286
2021-06-18 09:32:52,2903.1,72286
2021-06-18 09:32:53,2903.05,72310
2021-06-18 09:32:54,2903.05,72310
2021-06-18 09:32:55,2903.05,72320
2021-06-18 09:32:56,2902.9,72343
2021-06-18 09:32:56,2903.0,72347
2021-06-18 09:32:58,2902.8,72357
2021-06-18 09:32:59,2903.0,72365
2021-06-18 09:33:00,2903.0,72380
2021-06-18 09:33:01,2903.0,72384
2021-06-18 09:33:02,2902.0,72404
2021-06-18 09:33:02,2902.5,72454
2021-06-18 09:33:03,2902.5,72454
2021-06-18 09:33:04,2902.0,72495
2021-06-18 09:33:05,2902.5,72579
2021-06-18 09:33:06,2902.5,72579
2021-06-18 09:33:07,2902.5,72579
2021-06-18 09:33:09,2902.9,73154
2021-06-18 09:33:10,2903.0,73158
2021-06-18 09:33:11,2902.8,73164
2021-06-18 09:33:13,2903.0,73180
2021-06-18 09:33:14,2903.0,73180
2021-06-18 09:33:16,2903.35,73217
2021-06-18 09:33:17,2903.35,73217
2021-06-18 09:33:18,2903.35,73231
2021-06-18 09:33:18,2903.35,73231
2021-06-18 09:33:20,2903.35,73231
2021-06-18 09:33:21,2901.7,73456
2021-06-18 09:33:21,2901.7,73456
2021-06-18 09:33:22,2902.0,73466
2021-06-18 09:33:23,2902.65,73468
2021-06-18 09:33:24,2901.75,73500
2021-06-18 09:33:25,2901.75,73528
2021-06-18 09:33:26,2902.65,73553
2021-06-18 09:33:27,2902.65,73557
2021-06-18 09:33:28,2901.45,73582
2021-06-18 09:33:29,2900.85,74153
2021-06-18 09:33:30,2900.55,74196
2021-06-18 09:33:31,2900.55,74196
2021-06-18 09:33:32,2900.8,74271
2021-06-18 09:33:33,2900.3,74287
2021-06-18 09:33:34,2900.8,74292
2021-06-18 09:33:35,2900.8,74430
2021-06-18 09:33:36,2901.5,74640
2021-06-18 09:33:37,2901.5,74640
2021-06-18 09:33:38,2901.5,74650
2021-06-18 09:33:39,2901.5,74650
2021-06-18 09:33:40,2901.5,74655
2021-06-18 09:33:41,2901.5,74662
2021-06-18 09:33:42,2901.5,74671
2021-06-18 09:33:44,2901.5,74676
2021-06-18 09:33:45,2901.5,74676
2021-06-18 09:33:47,2900.0,74781
2021-06-18 09:33:50,2901.0,76172
2021-06-18 09:33:52,2901.25,76176
2021-06-18 09:33:53,2901.2,76206
2021-06-18 09:33:53,2901.2,76206
2021-06-18 09:33:54,2901.2,76208
2021-06-18 09:33:55,2901.2,76222
2021-06-18 09:33:56,2898.6,76830
2021-06-18 09:33:58,2900.8,77373
2021-06-18 09:33:59,2900.35,77401
2021-06-18 09:34:00,2898.8,77426
2021-06-18 09:34:01,2900.05,77630
2021-06-18 09:34:02,2899.55,77646
2021-06-18 09:34:03,2899.6,77674
2021-06-18 09:34:04,2898.5,77699
2021-06-18 09:34:04,2898.2,77712
2021-06-18 09:34:06,2898.45,77843
2021-06-18 09:34:07,2898.5,78068
2021-06-18 09:34:08,2898.6,78098
2021-06-18 09:34:09,2898.6,78160
2021-06-18 09:34:09,2898.6,78160
2021-06-18 09:34:11,2898.6,78166
2021-06-18 09:34:12,2898.6,78166
2021-06-18 09:34:13,2898.55,78177
2021-06-18 09:34:14,2898.55,78178
2021-06-18 09:34:14,2898.55,78178
2021-06-18 09:34:15,2898.55,78212
2021-06-18 09:34:16,2898.55,78223
2021-06-18 09:34:17,2899.0,78323
2021-06-18 09:34:18,2899.55,78332
2021-06-18 09:34:19,2899.55,78332
2021-06-18 09:34:20,2899.55,78390
2021-06-18 09:34:21,2898.55,78397
2021-06-18 09:34:22,2899.55,78399
2021-06-18 09:34:23,2899.95,78487
2021-06-18 09:34:24,2899.95,78487
2021-06-18 09:34:25,2901.5,78500
2021-06-18 09:34:26,2899.2,79000
2021-06-18 09:34:28,2899.2,79000
2021-06-18 09:34:29,2900.95,79027
2021-06-18 09:34:30,2900.65,79037
2021-06-18 09:34:31,2900.65,79065
2021-06-18 09:34:32,2900.65,79066
2021-06-18 09:34:33,2899.35,79117
2021-06-18 09:34:34,2900.35,79135
2021-06-18 09:34:35,2900.35,79135
2021-06-18 09:34:36,2899.55,79189
2021-06-18 09:34:37,2899.55,79189
2021-06-18 09:34:38,2900.35,79199
2021-06-18 09:34:38,2900.35,79199
2021-06-18 09:34:40,2900.35,79200
2021-06-18 09:34:41,2900.1,79290
2021-06-18 09:34:41,2900.1,79290
2021-06-18 09:34:43,2900.3,79295
2021-06-18 09:34:44,2900.3,79302
2021-06-18 09:34:45,2900.3,79326
2021-06-18 09:34:45,2900.3,79330
2021-06-18 09:34:47,2900.3,79333
2021-06-18 09:34:48,2900.1,79368
2021-06-18 09:34:49,2900.1,79452
2021-06-18 09:34:50,2900.3,79478
2021-06-18 09:34:51,2900.3,79604
2021-06-18 09:34:52,2901.55,79610
2021-06-18 09:34:53,2901.0,79660
2021-06-18 09:34:54,2901.55,79714
2021-06-18 09:34:55,2901.55,79722
2021-06-18 09:34:56,2901.55,79764
2021-06-18 09:34:57,2901.75,79773
2021-06-18 09:34:57,2901.0,79778
2021-06-18 09:34:59,2901.55,79780
2021-06-18 09:34:59,2901.55,79780
2021-06-18 09:35:00,2901.8,79784
2021-06-18 09:35:01,2901.65,79854
2021-06-18 09:35:02,2901.65,79908
2021-06-18 09:35:03,2901.65,79951
2021-06-18 09:35:04,2901.65,79951
2021-06-18 09:35:05,2901.65,79955
2021-06-18 09:35:06,2901.65,79955
2021-06-18 09:35:07,2901.5,79957
2021-06-18 09:35:08,2901.5,79957
2021-06-18 09:35:09,2901.5,79957
2021-06-18 09:35:10,2901.25,79971
2021-06-18 09:35:12,2901.25,79973
2021-06-18 09:35:13,2901.25,80056
2021-06-18 09:35:14,2901.25,80056
2021-06-18 09:35:14,2901.25,80057
2021-06-18 09:35:15,2901.5,80106
2021-06-18 09:35:16,2901.5,80107
2021-06-18 09:35:17,2901.6,80128
2021-06-18 09:35:18,2901.6,80128
2021-06-18 09:35:20,2902.4,80216
2021-06-18 09:35:20,2901.9,80220
2021-06-18 09:35:21,2901.9,80220
2021-06-18 09:35:22,2901.9,80232
2021-06-18 09:35:23,2901.0,80555
2021-06-18 09:35:24,2901.6,80675
2021-06-18 09:35:25,2901.55,80829
2021-06-18 09:35:26,2901.25,80869
2021-06-18 09:35:27,2901.0,80879
2021-06-18 09:35:28,2900.7,80990
2021-06-18 09:35:29,2900.95,81065
2021-06-18 09:35:30,2901.1,81070
2021-06-18 09:35:31,2901.1,81074
2021-06-18 09:35:32,2901.1,81074
2021-06-18 09:35:33,2901.1,81074
2021-06-18 09:35:34,2901.0,81168
2021-06-18 09:35:35,2901.1,81172
2021-06-18 09:35:36,2900.55,81209
2021-06-18 09:35:37,2900.0,81306
2021-06-18 09:35:38,2900.0,81331
2021-06-18 09:35:39,2900.0,81332
2021-06-18 09:35:40,2900.05,81346
2021-06-18 09:35:41,2900.05,81374
2021-06-18 09:35:43,2900.05,81387
2021-06-18 09:35:43,2900.05,81387
2021-06-18 09:35:44,2900.05,81387
2021-06-18 09:35:45,2900.05,81545
2021-06-18 09:35:46,2900.05,81545
2021-06-18 09:35:47,2900.05,81678
2021-06-18 09:35:48,2900.25,81722
2021-06-18 09:35:49,2900.3,81725
2021-06-18 09:35:52,2900.25,81734
2021-06-18 09:35:53,2900.25,81735
2021-06-18 09:35:54,2900.05,81810
2021-06-18 09:35:55,2900.25,81814
2021-06-18 09:35:57,2900.2,81892
2021-06-18 09:35:58,2900.2,81892
2021-06-18 09:35:59,2900.2,81897
2021-06-18 09:36:00,2900.2,81901
2021-06-18 09:36:01,2900.2,81901
2021-06-18 09:36:02,2900.2,81901
2021-06-18 09:36:03,2900.2,81906
2021-06-18 09:36:04,2900.2,81912
2021-06-18 09:36:05,2900.05,81926
2021-06-18 09:36:06,2900.05,81931
2021-06-18 09:36:07,2900.05,82055
2021-06-18 09:36:08,2899.95,82182
2021-06-18 09:36:09,2899.55,82406
2021-06-18 09:36:10,2898.05,82416
2021-06-18 09:36:11,2898.6,83140
2021-06-18 09:36:12,2898.7,83490
2021-06-18 09:36:13,2897.2,83547
2021-06-18 09:36:14,2898.5,83646
2021-06-18 09:36:15,2898.55,83672
2021-06-18 09:36:16,2898.55,83722
2021-06-18 09:36:17,2898.55,83750
2021-06-18 09:36:18,2898.55,83750
2021-06-18 09:36:19,2897.45,83859
2021-06-18 09:36:20,2897.45,83859
2021-06-18 09:36:21,2898.0,83866
2021-06-18 09:36:22,2898.0,83874
2021-06-18 09:36:24,2898.5,83885
2021-06-18 09:36:25,2898.45,83891
2021-06-18 09:36:27,2898.0,83931
2021-06-18 09:36:28,2898.0,83931
2021-06-18 09:36:29,2898.2,84197
2021-06-18 09:36:30,2897.3,84250
2021-06-18 09:36:31,2896.95,84310
2021-06-18 09:36:32,2896.9,84327
2021-06-18 09:36:32,2896.55,84357
2021-06-18 09:36:34,2895.5,84565
2021-06-18 09:36:35,2895.0,84829
2021-06-18 09:36:36,2894.7,85486
2021-06-18 09:36:37,2893.4,85644
2021-06-18 09:36:38,2894.75,85664
2021-06-18 09:36:39,2894.0,85665
2021-06-18 09:36:40,2894.0,85709
2021-06-18 09:36:41,2893.0,85827
2021-06-18 09:36:42,2893.65,86510
2021-06-18 09:36:43,2893.65,86510
2021-06-18 09:36:44,2894.2,87137
2021-06-18 09:36:45,2894.7,87349
2021-06-18 09:36:46,2895.45,87478
2021-06-18 09:36:46,2895.45,87478
2021-06-18 09:36:47,2894.35,87598
2021-06-18 09:36:48,2894.25,87609
2021-06-18 09:36:50,2895.2,87665
2021-06-18 09:36:51,2895.2,87820
2021-06-18 09:36:52,2895.2,87820
2021-06-18 09:36:53,2894.1,87882
2021-06-18 09:36:54,2895.2,87925
2021-06-18 09:36:55,2895.2,87941
2021-06-18 09:36:56,2895.2,87955
2021-06-18 09:36:57,2895.2,88052
2021-06-18 09:36:58,2894.25,88122
2021-06-18 09:36:59,2895.0,88141
2021-06-18 09:36:59,2895.0,88141
2021-06-18 09:37:01,2894.45,88195
2021-06-18 09:37:01,2894.45,88195
2021-06-18 09:37:03,2894.3,88225
2021-06-18 09:37:04,2894.25,88270
2021-06-18 09:37:05,2894.25,88270
2021-06-18 09:37:05,2894.1,88558
2021-06-18 09:37:06,2893.65,88677
2021-06-18 09:37:07,2894.5,88729
2021-06-18 09:37:08,2894.25,88732
2021-06-18 09:37:09,2894.3,88783
2021-06-18 09:37:10,2894.3,88792
2021-06-18 09:37:12,2894.3,88792
2021-06-18 09:37:13,2894.3,88818
2021-06-18 09:37:14,2893.65,88865
2021-06-18 09:37:15,2893.65,88865
2021-06-18 09:37:16,2894.3,88894
2021-06-18 09:37:17,2894.3,88894
2021-06-18 09:37:18,2894.3,88898
2021-06-18 09:37:19,2894.3,88907
2021-06-18 09:37:20,2893.7,88957
2021-06-18 09:37:21,2894.7,89217
2021-06-18 09:37:22,2894.55,89255
2021-06-18 09:37:23,2894.35,89334
2021-06-18 09:37:24,2893.65,89354
2021-06-18 09:37:25,2894.3,89386
2021-06-18 09:37:26,2894.45,89494
2021-06-18 09:37:27,2894.45,89530
2021-06-18 09:37:28,2894.45,89574
2021-06-18 09:37:29,2894.15,89674
2021-06-18 09:37:30,2894.0,89675
2021-06-18 09:37:31,2894.8,89703
2021-06-18 09:37:32,2894.0,89860
2021-06-18 09:37:33,2894.55,89862
2021-06-18 09:37:33,2894.55,89897
2021-06-18 09:37:34,2894.6,89929
2021-06-18 09:37:36,2894.65,89957
2021-06-18 09:37:37,2894.3,89972
2021-06-18 09:37:38,2894.3,89972
2021-06-18 09:37:39,2894.3,89999
2021-06-18 09:37:40,2894.3,90050
2021-06-18 09:37:41,2894.3,90090
2021-06-18 09:37:42,2894.95,90092
2021-06-18 09:37:43,2894.95,90092
2021-06-18 09:37:43,2894.95,90129
2021-06-18 09:37:45,2894.4,90209
2021-06-18 09:37:45,2895.0,90222
2021-06-18 09:37:46,2895.0,90270
2021-06-18 09:37:47,2895.0,90270
2021-06-18 09:37:48,2894.65,90332
2021-06-18 09:37:50,2896.5,90427
2021-06-18 09:37:50,2896.5,90427
2021-06-18 09:37:51,2895.55,90662
2021-06-18 09:37:52,2894.35,91086
2021-06-18 09:37:55,2893.05,92313
2021-06-18 09:37:56,2893.05,92366
2021-06-18 09:37:57,2893.05,92681
2021-06-18 09:37:58,2892.4,92778
2021-06-18 09:37:59,2893.35,92813
2021-06-18 09:38:00,2893.3,92931
2021-06-18 09:38:01,2893.05,93030
2021-06-18 09:38:01,2893.3,93012
2021-06-18 09:38:03,2893.25,93070
2021-06-18 09:38:05,2890.9,95183
2021-06-18 09:38:05,2892.3,95128
2021-06-18 09:38:07,2890.9,95463
2021-06-18 09:38:07,2890.9,95403
2021-06-18 09:38:09,2890.85,95914
2021-06-18 09:38:10,2890.8,96059
2021-06-18 09:38:10,2890.8,96059
2021-06-18 09:38:12,2890.9,96202
2021-06-18 09:38:13,2890.9,96746
2021-06-18 09:38:14,2891.7,96837
2021-06-18 09:38:15,2891.0,96887
2021-06-18 09:38:17,2891.8,96901
2021-06-18 09:38:18,2891.0,96943
2021-06-18 09:38:19,2891.8,97169
2021-06-18 09:38:19,2891.8,97169
2021-06-18 09:38:20,2892.0,97198
2021-06-18 09:38:22,2893.45,97233
2021-06-18 09:38:22,2894.1,97295
2021-06-18 09:38:23,2893.65,97335
2021-06-18 09:38:24,2892.0,97385
2021-06-18 09:38:25,2893.2,97471
2021-06-18 09:38:27,2893.15,97508
2021-06-18 09:38:28,2893.4,97512
2021-06-18 09:38:29,2893.95,97552
2021-06-18 09:38:31,2893.85,97588
2021-06-18 09:38:32,2893.85,97588
2021-06-18 09:38:33,2893.9,97613
2021-06-18 09:38:34,2893.9,97613
2021-06-18 09:38:35,2893.85,97680
2021-06-18 09:38:35,2893.85,97680
2021-06-18 09:38:37,2894.3,97686
2021-06-18 09:38:38,2893.85,97687
2021-06-18 09:38:39,2893.85,97693
2021-06-18 09:38:40,2894.0,97808
2021-06-18 09:38:40,2894.25,97785
2021-06-18 09:38:41,2894.15,97897
2021-06-18 09:38:42,2894.2,97917
2021-06-18 09:38:44,2894.0,97972
2021-06-18 09:38:45,2893.55,98191
2021-06-18 09:38:45,2893.0,98206
2021-06-18 09:38:47,2892.75,98216
2021-06-18 09:38:48,2893.0,98254
2021-06-18 09:38:49,2893.0,98254
2021-06-18 09:38:50,2893.0,98256
2021-06-18 09:38:51,2892.0,98394
2021-06-18 09:38:52,2892.0,98394
2021-06-18 09:38:53,2892.45,98405
2021-06-18 09:38:54,2892.45,98415
2021-06-18 09:38:55,2892.45,98420
2021-06-18 09:38:56,2892.45,98422
2021-06-18 09:38:56,2892.45,98422
2021-06-18 09:38:58,2892.45,98433
2021-06-18 09:38:59,2893.0,98516
2021-06-18 09:39:00,2892.7,98530
2021-06-18 09:39:01,2893.2,98722
2021-06-18 09:39:02,2893.95,98729
2021-06-18 09:39:03,2893.95,98772
2021-06-18 09:39:04,2893.95,98772
2021-06-18 09:39:04,2893.95,98772
2021-06-18 09:39:05,2893.95,98776
2021-06-18 09:39:06,2893.95,98776
2021-06-18 09:39:08,2894.1,98854
2021-06-18 09:39:09,2894.0,98900
2021-06-18 09:39:09,2893.95,98901
2021-06-18 09:39:11,2893.95,98910
2021-06-18 09:39:12,2893.95,98913
2021-06-18 09:39:13,2893.95,98913
2021-06-18 09:39:14,2893.95,98913
2021-06-18 09:39:15,2893.3,98923
2021-06-18 09:39:16,2893.2,99055
2021-06-18 09:39:16,2893.7,99057
2021-06-18 09:39:18,2893.7,99057
2021-06-18 09:39:19,2893.85,99107
2021-06-18 09:39:20,2893.95,99143
2021-06-18 09:39:21,2894.0,99165
2021-06-18 09:39:22,2894.0,99165
2021-06-18 09:39:23,2893.5,99185
2021-06-18 09:39:24,2893.5,99208
2021-06-18 09:39:25,2893.5,99208
2021-06-18 09:39:26,2894.0,99210
2021-06-18 09:39:27,2893.95,99215
2021-06-18 09:39:27,2893.95,99215
2021-06-18 09:39:28,2893.95,99220
2021-06-18 09:39:30,2893.95,99220
2021-06-18 09:39:31,2894.0,99236
2021-06-18 09:39:32,2893.35,99246
2021-06-18 09:39:33,2893.95,99249
2021-06-18 09:39:34,2893.95,99301
2021-06-18 09:39:35,2894.0,99327
2021-06-18 09:39:36,2894.0,99327
2021-06-18 09:39:37,2894.0,99336
2021-06-18 09:39:37,2894.0,99336
2021-06-18 09:39:38,2894.0,99373
2021-06-18 09:39:40,2894.0,99440
2021-06-18 09:39:41,2894.0,99446
2021-06-18 09:39:42,2894.0,99446
2021-06-18 09:39:43,2894.0,99496
2021-06-18 09:39:44,2893.8,99520
2021-06-18 09:39:45,2894.0,99571
2021-06-18 09:39:46,2894.0,99575
2021-06-18 09:39:47,2894.0,99576
2021-06-18 09:39:48,2894.0,99636
2021-06-18 09:39:48,2894.0,99636
2021-06-18 09:39:49,2894.0,99652
2021-06-18 09:39:51,2894.0,99756
2021-06-18 09:39:52,2894.0,99756
2021-06-18 09:39:53,2894.0,99792
2021-06-18 09:39:54,2894.0,99792
2021-06-18 09:39:55,2893.95,99802
2021-06-18 09:39:56,2893.95,99803
2021-06-18 09:39:57,2893.95,99813
2021-06-18 09:39:57,2893.95,99925
2021-06-18 09:39:59,2893.95,99925
2021-06-18 09:40:00,2894.0,99929
2021-06-18 09:40:01,2894.0,99934
2021-06-18 09:40:02,2894.0,100011
2021-06-18 09:40:03,2894.0,100011
2021-06-18 09:40:04,2894.0,100026
2021-06-18 09:40:05,2894.0,100460
2021-06-18 09:40:06,2893.95,100466
2021-06-18 09:40:07,2893.95,100507
2021-06-18 09:40:08,2894.0,100512
2021-06-18 09:40:09,2894.0,100532
2021-06-18 09:40:10,2894.0,100653
2021-06-18 09:40:12,2894.2,100705
2021-06-18 09:40:13,2894.0,100726
2021-06-18 09:40:14,2894.75,100728
2021-06-18 09:40:15,2894.75,100732
2021-06-18 09:40:16,2894.75,100747
2021-06-18 09:40:17,2894.1,100832
2021-06-18 09:40:18,2894.1,100932
2021-06-18 09:40:19,2894.0,101033
2021-06-18 09:40:20,2894.25,101087
2021-06-18 09:40:21,2894.25,101097
2021-06-18 09:40:22,2893.2,101348
2021-06-18 09:40:23,2893.2,101348
2021-06-18 09:40:25,2892.65,101501
2021-06-18 09:40:24,2892.65,101501
2021-06-18 09:40:26,2892.8,101517
2021-06-18 09:40:27,2891.55,102105
2021-06-18 09:40:28,2891.95,102132
2021-06-18 09:40:29,2891.55,102138
2021-06-18 09:40:30,2891.55,102162
2021-06-18 09:40:31,2891.55,102162
2021-06-18 09:40:32,2890.9,102163
2021-06-18 09:40:33,2892.2,102385
2021-06-18 09:40:34,2892.35,102433
2021-06-18 09:40:35,2892.35,102433
2021-06-18 09:40:36,2892.2,102459
2021-06-18 09:40:37,2891.0,102518
2021-06-18 09:40:38,2891.8,102523
2021-06-18 09:40:39,2891.8,102523
2021-06-18 09:40:40,2891.75,102527
2021-06-18 09:40:41,2891.75,102527
2021-06-18 09:40:43,2891.55,102549
2021-06-18 09:40:44,2891.55,102549
2021-06-18 09:40:45,2891.45,102556
2021-06-18 09:40:46,2891.9,102788
2021-06-18 09:40:47,2894.0,102789
2021-06-18 09:40:48,2892.55,103087
2021-06-18 09:40:49,2892.55,103087
2021-06-18 09:40:50,2892.55,103087
2021-06-18 09:40:51,2892.65,103101
2021-06-18 09:40:53,2892.65,103102
2021-06-18 09:40:54,2892.6,103156
2021-06-18 09:40:55,2892.65,103225
2021-06-18 09:40:56,2892.65,103281
2021-06-18 09:40:57,2892.65,103281
2021-06-18 09:40:58,2892.65,103281
2021-06-18 09:40:59,2893.05,103322
2021-06-18 09:41:01,2893.05,103365
2021-06-18 09:41:02,2893.7,103376
2021-06-18 09:41:03,2892.65,103377
2021-06-18 09:41:04,2892.65,103377
2021-06-18 09:41:05,2892.65,103377
2021-06-18 09:41:06,2892.3,103432
2021-06-18 09:41:07,2892.3,103432
2021-06-18 09:41:08,2893.75,103716
2021-06-18 09:41:09,2894.75,103764
2021-06-18 09:41:10,2894.85,103800
2021-06-18 09:41:11,2893.7,103831
2021-06-18 09:41:12,2894.9,103857
2021-06-18 09:41:13,2893.8,103859
2021-06-18 09:41:14,2894.9,103885
2021-06-18 09:41:15,2894.6,103989
2021-06-18 09:41:16,2894.6,103989
2021-06-18 09:41:17,2894.65,104087
2021-06-18 09:41:18,2892.4,104587
2021-06-18 09:41:19,2892.2,104670
2021-06-18 09:41:20,2892.75,104767
2021-06-18 09:41:21,2892.75,104796
2021-06-18 09:41:22,2893.0,104955
2021-06-18 09:41:23,2893.25,105030
2021-06-18 09:41:25,2893.25,105030
2021-06-18 09:41:24,2893.25,105030
2021-06-18 09:41:26,2893.65,105060
2021-06-18 09:41:27,2893.65,105060
2021-06-18 09:41:28,2893.65,105081
2021-06-18 09:41:29,2893.65,105081
2021-06-18 09:41:30,2893.65,105081
2021-06-18 09:41:31,2894.1,105092
2021-06-18 09:41:32,2894.4,105114
2021-06-18 09:41:33,2894.15,105190
2021-06-18 09:41:34,2894.2,105297
2021-06-18 09:41:35,2894.0,105311
2021-06-18 09:41:36,2894.15,105348
2021-06-18 09:41:37,2894.15,105348
2021-06-18 09:41:38,2894.15,105354
2021-06-18 09:41:39,2894.1,105463
2021-06-18 09:41:40,2894.1,105463
2021-06-18 09:41:41,2893.85,105468
2021-06-18 09:41:42,2893.85,105545
2021-06-18 09:41:43,2893.85,105545
2021-06-18 09:41:44,2892.5,105651
2021-06-18 09:41:45,2893.65,105655
2021-06-18 09:41:47,2893.65,105780
2021-06-18 09:41:46,2893.65,105780
2021-06-18 09:41:48,2893.7,105870
2021-06-18 09:41:49,2893.7,105870
2021-06-18 09:41:50,2893.7,105900
2021-06-18 09:41:51,2893.75,105909
2021-06-18 09:41:52,2893.75,105909
2021-06-18 09:41:53,2893.75,105909
2021-06-18 09:41:54,2892.5,105912
2021-06-18 09:41:55,2893.0,105968
2021-06-18 09:41:56,2893.55,105984
2021-06-18 09:41:57,2892.55,106034
2021-06-18 09:41:58,2892.5,106039
2021-06-18 09:41:59,2893.55,106129
2021-06-18 09:42:00,2893.55,106133
2021-06-18 09:42:01,2893.1,106244
2021-06-18 09:42:02,2893.1,106244
2021-06-18 09:42:03,2893.1,106244
2021-06-18 09:42:04,2892.65,106314
2021-06-18 09:42:05,2893.5,106319
2021-06-18 09:42:06,2892.65,106370
2021-06-18 09:42:07,2892.7,106390
2021-06-18 09:42:08,2893.5,106395
2021-06-18 09:42:09,2892.7,106445
2021-06-18 09:42:10,2893.5,106460
2021-06-18 09:42:11,2893.5,106460
2021-06-18 09:42:13,2893.5,106560
2021-06-18 09:42:13,2893.5,106560
2021-06-18 09:42:14,2893.5,106560
2021-06-18 09:42:15,2893.45,106564
2021-06-18 09:42:16,2893.45,106606
2021-06-18 09:42:17,2893.5,106706
2021-06-18 09:42:18,2893.45,106709
2021-06-18 09:42:19,2893.45,106732
2021-06-18 09:42:21,2893.45,106773
2021-06-18 09:42:21,2893.45,106773
2021-06-18 09:42:22,2893.5,106774
2021-06-18 09:42:23,2892.65,106955
2021-06-18 09:42:24,2892.95,107016
2021-06-18 09:42:25,2892.8,107020
2021-06-18 09:42:26,2892.2,107021
2021-06-18 09:42:27,2892.8,107024
2021-06-18 09:42:28,2892.8,107024
2021-06-18 09:42:29,2892.2,107040
2021-06-18 09:42:30,2892.2,107068
2021-06-18 09:42:31,2892.0,107071
2021-06-18 09:42:33,2892.2,107126
2021-06-18 09:42:33,2892.2,107126
2021-06-18 09:42:34,2892.2,107126
2021-06-18 09:42:35,2892.75,107186
2021-06-18 09:42:36,2892.8,107222
2021-06-18 09:42:37,2892.75,107322
2021-06-18 09:42:38,2891.15,107393
2021-06-18 09:42:39,2892.55,107731
2021-06-18 09:42:40,2892.3,107735
2021-06-18 09:42:41,2891.25,107807
2021-06-18 09:42:43,2892.0,107822
2021-06-18 09:42:43,2892.0,107822
2021-06-18 09:42:44,2891.05,107913
2021-06-18 09:42:46,2891.2,108060
2021-06-18 09:42:46,2891.25,108083
2021-06-18 09:42:47,2891.35,108116
2021-06-18 09:42:49,2890.75,108304
2021-06-18 09:42:50,2890.75,108304
2021-06-18 09:42:50,2892.0,108310
2021-06-18 09:42:51,2892.0,108310
2021-06-18 09:42:52,2892.2,108311
2021-06-18 09:42:53,2891.2,108331
2021-06-18 09:42:54,2891.35,108341
2021-06-18 09:42:55,2891.9,108345
2021-06-18 09:42:56,2891.9,108345
2021-06-18 09:42:57,2891.95,108397
2021-06-18 09:42:58,2891.25,108546
2021-06-18 09:42:59,2890.5,108613
2021-06-18 09:43:01,2890.45,110345
2021-06-18 09:43:03,2890.45,110345
2021-06-18 09:43:04,2890.3,110644
2021-06-18 09:43:05,2890.4,110945
2021-06-18 09:43:06,2890.4,110954
2021-06-18 09:43:07,2890.0,110977
2021-06-18 09:43:08,2890.0,110977
2021-06-18 09:43:08,2890.4,110982
2021-06-18 09:43:09,2890.5,111457
2021-06-18 09:43:10,2890.8,111458
2021-06-18 09:43:11,2892.0,111635
2021-06-18 09:43:12,2892.0,111637
2021-06-18 09:43:13,2892.0,111782
2021-06-18 09:43:14,2892.0,111897
2021-06-18 09:43:15,2892.0,111988
2021-06-18 09:43:16,2892.0,112034
2021-06-18 09:43:17,2891.7,112111
2021-06-18 09:43:18,2891.95,112129
2021-06-18 09:43:19,2891.05,112175
2021-06-18 09:43:20,2892.1,112240
2021-06-18 09:43:21,2892.0,112281
2021-06-18 09:43:22,2890.55,112321
2021-06-18 09:43:23,2890.65,112331
2021-06-18 09:43:24,2892.0,112636
2021-06-18 09:43:26,2892.0,112724
2021-06-18 09:43:26,2892.0,112724
2021-06-18 09:43:27,2892.15,112731
2021-06-18 09:43:28,2892.15,112731
2021-06-18 09:43:29,2892.15,112741
2021-06-18 09:43:30,2892.15,112745
2021-06-18 09:43:31,2892.0,112997
2021-06-18 09:43:32,2892.0,112997
2021-06-18 09:43:33,2892.0,112997
2021-06-18 09:43:35,2892.0,113016
2021-06-18 09:43:35,2892.05,113020
2021-06-18 09:43:36,2892.0,113274
2021-06-18 09:43:38,2892.0,113381
2021-06-18 09:43:39,2890.0,113823
2021-06-18 09:43:40,2891.2,113853
2021-06-18 09:43:41,2891.2,113863
2021-06-18 09:43:42,2891.2,113863
2021-06-18 09:43:44,2891.2,113873
2021-06-18 09:43:44,2891.2,113873
2021-06-18 09:43:45,2890.0,113945
2021-06-18 09:43:47,2890.0,113945
2021-06-18 09:43:47,2890.05,113948
2021-06-18 09:43:48,2890.0,113950
2021-06-18 09:43:49,2887.3,117578
2021-06-18 09:43:50,2886.85,117797
2021-06-18 09:43:51,2886.0,118030
2021-06-18 09:43:52,2885.7,118162
2021-06-18 09:43:53,2886.55,118244
2021-06-18 09:43:54,2885.95,118676
2021-06-18 09:43:55,2886.55,118756
2021-06-18 09:43:56,2887.0,119100
2021-06-18 09:43:57,2887.0,119100
2021-06-18 09:43:58,2887.0,119100
2021-06-18 09:43:59,2886.95,119240
2021-06-18 09:44:00,2887.9,119244
2021-06-18 09:44:01,2887.45,119246
2021-06-18 09:44:02,2886.75,119271
2021-06-18 09:44:03,2887.45,119273
2021-06-18 09:44:04,2887.0,119529
2021-06-18 09:44:05,2885.95,119967
2021-06-18 09:44:06,2888.65,120032
2021-06-18 09:44:07,2888.0,120049
2021-06-18 09:44:08,2887.8,120053
2021-06-18 09:44:09,2887.8,120270
2021-06-18 09:44:10,2887.8,120514
2021-06-18 09:44:11,2885.6,120540
2021-06-18 09:44:12,2887.0,120593
2021-06-18 09:44:13,2887.0,120754
2021-06-18 09:44:15,2887.05,120777
2021-06-18 09:44:16,2888.0,120781
2021-06-18 09:44:17,2888.0,120781
2021-06-18 09:44:18,2886.2,120799
2021-06-18 09:44:19,2887.75,120899
2021-06-18 09:44:19,2887.7,120986
2021-06-18 09:44:21,2887.0,121095
2021-06-18 09:44:22,2887.0,121095
2021-06-18 09:44:23,2888.0,121229
2021-06-18 09:44:24,2887.0,121384
2021-06-18 09:44:25,2887.0,121419
2021-06-18 09:44:26,2887.65,121479
2021-06-18 09:44:27,2887.0,121959
2021-06-18 09:44:28,2887.0,122254
2021-06-18 09:44:28,2887.05,122336
2021-06-18 09:44:29,2887.0,122374
2021-06-18 09:44:30,2887.4,122900
2021-06-18 09:44:31,2887.4,123018
2021-06-18 09:44:32,2887.85,123022
2021-06-18 09:44:33,2887.85,123067
2021-06-18 09:44:34,2887.9,123089
2021-06-18 09:44:35,2888.65,123176
2021-06-18 09:44:36,2889.0,123234
2021-06-18 09:44:37,2889.0,123249
2021-06-18 09:44:38,2888.4,123312
2021-06-18 09:44:39,2889.0,123434
2021-06-18 09:44:40,2889.3,123574
2021-06-18 09:44:41,2889.15,123611
2021-06-18 09:44:42,2888.95,123727
2021-06-18 09:44:43,2887.55,123796
2021-06-18 09:44:46,2889.65,124070
2021-06-18 09:44:47,2889.65,124070
2021-06-18 09:44:48,2889.65,124073
2021-06-18 09:44:49,2889.65,124075
2021-06-18 09:44:50,2889.55,124115
2021-06-18 09:44:51,2889.15,124217
2021-06-18 09:44:52,2890.6,125056
2021-06-18 09:44:53,2889.95,125061
2021-06-18 09:44:54,2889.0,125065
2021-06-18 09:44:55,2889.0,125069
2021-06-18 09:44:56,2887.45,125271
2021-06-18 09:44:57,2888.5,125274
2021-06-18 09:44:58,2888.5,125280
2021-06-18 09:44:59,2888.45,125300
2021-06-18 09:45:00,2887.45,125306
2021-06-18 09:45:01,2888.45,125312
2021-06-18 09:45:02,2888.4,125322
2021-06-18 09:45:03,2887.5,125902
2021-06-18 09:45:04,2887.25,125913
2021-06-18 09:45:05,2887.0,125992
2021-06-18 09:45:06,2887.5,125994
2021-06-18 09:45:07,2886.8,126284
2021-06-18 09:45:08,2886.5,126604
2021-06-18 09:45:09,2886.0,126629
2021-06-18 09:45:10,2886.45,126823
2021-06-18 09:45:11,2886.45,126854
2021-06-18 09:45:12,2886.45,126860
2021-06-18 09:45:13,2885.6,126912
2021-06-18 09:45:16,2885.15,127455
2021-06-18 09:45:17,2885.0,128265
2021-06-18 09:45:19,2884.65,128685
2021-06-18 09:45:20,2885.0,128836
2021-06-18 09:45:21,2884.95,129076
2021-06-18 09:45:22,2884.95,129077
2021-06-18 09:45:23,2884.95,129278
2021-06-18 09:45:24,2884.95,129354
2021-06-18 09:45:25,2885.0,129547
2021-06-18 09:45:26,2885.0,129552
2021-06-18 09:45:27,2885.0,129554
2021-06-18 09:45:28,2884.95,129570
2021-06-18 09:45:29,2884.95,129581
2021-06-18 09:45:30,2884.95,129614
2021-06-18 09:45:31,2884.95,129622
2021-06-18 09:45:32,2884.95,129632
2021-06-18 09:45:33,2885.05,130648
2021-06-18 09:45:34,2884.85,130815
2021-06-18 09:45:36,2885.0,130847
2021-06-18 09:45:36,2885.0,130907
2021-06-18 09:45:38,2885.2,131028
2021-06-18 09:45:39,2884.85,131221
2021-06-18 09:45:40,2885.25,131305
2021-06-18 09:45:40,2885.25,131334
2021-06-18 09:45:42,2885.35,131385
2021-06-18 09:45:43,2885.0,131488
2021-06-18 09:45:44,2885.0,131523
2021-06-18 09:45:45,2885.0,131592
2021-06-18 09:45:46,2885.0,131672
2021-06-18 09:45:47,2884.85,131698
2021-06-18 09:45:47,2884.85,131698
2021-06-18 09:45:48,2885.0,131822
2021-06-18 09:45:49,2885.0,132096
2021-06-18 09:45:50,2885.0,132372
2021-06-18 09:45:52,2885.0,132477
2021-06-18 09:45:53,2885.0,132550
2021-06-18 09:45:53,2885.0,132555
2021-06-18 09:45:54,2885.5,132597
2021-06-18 09:45:55,2886.0,132601
2021-06-18 09:45:57,2886.0,132607
2021-06-18 09:45:57,2886.0,132639
2021-06-18 09:45:59,2886.0,132724
2021-06-18 09:46:00,2886.2,132759
2021-06-18 09:46:00,2885.05,132768
2021-06-18 09:46:01,2886.0,132770
2021-06-18 09:46:02,2886.0,132791
2021-06-18 09:46:03,2886.1,132932
2021-06-18 09:46:04,2886.1,132932
2021-06-18 09:46:05,2886.4,132994
2021-06-18 09:46:06,2886.9,133011
2021-06-18 09:46:07,2886.9,133011
2021-06-18 09:46:08,2887.25,133044
2021-06-18 09:46:09,2887.2,133088
2021-06-18 09:46:11,2888.0,133131
2021-06-18 09:46:12,2888.5,133134
2021-06-18 09:46:13,2888.5,133136
2021-06-18 09:46:13,2888.5,133136
2021-06-18 09:46:14,2888.0,133141
2021-06-18 09:46:15,2888.0,133159
2021-06-18 09:46:16,2888.0,133171
2021-06-18 09:46:19,2886.95,133191
2021-06-18 09:46:20,2888.0,133195
2021-06-18 09:46:21,2888.0,133215
2021-06-18 09:46:22,2888.1,133367
2021-06-18 09:46:23,2888.4,133398
2021-06-18 09:46:24,2888.4,133449
2021-06-18 09:46:25,2888.2,133841
2021-06-18 09:46:26,2888.2,134028
2021-06-18 09:46:27,2888.25,134041
2021-06-18 09:46:28,2888.3,134046
2021-06-18 09:46:30,2888.25,134080
2021-06-18 09:46:31,2888.1,134086
2021-06-18 09:46:32,2888.1,134086
2021-06-18 09:46:33,2887.2,134957
2021-06-18 09:46:34,2887.7,135017
2021-06-18 09:46:35,2887.65,135094
2021-06-18 09:46:36,2887.2,135107
2021-06-18 09:46:36,2887.7,135135
2021-06-18 09:46:38,2887.7,135207
2021-06-18 09:46:38,2887.2,135223
2021-06-18 09:46:39,2887.2,135299
2021-06-18 09:46:40,2887.0,135311
2021-06-18 09:46:42,2887.15,135372
2021-06-18 09:46:42,2887.15,135372
2021-06-18 09:46:43,2886.0,135373
2021-06-18 09:46:44,2886.8,135378
2021-06-18 09:46:45,2886.8,135386
2021-06-18 09:46:46,2886.8,135403
2021-06-18 09:46:47,2887.2,135404
2021-06-18 09:46:48,2887.2,135553
2021-06-18 09:46:49,2887.15,136452
2021-06-18 09:46:51,2887.1,136872
2021-06-18 09:46:52,2887.1,136872
2021-06-18 09:46:53,2886.1,136875
2021-06-18 09:46:55,2885.75,136891
2021-06-18 09:46:55,2885.75,136891
2021-06-18 09:46:57,2885.05,137035
2021-06-18 09:46:58,2885.05,137188
2021-06-18 09:46:59,2885.55,137190
2021-06-18 09:47:00,2885.5,137242
2021-06-18 09:47:01,2885.45,137251
2021-06-18 09:47:02,2885.6,137563
2021-06-18 09:47:03,2885.6,137577
2021-06-18 09:47:04,2885.05,137649
2021-06-18 09:47:05,2885.25,137705
2021-06-18 09:47:06,2885.0,137939
2021-06-18 09:47:07,2885.0,138083
2021-06-18 09:47:08,2885.0,138113
2021-06-18 09:47:09,2885.4,138119
2021-06-18 09:47:10,2885.35,138121
2021-06-18 09:47:11,2885.35,138129
2021-06-18 09:47:12,2885.45,138279
2021-06-18 09:47:13,2884.0,138613
2021-06-18 09:47:14,2885.4,138633
2021-06-18 09:47:15,2885.4,138633
2021-06-18 09:47:15,2885.4,138639
2021-06-18 09:47:16,2884.6,138759
2021-06-18 09:47:17,2884.6,138759
2021-06-18 09:47:18,2885.35,138789
2021-06-18 09:47:19,2884.4,138814
2021-06-18 09:47:21,2885.05,139328
2021-06-18 09:47:22,2885.35,139428
2021-06-18 09:47:23,2883.7,139487
2021-06-18 09:47:25,2884.8,139576
2021-06-18 09:47:25,2884.4,139600
2021-06-18 09:47:27,2884.4,139630
2021-06-18 09:47:28,2884.35,139652
2021-06-18 09:47:29,2884.35,139654
2021-06-18 09:47:30,2884.35,139721
2021-06-18 09:47:31,2884.35,139751
2021-06-18 09:47:32,2884.0,139763
2021-06-18 09:47:33,2884.0,139763
2021-06-18 09:47:34,2884.0,139763
2021-06-18 09:47:35,2883.7,139916
2021-06-18 09:47:36,2883.7,139920
2021-06-18 09:47:36,2883.7,139920
2021-06-18 09:47:37,2883.7,139924
2021-06-18 09:47:38,2883.7,139931
2021-06-18 09:47:39,2883.7,139939
2021-06-18 09:47:40,2883.65,139953
2021-06-18 09:47:41,2883.65,140083
2021-06-18 09:47:42,2883.65,140097
2021-06-18 09:47:43,2883.65,140098
2021-06-18 09:47:44,2883.65,140098
2021-06-18 09:47:45,2883.0,140157
2021-06-18 09:47:46,2883.0,140179
2021-06-18 09:47:48,2883.55,140283
2021-06-18 09:47:49,2883.6,140290
2021-06-18 09:47:50,2883.6,140295
2021-06-18 09:47:51,2883.6,140318
2021-06-18 09:47:52,2883.55,140368
2021-06-18 09:47:53,2883.55,140408
2021-06-18 09:47:54,2883.6,140577
2021-06-18 09:47:55,2883.55,140595
2021-06-18 09:47:56,2883.55,140600
2021-06-18 09:47:57,2883.6,140700
2021-06-18 09:47:58,2883.0,140760
2021-06-18 09:47:59,2882.0,141734
2021-06-18 09:48:00,2882.0,141746
2021-06-18 09:48:01,2881.55,141834
2021-06-18 09:48:02,2881.1,141880
2021-06-18 09:48:03,2881.0,141948
2021-06-18 09:48:04,2881.0,141979
2021-06-18 09:48:05,2881.0,142007
2021-06-18 09:48:06,2881.0,142026
2021-06-18 09:48:07,2880.95,142573
2021-06-18 09:48:07,2880.6,142757
2021-06-18 09:48:08,2880.1,143192
2021-06-18 09:48:09,2881.05,143555
2021-06-18 09:48:10,2880.1,143729
2021-06-18 09:48:11,2880.1,143745
2021-06-18 09:48:12,2880.0,144919
2021-06-18 09:48:14,2880.05,146897
2021-06-18 09:48:15,2880.05,146897
2021-06-18 09:48:16,2880.0,147792
2021-06-18 09:48:17,2879.4,148070
2021-06-18 09:48:18,2878.45,148486
2021-06-18 09:48:19,2878.9,148489
2021-06-18 09:48:20,2880.0,149013
2021-06-18 09:48:20,2879.75,149020
2021-06-18 09:48:21,2879.75,149031
2021-06-18 09:48:22,2880.0,149135
2021-06-18 09:48:24,2881.0,149239
2021-06-18 09:48:24,2881.0,149940
2021-06-18 09:48:25,2882.35,150067
2021-06-18 09:48:27,2883.1,150117
2021-06-18 09:48:28,2882.3,150147
2021-06-18 09:48:29,2882.4,150247
2021-06-18 09:48:30,2880.0,150747
2021-06-18 09:48:32,2880.65,150959
2021-06-18 09:48:33,2880.65,150966
2021-06-18 09:48:34,2880.65,150968
2021-06-18 09:48:35,2880.65,151022
2021-06-18 09:48:36,2881.0,151144
2021-06-18 09:48:37,2881.05,151146
2021-06-18 09:48:37,2881.05,151146
2021-06-18 09:48:39,2881.0,151147
2021-06-18 09:48:40,2880.0,151218
2021-06-18 09:48:41,2880.5,151241
2021-06-18 09:48:42,2880.5,151260
2021-06-18 09:48:43,2880.05,151335
2021-06-18 09:48:45,2880.5,151386
2021-06-18 09:48:46,2880.3,151880
2021-06-18 09:48:47,2880.15,151961
2021-06-18 09:48:48,2880.15,151980
2021-06-18 09:48:49,2880.45,152200
2021-06-18 09:48:50,2880.45,152250
2021-06-18 09:48:51,2880.9,152725
2021-06-18 09:48:52,2880.9,152796
2021-06-18 09:48:53,2880.9,152798
2021-06-18 09:48:54,2880.9,152867
2021-06-18 09:48:55,2880.85,152871
2021-06-18 09:48:56,2880.85,152925
2021-06-18 09:48:58,2880.8,152935
2021-06-18 09:48:59,2880.8,153086
2021-06-18 09:49:00,2880.8,153130
2021-06-18 09:49:01,2880.8,153160
2021-06-18 09:49:02,2880.8,153224
2021-06-18 09:49:03,2880.85,153234
2021-06-18 09:49:04,2880.85,153234
2021-06-18 09:49:05,2880.85,153372
2021-06-18 09:49:06,2880.8,153396
2021-06-18 09:49:07,2880.85,153476
2021-06-18 09:49:08,2880.85,153537
2021-06-18 09:49:09,2880.9,153577
2021-06-18 09:49:10,2880.9,153579
2021-06-18 09:49:12,2881.15,153766
2021-06-18 09:49:13,2882.4,153797
2021-06-18 09:49:14,2882.8,153802
2021-06-18 09:49:15,2882.8,153829
2021-06-18 09:49:16,2882.0,154004
2021-06-18 09:49:17,2882.0,154025
2021-06-18 09:49:17,2881.85,154261
2021-06-18 09:49:18,2882.95,154297
2021-06-18 09:49:20,2882.3,154308
2021-06-18 09:49:21,2882.3,154350
2021-06-18 09:49:22,2882.3,154350
2021-06-18 09:49:23,2882.0,154430
2021-06-18 09:49:24,2882.0,154430
2021-06-18 09:49:26,2881.95,154454
2021-06-18 09:49:27,2881.9,154485
2021-06-18 09:49:28,2881.6,154499
2021-06-18 09:49:29,2881.6,154499
2021-06-18 09:49:30,2881.9,154502
2021-06-18 09:49:31,2881.9,154544
2021-06-18 09:49:32,2881.9,154544
2021-06-18 09:49:33,2881.9,154552
2021-06-18 09:49:34,2881.85,154569
2021-06-18 09:49:36,2882.0,154623
2021-06-18 09:49:37,2882.2,154650
2021-06-18 09:49:39,2882.0,154683
2021-06-18 09:49:40,2882.15,154723
2021-06-18 09:49:42,2884.65,155433
2021-06-18 09:49:43,2884.65,155433
2021-06-18 09:49:44,2884.65,155433
2021-06-18 09:49:45,2881.6,155670
2021-06-18 09:49:46,2882.0,155722
2021-06-18 09:49:47,2882.0,155798
2021-06-18 09:49:48,2882.0,155994
2021-06-18 09:49:49,2882.0,156095
2021-06-18 09:49:51,2881.55,156319
2021-06-18 09:49:52,2881.55,156320
2021-06-18 09:49:53,2881.55,156464
2021-06-18 09:49:54,2881.5,156465
2021-06-18 09:49:55,2881.5,156481
2021-06-18 09:49:56,2881.6,157630
2021-06-18 09:49:57,2881.6,157630
2021-06-18 09:49:58,2880.75,157811
2021-06-18 09:49:59,2880.75,157811
2021-06-18 09:50:00,2880.7,158792
2021-06-18 09:50:01,2879.0,158813
2021-06-18 09:50:02,2879.0,158838
2021-06-18 09:50:03,2880.0,159546
2021-06-18 09:50:04,2880.7,159547
2021-06-18 09:50:05,2880.0,159647
2021-06-18 09:50:06,2880.0,159692
2021-06-18 09:50:07,2880.7,159724
2021-06-18 09:50:08,2880.7,159724
2021-06-18 09:50:09,2880.7,159724
2021-06-18 09:50:10,2880.7,159724
2021-06-18 09:50:11,2880.65,159728
2021-06-18 09:50:12,2880.55,159733
2021-06-18 09:50:13,2880.55,159758
2021-06-18 09:50:14,2880.65,159936
2021-06-18 09:50:15,2880.7,159992
2021-06-18 09:50:16,2880.7,160041
2021-06-18 09:50:17,2881.0,160125
2021-06-18 09:50:18,2880.7,160436
2021-06-18 09:50:19,2881.8,160443
2021-06-18 09:50:20,2880.8,160519
2021-06-18 09:50:21,2882.0,160590
2021-06-18 09:50:22,2882.5,160620
2021-06-18 09:50:23,2882.05,160806
2021-06-18 09:50:24,2882.95,160878
2021-06-18 09:50:25,2882.9,161003
2021-06-18 09:50:26,2882.9,161058
2021-06-18 09:50:27,2882.9,161123
2021-06-18 09:50:28,2883.2,161134
2021-06-18 09:50:29,2883.2,161178
2021-06-18 09:50:30,2883.6,161233
2021-06-18 09:50:32,2883.6,161277
2021-06-18 09:50:33,2883.2,161340
2021-06-18 09:50:34,2883.05,161342
2021-06-18 09:50:35,2883.0,161351
2021-06-18 09:50:36,2883.0,161351
2021-06-18 09:50:37,2883.0,161403
2021-06-18 09:50:38,2883.0,161405
2021-06-18 09:50:39,2882.95,161407
2021-06-18 09:50:40,2882.3,161522
2021-06-18 09:50:41,2882.2,161624
2021-06-18 09:50:42,2882.25,161636
2021-06-18 09:50:43,2882.25,161641
2021-06-18 09:50:44,2883.0,161775
2021-06-18 09:50:45,2883.05,161812
2021-06-18 09:50:46,2883.0,161837
2021-06-18 09:50:47,2883.0,161837
2021-06-18 09:50:48,2883.95,161839
2021-06-18 09:50:49,2883.95,161839
2021-06-18 09:50:50,2883.95,161839
2021-06-18 09:50:51,2884.75,162061
2021-06-18 09:50:52,2883.95,162135
2021-06-18 09:50:53,2884.65,162174
2021-06-18 09:50:54,2884.65,162196
2021-06-18 09:50:55,2884.75,162305
2021-06-18 09:50:56,2884.75,162529
2021-06-18 09:50:57,2884.75,162529
2021-06-18 09:50:58,2884.75,162541
2021-06-18 09:50:59,2884.75,162543
2021-06-18 09:51:00,2884.75,162554
2021-06-18 09:51:01,2884.75,162560
2021-06-18 09:51:02,2884.65,162611
2021-06-18 09:51:03,2884.75,162612
2021-06-18 09:51:04,2884.7,162657
2021-06-18 09:51:05,2884.7,162661
2021-06-18 09:51:06,2884.7,162841
2021-06-18 09:51:07,2884.65,163001
2021-06-18 09:51:08,2884.65,163004
2021-06-18 09:51:09,2884.75,163141
2021-06-18 09:51:10,2884.55,163486
2021-06-18 09:51:11,2884.55,163541
2021-06-18 09:51:12,2884.7,163646
2021-06-18 09:51:13,2884.55,163689
2021-06-18 09:51:14,2884.1,163922
2021-06-18 09:51:15,2884.05,163926
2021-06-18 09:51:16,2884.05,163926
2021-06-18 09:51:18,2884.05,163929
2021-06-18 09:51:19,2884.0,164075
2021-06-18 09:51:22,2883.8,164115
2021-06-18 09:51:23,2883.8,164166
2021-06-18 09:51:24,2883.8,164166
2021-06-18 09:51:25,2883.95,164191
2021-06-18 09:51:26,2883.95,164191
2021-06-18 09:51:27,2882.75,164289
2021-06-18 09:51:28,2883.8,164299
2021-06-18 09:51:29,2883.8,164349
2021-06-18 09:51:30,2883.0,164396
2021-06-18 09:51:31,2883.0,164400
2021-06-18 09:51:32,2883.0,164401
2021-06-18 09:51:33,2882.75,164470
2021-06-18 09:51:34,2882.75,164493
2021-06-18 09:51:35,2882.75,164554
2021-06-18 09:51:36,2882.95,164606
2021-06-18 09:51:37,2882.95,164801
2021-06-18 09:51:38,2882.75,164842
2021-06-18 09:51:39,2882.75,164852
2021-06-18 09:51:40,2882.75,164866
2021-06-18 09:51:41,2882.9,164931
2021-06-18 09:51:42,2882.9,164931
2021-06-18 09:51:43,2882.9,164931
2021-06-18 09:51:44,2882.9,164931
2021-06-18 09:51:45,2883.0,164996
2021-06-18 09:51:46,2881.4,165411
2021-06-18 09:51:47,2883.25,165521
2021-06-18 09:51:48,2882.7,165640
2021-06-18 09:51:49,2882.7,165656
2021-06-18 09:51:50,2883.15,165660
2021-06-18 09:51:51,2881.55,165931
2021-06-18 09:51:52,2881.55,165936
2021-06-18 09:51:53,2881.5,165950
2021-06-18 09:51:54,2881.5,165950
2021-06-18 09:51:55,2881.45,165954
2021-06-18 09:51:56,2881.4,165994
2021-06-18 09:51:57,2881.55,166116
2021-06-18 09:51:59,2881.55,166176
2021-06-18 09:52:00,2881.5,166181
2021-06-18 09:52:01,2881.5,166209
2021-06-18 09:52:02,2881.5,166211
2021-06-18 09:52:03,2881.5,166257
2021-06-18 09:52:04,2881.55,166260
2021-06-18 09:52:05,2883.0,166470
2021-06-18 09:52:06,2882.95,166475
2021-06-18 09:52:07,2882.95,166475
2021-06-18 09:52:08,2882.95,166479
2021-06-18 09:52:09,2882.7,166480
2021-06-18 09:52:10,2882.65,166484
2021-06-18 09:52:11,2882.65,166487
2021-06-18 09:52:12,2881.5,166562
2021-06-18 09:52:13,2881.5,166562
2021-06-18 09:52:14,2881.5,166562
2021-06-18 09:52:15,2882.35,166611
2021-06-18 09:52:16,2881.55,166623
2021-06-18 09:52:17,2881.5,166626
2021-06-18 09:52:18,2882.75,166672
2021-06-18 09:52:19,2882.75,166677
2021-06-18 09:52:20,2882.75,166677
2021-06-18 09:52:21,2882.75,166706
2021-06-18 09:52:22,2882.75,166706
2021-06-18 09:52:23,2882.75,166706
2021-06-18 09:52:25,2882.4,166725
2021-06-18 09:52:26,2882.4,166725
2021-06-18 09:52:27,2882.4,166725
2021-06-18 09:52:28,2882.4,166725
2021-06-18 09:52:29,2882.4,166725
2021-06-18 09:52:30,2882.4,166725
2021-06-18 09:52:31,2882.65,166729
2021-06-18 09:52:32,2882.65,166732
2021-06-18 09:52:33,2882.0,166740
2021-06-18 09:52:34,2882.5,166751
2021-06-18 09:52:36,2881.55,166924
2021-06-18 09:52:37,2881.55,166924
2021-06-18 09:52:38,2882.4,166935
2021-06-18 09:52:39,2882.4,166940
2021-06-18 09:52:40,2882.35,166947
2021-06-18 09:52:41,2882.35,166947
2021-06-18 09:52:42,2882.3,166948
2021-06-18 09:52:43,2882.3,166958
2021-06-18 09:52:44,2882.0,167104
2021-06-18 09:52:45,2882.0,167187
2021-06-18 09:52:46,2882.0,167191
2021-06-18 09:52:47,2882.0,167191
2021-06-18 09:52:48,2882.35,167241
2021-06-18 09:52:49,2882.05,167275
2021-06-18 09:52:50,2882.0,167521
2021-06-18 09:52:51,2882.0,167563
2021-06-18 09:52:52,2882.25,167566
2021-06-18 09:52:53,2882.25,167566
2021-06-18 09:52:54,2882.25,167568
2021-06-18 09:52:55,2881.0,167886
2021-06-18 09:52:56,2882.1,167892
2021-06-18 09:52:57,2881.4,167967
2021-06-18 09:52:58,2881.4,168057
2021-06-18 09:52:59,2881.4,168342
2021-06-18 09:53:00,2881.4,168342
2021-06-18 09:53:01,2881.0,168347
2021-06-18 09:53:02,2881.0,168408
2021-06-18 09:53:03,2881.0,168447
2021-06-18 09:53:04,2881.0,168483
2021-06-18 09:53:05,2881.0,168681
2021-06-18 09:53:06,2880.75,168728
2021-06-18 09:53:07,2880.75,168828
2021-06-18 09:53:08,2880.85,168840
2021-06-18 09:53:09,2880.85,168840
2021-06-18 09:53:11,2881.0,169015
2021-06-18 09:53:11,2881.0,169015
2021-06-18 09:53:13,2881.0,169020
2021-06-18 09:53:14,2880.85,169070
2021-06-18 09:53:15,2881.0,169080
2021-06-18 09:53:16,2880.85,169160
2021-06-18 09:53:17,2880.95,169161
2021-06-18 09:53:18,2880.95,169167
2021-06-18 09:53:19,2880.95,169167
2021-06-18 09:53:20,2881.0,169189
2021-06-18 09:53:21,2881.0,169206
2021-06-18 09:53:22,2880.5,169456
2021-06-18 09:53:23,2881.0,169518
2021-06-18 09:53:24,2880.85,169631
2021-06-18 09:53:25,2881.0,169636
2021-06-18 09:53:25,2880.85,169646
2021-06-18 09:53:26,2880.95,169713
2021-06-18 09:53:27,2880.95,169718
2021-06-18 09:53:28,2880.95,169718
2021-06-18 09:53:29,2880.9,169735
2021-06-18 09:53:31,2880.9,169788
2021-06-18 09:53:32,2881.0,169875
2021-06-18 09:53:33,2881.0,169875
2021-06-18 09:53:35,2880.9,169930
2021-06-18 09:53:36,2880.9,169931
2021-06-18 09:53:37,2880.85,169946
2021-06-18 09:53:38,2880.85,169971
2021-06-18 09:53:39,2880.9,170049
2021-06-18 09:53:40,2880.9,170094
2021-06-18 09:53:44,2881.0,171314
2021-06-18 09:53:45,2881.0,171583
2021-06-18 09:53:45,2881.0,171584
2021-06-18 09:53:47,2881.0,171645
2021-06-18 09:53:47,2881.0,171646
2021-06-18 09:53:48,2880.9,171672
2021-06-18 09:53:49,2881.15,171719
2021-06-18 09:53:50,2881.0,171726
2021-06-18 09:53:51,2881.15,171727
2021-06-18 09:53:52,2881.15,171727
2021-06-18 09:53:53,2881.15,171727
2021-06-18 09:53:55,2880.1,171759
2021-06-18 09:53:56,2880.0,171814
2021-06-18 09:53:57,2880.0,171850
2021-06-18 09:53:58,2880.85,172013
2021-06-18 09:53:59,2880.0,172066
2021-06-18 09:54:00,2880.0,172154
2021-06-18 09:54:01,2880.9,172162
2021-06-18 09:54:02,2880.9,172162
2021-06-18 09:54:03,2880.0,172182
2021-06-18 09:54:04,2880.05,172185
2021-06-18 09:54:05,2880.9,172193
2021-06-18 09:54:06,2880.9,172196
2021-06-18 09:54:07,2880.9,172198
2021-06-18 09:54:08,2880.85,172208
2021-06-18 09:54:09,2880.85,172214
2021-06-18 09:54:10,2880.85,172216
2021-06-18 09:54:11,2880.85,172220
2021-06-18 09:54:12,2880.8,172223
2021-06-18 09:54:13,2880.8,172226
2021-06-18 09:54:14,2880.1,172231
2021-06-18 09:54:15,2880.1,172273
2021-06-18 09:54:16,2880.8,172275
2021-06-18 09:54:17,2880.0,172375
2021-06-18 09:54:18,2880.75,172411
2021-06-18 09:54:19,2880.0,172709
2021-06-18 09:54:20,2881.0,172861
2021-06-18 09:54:21,2880.9,172879
2021-06-18 09:54:22,2881.0,172931
2021-06-18 09:54:23,2881.25,172991
2021-06-18 09:54:24,2881.0,172997
2021-06-18 09:54:25,2881.0,172998
2021-06-18 09:54:26,2880.4,173279
2021-06-18 09:54:27,2880.25,173429
2021-06-18 09:54:28,2881.5,173432
2021-06-18 09:54:29,2881.5,173495
2021-06-18 09:54:30,2881.2,173537
2021-06-18 09:54:31,2881.2,173537
2021-06-18 09:54:32,2881.2,173539
2021-06-18 09:54:33,2881.5,173576
2021-06-18 09:54:34,2881.2,173596
2021-06-18 09:54:35,2881.55,173637
2021-06-18 09:54:36,2881.55,173649
2021-06-18 09:54:37,2881.65,173700
2021-06-18 09:54:38,2881.65,173700
2021-06-18 09:54:39,2881.65,173700
2021-06-18 09:54:40,2882.2,173704
2021-06-18 09:54:41,2882.2,173704
2021-06-18 09:54:42,2882.2,173759
2021-06-18 09:54:43,2882.2,173770
2021-06-18 09:54:44,2882.2,173793
2021-06-18 09:54:46,2882.25,173797
2021-06-18 09:54:47,2882.5,173821
2021-06-18 09:54:48,2882.5,173821
2021-06-18 09:54:49,2882.5,173821
2021-06-18 09:54:50,2882.55,173860
2021-06-18 09:54:51,2883.0,173864
2021-06-18 09:54:52,2883.0,173864
2021-06-18 09:54:53,2882.2,173922
2021-06-18 09:54:54,2882.2,173922
2021-06-18 09:54:55,2882.95,173926
2021-06-18 09:54:56,2882.95,173926
2021-06-18 09:54:57,2882.5,173931
2021-06-18 09:54:58,2882.5,173946
2021-06-18 09:55:00,2882.5,173950
2021-06-18 09:55:01,2882.75,174014
2021-06-18 09:55:02,2882.75,174014
2021-06-18 09:55:03,2882.25,174038
2021-06-18 09:55:04,2882.25,174038
2021-06-18 09:55:05,2882.2,174074
2021-06-18 09:55:06,2882.0,174177
2021-06-18 09:55:07,2882.0,174177
2021-06-18 09:55:08,2882.0,174198
2021-06-18 09:55:09,2882.0,174198
2021-06-18 09:55:09,2882.05,174208
2021-06-18 09:55:10,2882.1,174237
2021-06-18 09:55:13,2882.0,174282
2021-06-18 09:55:13,2882.0,174282
2021-06-18 09:55:14,2882.05,174298
2021-06-18 09:55:15,2881.5,174329
2021-06-18 09:55:16,2882.0,175199
2021-06-18 09:55:17,2882.05,175215
2021-06-18 09:55:18,2882.3,175241
2021-06-18 09:55:19,2882.3,175260
2021-06-18 09:55:20,2882.0,175447
2021-06-18 09:55:22,2882.3,175538
2021-06-18 09:55:22,2882.3,175538
2021-06-18 09:55:23,2882.3,175538
2021-06-18 09:55:24,2882.3,175588
2021-06-18 09:55:25,2882.3,175591
2021-06-18 09:55:26,2882.15,175642
2021-06-18 09:55:27,2882.15,175642
2021-06-18 09:55:28,2882.15,175642
2021-06-18 09:55:31,2881.5,175748
2021-06-18 09:55:32,2882.7,175804
2021-06-18 09:55:33,2882.45,175849
2021-06-18 09:55:33,2882.45,175851
2021-06-18 09:55:34,2882.4,176080
2021-06-18 09:55:36,2882.6,176090
2021-06-18 09:55:37,2882.6,176090
2021-06-18 09:55:37,2882.6,176090
2021-06-18 09:55:38,2882.0,176094
2021-06-18 09:55:39,2882.0,176102
2021-06-18 09:55:40,2881.95,176106
2021-06-18 09:55:41,2881.95,176106
2021-06-18 09:55:43,2881.9,176129
2021-06-18 09:55:44,2882.05,176215
2021-06-18 09:55:45,2881.6,176279
2021-06-18 09:55:46,2881.6,176284
2021-06-18 09:55:46,2881.6,176284
2021-06-18 09:55:48,2881.55,176410
2021-06-18 09:55:49,2881.55,176439
2021-06-18 09:55:50,2881.55,176788
2021-06-18 09:55:51,2881.55,176815
2021-06-18 09:55:51,2881.55,176815
2021-06-18 09:55:52,2881.6,176840
2021-06-18 09:55:53,2881.5,176870
2021-06-18 09:55:54,2881.55,176885
2021-06-18 09:55:55,2881.95,177039
2021-06-18 09:55:56,2881.95,177039
2021-06-18 09:55:58,2882.0,177100
2021-06-18 09:55:59,2882.95,177130
2021-06-18 09:55:59,2882.95,177130
2021-06-18 09:56:00,2883.0,177192
2021-06-18 09:56:01,2882.95,177196
2021-06-18 09:56:02,2882.95,177289
2021-06-18 09:56:03,2882.95,177289
2021-06-18 09:56:05,2882.95,177289
2021-06-18 09:56:06,2882.2,177330
2021-06-18 09:56:07,2882.2,177330
2021-06-18 09:56:08,2882.0,177657
2021-06-18 09:56:09,2882.0,177657
2021-06-18 09:56:10,2882.65,177701
2021-06-18 09:56:11,2882.4,177746
2021-06-18 09:56:12,2882.4,177766
2021-06-18 09:56:13,2882.4,177806
2021-06-18 09:56:14,2882.4,178055
2021-06-18 09:56:15,2882.3,178062
2021-06-18 09:56:16,2882.3,178226
2021-06-18 09:56:17,2882.2,178292
2021-06-18 09:56:18,2882.65,178372
2021-06-18 09:56:19,2882.65,178377
2021-06-18 09:56:20,2882.4,178383
2021-06-18 09:56:21,2882.4,178387
2021-06-18 09:56:22,2882.35,178472
2021-06-18 09:56:23,2882.35,178503
2021-06-18 09:56:24,2882.35,178513
2021-06-18 09:56:25,2882.35,178567
2021-06-18 09:56:25,2882.4,178571
2021-06-18 09:56:26,2882.35,178576
2021-06-18 09:56:27,2882.35,178596
2021-06-18 09:56:28,2882.35,178601
2021-06-18 09:56:29,2882.2,178605
2021-06-18 09:56:30,2882.4,178664
2021-06-18 09:56:31,2881.5,178972
2021-06-18 09:56:32,2882.2,178986
2021-06-18 09:56:33,2882.2,178986
2021-06-18 09:56:34,2882.2,178986
2021-06-18 09:56:35,2882.4,179000
2021-06-18 09:56:36,2882.35,179045
2021-06-18 09:56:37,2882.35,179049
2021-06-18 09:56:38,2882.4,179113
2021-06-18 09:56:39,2882.4,179132
2021-06-18 09:56:42,2882.2,180221
2021-06-18 09:56:42,2882.2,180221
2021-06-18 09:56:43,2882.2,180278
2021-06-18 09:56:44,2882.2,180300
2021-06-18 09:56:45,2882.3,180305
2021-06-18 09:56:46,2882.2,180316
2021-06-18 09:56:47,2882.5,180382
2021-06-18 09:56:48,2882.5,180392
2021-06-18 09:56:49,2881.5,181351
2021-06-18 09:56:50,2881.95,181360
2021-06-18 09:56:51,2881.5,181376
2021-06-18 09:56:53,2881.95,181736
2021-06-18 09:56:54,2882.25,181738
2021-06-18 09:56:55,2882.5,181810
2021-06-18 09:56:56,2882.55,181815
2021-06-18 09:56:57,2882.55,181820
2021-06-18 09:56:58,2883.0,181832
2021-06-18 09:56:59,2883.3,182170
2021-06-18 09:57:00,2883.3,182475
2021-06-18 09:57:01,2883.4,182668
2021-06-18 09:57:02,2882.5,183268
2021-06-18 09:57:03,2882.75,183576
2021-06-18 09:57:04,2882.5,183873
2021-06-18 09:57:04,2882.5,183873
2021-06-18 09:57:05,2882.6,183876
2021-06-18 09:57:07,2881.5,183993
2021-06-18 09:57:08,2881.5,183998
2021-06-18 09:57:08,2881.5,183998
2021-06-18 09:57:09,2881.7,183999
2021-06-18 09:57:11,2881.7,184103
2021-06-18 09:57:12,2881.15,187230
2021-06-18 09:57:13,2880.9,187233
2021-06-18 09:57:13,2880.9,187233
2021-06-18 09:57:14,2880.9,187233
2021-06-18 09:57:16,2881.15,188679
2021-06-18 09:57:17,2880.35,188680
2021-06-18 09:57:18,2880.2,188776
2021-06-18 09:57:19,2880.1,188777
2021-06-18 09:57:20,2880.9,188781
2021-06-18 09:57:21,2880.1,189080
2021-06-18 09:57:22,2881.1,189085
2021-06-18 09:57:23,2881.1,189085
2021-06-18 09:57:24,2881.1,189085
2021-06-18 09:57:25,2881.05,189089
2021-06-18 09:57:26,2881.1,189148
2021-06-18 09:57:27,2882.2,189182
2021-06-18 09:57:28,2882.2,189182
2021-06-18 09:57:29,2882.2,189182
2021-06-18 09:57:30,2882.15,189230
2021-06-18 09:57:31,2882.1,189272
2021-06-18 09:57:32,2882.5,189274
2021-06-18 09:57:33,2882.5,189274
2021-06-18 09:57:34,2882.5,189677
2021-06-18 09:57:35,2882.85,189681
2021-06-18 09:57:36,2882.85,189681
2021-06-18 09:57:37,2881.95,189833
2021-06-18 09:57:38,2880.05,190045
2021-06-18 09:57:39,2880.05,190045
2021-06-18 09:57:40,2881.9,190050
2021-06-18 09:57:41,2881.9,190050
2021-06-18 09:57:42,2881.0,190052
2021-06-18 09:57:43,2881.45,190153
2021-06-18 09:57:44,2881.45,190153
2021-06-18 09:57:45,2881.75,190217
2021-06-18 09:57:47,2881.7,190268
2021-06-18 09:57:48,2881.7,190289
2021-06-18 09:57:50,2881.7,190315
2021-06-18 09:57:51,2881.0,190320
2021-06-18 09:57:52,2881.45,190361
2021-06-18 09:57:53,2880.45,190442
2021-06-18 09:57:54,2881.95,190853
2021-06-18 09:57:55,2881.7,190857
2021-06-18 09:57:56,2881.6,191254
2021-06-18 09:57:57,2881.6,191254
2021-06-18 09:57:58,2881.45,191259
2021-06-18 09:57:59,2881.45,191267
2021-06-18 09:58:00,2881.5,191280
2021-06-18 09:58:01,2881.0,191406
2021-06-18 09:58:02,2881.0,191406
2021-06-18 09:58:03,2882.0,191487
2021-06-18 09:58:04,2882.0,191493
2021-06-18 09:58:05,2881.5,191723
2021-06-18 09:58:06,2881.0,191849
2021-06-18 09:58:07,2880.0,192070
2021-06-18 09:58:08,2880.05,193517
2021-06-18 09:58:08,2881.2,193545
2021-06-18 09:58:09,2881.4,193564
2021-06-18 09:58:10,2881.1,193609
2021-06-18 09:58:11,2881.1,193609
2021-06-18 09:58:12,2881.8,193639
2021-06-18 09:58:13,2881.8,193639
2021-06-18 09:58:14,2881.8,193660
2021-06-18 09:58:15,2883.0,193662
2021-06-18 09:58:16,2883.0,193662
2021-06-18 09:58:17,2882.6,193867
2021-06-18 09:58:18,2883.05,194203
2021-06-18 09:58:19,2882.4,194210
2021-06-18 09:58:20,2882.7,194375
2021-06-18 09:58:21,2883.75,194377
2021-06-18 09:58:22,2883.75,194377
2021-06-18 09:58:23,2883.75,194410
2021-06-18 09:58:24,2883.75,194420
2021-06-18 09:58:25,2883.05,194458
2021-06-18 09:58:26,2883.05,194458
2021-06-18 09:58:27,2883.05,194458
2021-06-18 09:58:28,2884.0,194529
2021-06-18 09:58:29,2884.0,194529
2021-06-18 09:58:31,2884.0,194533
2021-06-18 09:58:32,2884.0,194533
2021-06-18 09:58:32,2883.25,194543
2021-06-18 09:58:33,2883.25,194544
2021-06-18 09:58:34,2885.5,195259
2021-06-18 09:58:35,2886.0,195326
2021-06-18 09:58:36,2887.0,195497
2021-06-18 09:58:37,2887.6,195518
2021-06-18 09:58:38,2887.65,195623
2021-06-18 09:58:39,2887.65,195698
2021-06-18 09:58:41,2887.8,196028
2021-06-18 09:58:42,2887.85,196086
2021-06-18 09:58:43,2887.0,196233
2021-06-18 09:58:44,2887.0,196233
2021-06-18 09:58:45,2887.0,196533
2021-06-18 09:58:46,2887.8,196537
2021-06-18 09:58:47,2886.45,197191
2021-06-18 09:58:48,2886.45,197191
2021-06-18 09:58:49,2886.0,197193
2021-06-18 09:58:50,2886.35,197194
2021-06-18 09:58:51,2886.15,197219
2021-06-18 09:58:52,2886.15,197219
2021-06-18 09:58:53,2886.0,197239
2021-06-18 09:58:54,2886.0,197239
2021-06-18 09:58:55,2886.2,197311
2021-06-18 09:58:56,2886.5,197338
2021-06-18 09:58:57,2886.8,197587
2021-06-18 09:58:58,2886.8,197587
2021-06-18 09:58:59,2887.45,197924
2021-06-18 09:59:00,2888.0,198000
2021-06-18 09:59:01,2888.0,198095
2021-06-18 09:59:02,2888.5,198129
2021-06-18 09:59:03,2889.1,198220
2021-06-18 09:59:04,2888.9,198223
2021-06-18 09:59:05,2889.1,198488
2021-06-18 09:59:06,2889.5,198520
2021-06-18 09:59:07,2889.5,198813
2021-06-18 09:59:08,2890.0,199111
2021-06-18 09:59:09,2889.1,199112
2021-06-18 09:59:10,2889.55,199163
2021-06-18 09:59:11,2889.85,199299
2021-06-18 09:59:11,2889.9,199303
2021-06-18 09:59:12,2889.9,199303
2021-06-18 09:59:13,2890.05,199734
2021-06-18 09:59:14,2890.05,199996
2021-06-18 09:59:15,2890.0,200004
2021-06-18 09:59:16,2890.0,200009
2021-06-18 09:59:17,2889.85,200011
2021-06-18 09:59:18,2890.0,200101
2021-06-18 09:59:19,2890.1,200352
2021-06-18 09:59:20,2889.9,200416
2021-06-18 09:59:21,2889.9,200447
2021-06-18 09:59:22,2889.9,200447
2021-06-18 09:59:23,2889.85,200450
2021-06-18 09:59:24,2889.9,200510
2021-06-18 09:59:25,2890.2,200687
2021-06-18 09:59:26,2890.0,200691
2021-06-18 09:59:27,2890.0,200691
2021-06-18 09:59:28,2890.0,200691
2021-06-18 09:59:29,2889.25,200741
2021-06-18 09:59:30,2889.25,200783
2021-06-18 09:59:31,2890.7,200796
2021-06-18 09:59:32,2891.65,200903
2021-06-18 09:59:34,2891.05,200998
2021-06-18 09:59:35,2891.0,201021
2021-06-18 09:59:36,2891.0,201050
2021-06-18 09:59:37,2889.55,201205
2021-06-18 09:59:38,2889.55,201205
2021-06-18 09:59:39,2889.55,201205
2021-06-18 09:59:40,2889.7,201284
2021-06-18 09:59:41,2891.0,201293
2021-06-18 09:59:42,2889.6,201330
2021-06-18 09:59:43,2889.9,201351
2021-06-18 09:59:43,2890.95,201340
2021-06-18 09:59:44,2889.85,201354
2021-06-18 09:59:45,2889.85,201397
2021-06-18 09:59:46,2889.85,201397
2021-06-18 09:59:47,2889.85,201397
2021-06-18 09:59:48,2890.85,201486
2021-06-18 09:59:49,2892.0,201551
2021-06-18 09:59:50,2892.0,201611
2021-06-18 09:59:51,2891.95,201623
2021-06-18 09:59:52,2891.55,201625
2021-06-18 09:59:54,2890.55,201632
2021-06-18 09:59:55,2890.75,201679
2021-06-18 09:59:56,2891.75,201689
2021-06-18 09:59:57,2891.95,201735
2021-06-18 09:59:58,2891.1,201738
2021-06-18 10:00:00,2891.55,201791
2021-06-18 10:00:03,2891.15,201865
2021-06-18 10:00:04,2892.45,201870
2021-06-18 10:00:05,2891.2,201874
2021-06-18 10:00:06,2891.2,201874
2021-06-18 10:00:07,2892.0,201875
2021-06-18 10:00:08,2891.0,201952
2021-06-18 10:00:09,2891.0,201952
2021-06-18 10:00:10,2891.25,202285
2021-06-18 10:00:11,2891.25,202348
2021-06-18 10:00:12,2891.25,202348
2021-06-18 10:00:13,2891.25,202348
2021-06-18 10:00:14,2889.6,202471
2021-06-18 10:00:15,2889.45,202478
2021-06-18 10:00:16,2889.1,202493
2021-06-18 10:00:17,2889.1,202493
2021-06-18 10:00:18,2888.05,202530
2021-06-18 10:00:19,2889.9,203030
2021-06-18 10:00:20,2890.0,203053
2021-06-18 10:00:21,2890.0,203069
2021-06-18 10:00:22,2890.0,203069
2021-06-18 10:00:23,2890.0,203069
2021-06-18 10:00:24,2890.0,203069
2021-06-18 10:00:25,2888.7,203173
2021-06-18 10:00:26,2889.65,203183
2021-06-18 10:00:27,2888.6,203278
2021-06-18 10:00:28,2887.6,203280
2021-06-18 10:00:29,2887.05,203281
2021-06-18 10:00:30,2887.05,203285
2021-06-18 10:00:31,2886.1,203935
2021-06-18 10:00:32,2886.1,203935
2021-06-18 10:00:33,2886.95,203936
2021-06-18 10:00:34,2886.55,203938
2021-06-18 10:00:36,2886.25,204008
2021-06-18 10:00:37,2887.45,204072
2021-06-18 10:00:38,2888.05,204193
2021-06-18 10:00:39,2887.45,204208
2021-06-18 10:00:40,2888.85,204209
2021-06-18 10:00:41,2887.35,204215
2021-06-18 10:00:42,2888.05,204647
2021-06-18 10:00:43,2888.05,204647
2021-06-18 10:00:44,2888.05,204647
2021-06-18 10:00:44,2888.05,204647
2021-06-18 10:00:45,2889.95,204651
2021-06-18 10:00:46,2889.95,204651
2021-06-18 10:00:47,2888.55,204676
2021-06-18 10:00:49,2888.35,204689
2021-06-18 10:00:49,2888.4,204690
2021-06-18 10:00:50,2889.8,204828
2021-06-18 10:00:51,2889.8,204899
2021-06-18 10:00:52,2888.1,204979
2021-06-18 10:00:53,2889.8,205079
2021-06-18 10:00:54,2889.8,205079
2021-06-18 10:00:55,2888.15,205083
2021-06-18 10:00:56,2888.1,205106
2021-06-18 10:00:58,2888.15,205122
2021-06-18 10:00:59,2888.25,205151
2021-06-18 10:01:00,2888.4,205156
2021-06-18 10:01:01,2887.45,205248
2021-06-18 10:01:02,2888.35,205249
2021-06-18 10:01:04,2887.9,205253
2021-06-18 10:01:04,2887.9,205253
2021-06-18 10:01:05,2886.6,205261
2021-06-18 10:01:06,2886.6,205261
2021-06-18 10:01:07,2886.6,205261
2021-06-18 10:01:08,2886.95,205263
2021-06-18 10:01:10,2886.0,205363
2021-06-18 10:01:10,2886.0,205371
2021-06-18 10:01:11,2885.95,205432
2021-06-18 10:01:12,2885.95,205432
2021-06-18 10:01:13,2886.55,205441
2021-06-18 10:01:14,2886.05,205477
2021-06-18 10:01:15,2886.45,205482
2021-06-18 10:01:16,2886.45,205482
2021-06-18 10:01:17,2886.95,205546
2021-06-18 10:01:19,2886.95,205546
2021-06-18 10:01:19,2886.95,205594
2021-06-18 10:01:20,2886.95,205733
2021-06-18 10:01:21,2886.95,205733
2021-06-18 10:01:22,2886.95,205733
2021-06-18 10:01:23,2887.55,205777
2021-06-18 10:01:24,2887.55,205777
2021-06-18 10:01:26,2888.1,205781
2021-06-18 10:01:27,2888.1,205781
2021-06-18 10:01:27,2888.15,205785
2021-06-18 10:01:28,2888.15,205785
2021-06-18 10:01:29,2887.05,206085
2021-06-18 10:01:31,2887.7,206126
2021-06-18 10:01:32,2887.7,206126
2021-06-18 10:01:34,2887.7,206126
2021-06-18 10:01:35,2887.7,206126
2021-06-18 10:01:37,2887.6,206137
2021-06-18 10:01:38,2887.1,206138
2021-06-18 10:01:39,2887.05,206140
2021-06-18 10:01:41,2887.55,206146
2021-06-18 10:01:40,2887.55,206142
2021-06-18 10:01:42,2887.55,206148
2021-06-18 10:01:43,2887.55,206148
2021-06-18 10:01:44,2887.55,206148
2021-06-18 10:01:45,2887.25,206149
2021-06-18 10:01:46,2887.1,206174
2021-06-18 10:01:47,2887.0,206242
2021-06-18 10:01:48,2887.0,206259
2021-06-18 10:01:49,2886.95,206399
2021-06-18 10:01:50,2887.2,206402
2021-06-18 10:01:51,2887.2,206406
2021-06-18 10:01:52,2887.2,206407
2021-06-18 10:01:53,2886.2,206415
2021-06-18 10:01:54,2886.2,206415
2021-06-18 10:01:55,2887.2,206465
2021-06-18 10:01:56,2886.4,206473
2021-06-18 10:01:57,2886.4,206473
2021-06-18 10:01:58,2886.05,206475
2021-06-18 10:01:59,2886.05,206475
2021-06-18 10:02:00,2886.05,206476
2021-06-18 10:02:01,2886.0,206493
2021-06-18 10:02:02,2885.3,206593
2021-06-18 10:02:03,2885.35,206596
2021-06-18 10:02:04,2885.95,206597
2021-06-18 10:02:05,2885.3,206604
2021-06-18 10:02:06,2885.3,206656
2021-06-18 10:02:07,2885.05,206722
2021-06-18 10:02:10,2885.95,206728
2021-06-18 10:02:11,2885.9,206732
2021-06-18 10:02:12,2885.9,206732
2021-06-18 10:02:13,2885.9,206732
2021-06-18 10:02:14,2885.05,206782
2021-06-18 10:02:17,2885.1,206857
2021-06-18 10:02:18,2885.05,206881
2021-06-18 10:02:19,2884.0,207167
2021-06-18 10:02:20,2885.1,207181
2021-06-18 10:02:21,2885.1,207181
2021-06-18 10:02:22,2885.1,207191
2021-06-18 10:02:23,2885.1,207191
2021-06-18 10:02:24,2884.0,207241
2021-06-18 10:02:25,2884.0,207241
2021-06-18 10:02:26,2883.7,207270
2021-06-18 10:02:27,2883.3,207334
2021-06-18 10:02:28,2883.05,207337
2021-06-18 10:02:29,2883.05,207337
2021-06-18 10:02:30,2883.6,207375
2021-06-18 10:02:31,2883.6,207465
2021-06-18 10:02:32,2883.3,207510
2021-06-18 10:02:33,2884.05,207511
2021-06-18 10:02:34,2884.05,207511
2021-06-18 10:02:35,2884.05,207511
2021-06-18 10:02:36,2883.95,207515
2021-06-18 10:02:37,2882.85,207565
2021-06-18 10:02:38,2882.85,207565
2021-06-18 10:02:39,2882.85,207565
2021-06-18 10:02:40,2882.85,207565
2021-06-18 10:02:41,2884.5,207668
2021-06-18 10:02:42,2883.15,207795
2021-06-18 10:02:43,2885.05,207995
2021-06-18 10:02:44,2884.5,208000
2021-06-18 10:02:45,2884.5,208000
2021-06-18 10:02:46,2885.8,208114
2021-06-18 10:02:47,2886.0,208117
2021-06-18 10:02:48,2885.6,208127
2021-06-18 10:02:49,2885.1,208129
2021-06-18 10:02:50,2884.8,208180
2021-06-18 10:02:51,2884.8,208180
2021-06-18 10:02:52,2887.85,208392
2021-06-18 10:02:53,2887.85,208454
2021-06-18 10:02:55,2889.9,208535
2021-06-18 10:02:56,2888.4,208557
2021-06-18 10:02:57,2888.4,208557
2021-06-18 10:02:58,2888.4,208557
2021-06-18 10:02:59,2888.0,208562
2021-06-18 10:03:00,2888.0,208566
2021-06-18 10:03:01,2888.0,208566
2021-06-18 10:03:02,2888.0,208616
2021-06-18 10:03:03,2888.0,208666
2021-06-18 10:03:04,2888.0,208693
2021-06-18 10:03:05,2888.7,208697
2021-06-18 10:03:06,2888.7,208697
2021-06-18 10:03:07,2888.7,208697
2021-06-18 10:03:08,2888.7,208697
2021-06-18 10:03:09,2888.7,208697
2021-06-18 10:03:10,2889.05,208755
2021-06-18 10:03:11,2888.0,208766
2021-06-18 10:03:12,2889.05,208767
2021-06-18 10:03:13,2889.05,208769
2021-06-18 10:03:14,2889.05,208769
2021-06-18 10:03:15,2888.95,208773
2021-06-18 10:03:16,2888.0,208803
2021-06-18 10:03:17,2888.0,208803
2021-06-18 10:03:18,2888.15,208806
2021-06-18 10:03:19,2888.15,208806
2021-06-18 10:03:20,2888.9,208856
2021-06-18 10:03:21,2888.95,208860
2021-06-18 10:03:23,2888.9,208895
2021-06-18 10:03:24,2888.9,208895
2021-06-18 10:03:25,2888.05,208917
2021-06-18 10:03:26,2889.0,209070
2021-06-18 10:03:27,2889.0,209070
2021-06-18 10:03:28,2889.0,209070
2021-06-18 10:03:29,2889.0,209116
2021-06-18 10:03:30,2889.0,209116
2021-06-18 10:03:31,2889.0,209216
2021-06-18 10:03:32,2889.0,209272
2021-06-18 10:03:33,2889.0,209272
2021-06-18 10:03:34,2889.5,209372
2021-06-18 10:03:35,2889.5,209376
2021-06-18 10:03:36,2889.0,209406
2021-06-18 10:03:37,2889.0,209406
2021-06-18 10:03:38,2889.0,209406
2021-06-18 10:03:39,2890.0,209508
2021-06-18 10:03:40,2890.0,209508
2021-06-18 10:03:41,2890.0,209541
2021-06-18 10:03:42,2890.0,209541
2021-06-18 10:03:44,2890.15,209566
2021-06-18 10:03:44,2890.1,209575
2021-06-18 10:03:45,2890.1,209576
2021-06-18 10:03:46,2890.1,209580
2021-06-18 10:03:47,2890.5,209604
2021-06-18 10:03:48,2892.0,209693
2021-06-18 10:03:49,2893.0,209695
2021-06-18 10:03:50,2894.0,209750
2021-06-18 10:03:51,2894.0,209800
2021-06-18 10:03:52,2894.0,209800
2021-06-18 10:03:53,2894.0,209800
2021-06-18 10:03:55,2893.5,209823
2021-06-18 10:03:56,2893.95,209848
2021-06-18 10:03:57,2893.95,209848
2021-06-18 10:03:59,2894.55,209923
2021-06-18 10:03:59,2894.55,209923
2021-06-18 10:04:00,2893.55,209927
2021-06-18 10:04:01,2894.0,210009
2021-06-18 10:04:02,2894.0,210009
2021-06-18 10:04:03,2894.0,210009
2021-06-18 10:04:04,2894.7,210020
2021-06-18 10:04:05,2893.6,210022
2021-06-18 10:04:06,2894.65,210031
2021-06-18 10:04:07,2894.7,210036
2021-06-18 10:04:08,2894.7,210066
2021-06-18 10:04:09,2893.6,210070
2021-06-18 10:04:10,2894.75,210085
2021-06-18 10:04:12,2894.55,210095
2021-06-18 10:04:12,2894.55,210095
2021-06-18 10:04:13,2894.7,210229
2021-06-18 10:04:14,2893.6,210283
2021-06-18 10:04:15,2893.5,210325
2021-06-18 10:04:16,2893.5,210337
2021-06-18 10:04:17,2893.15,210384
2021-06-18 10:04:18,2892.6,210393
2021-06-18 10:04:19,2891.65,210396
2021-06-18 10:04:20,2891.3,210461
2021-06-18 10:04:21,2891.3,210466
2021-06-18 10:04:22,2890.25,210478
2021-06-18 10:04:23,2891.25,210482
2021-06-18 10:04:24,2891.25,210482
2021-06-18 10:04:26,2890.2,210518
2021-06-18 10:04:26,2890.2,210518
2021-06-18 10:04:29,2891.3,210607
2021-06-18 10:04:30,2891.3,210694
2021-06-18 10:04:31,2891.3,210698
2021-06-18 10:04:32,2890.2,210704
2021-06-18 10:04:33,2890.2,210711
2021-06-18 10:04:34,2890.2,210711
2021-06-18 10:04:35,2890.2,210746
2021-06-18 10:04:36,2891.3,210756
2021-06-18 10:04:37,2891.3,210756
2021-06-18 10:04:38,2890.95,210759
2021-06-18 10:04:39,2891.0,210760
2021-06-18 10:04:40,2891.0,210764
2021-06-18 10:04:41,2891.0,210764
2021-06-18 10:04:42,2891.3,210860
2021-06-18 10:04:43,2891.3,210860
2021-06-18 10:04:44,2891.0,210935
2021-06-18 10:04:45,2891.4,211039
2021-06-18 10:04:46,2891.4,211039
2021-06-18 10:04:47,2891.4,211039
2021-06-18 10:04:48,2891.45,211097
2021-06-18 10:04:49,2891.25,211099
2021-06-18 10:04:50,2891.65,211103
2021-06-18 10:04:51,2891.65,211113
2021-06-18 10:04:52,2891.0,211142
2021-06-18 10:04:54,2891.0,211142
2021-06-18 10:04:54,2890.05,211144
2021-06-18 10:04:55,2890.0,211209
2021-06-18 10:04:56,2890.5,211212
2021-06-18 10:04:57,2890.5,211212
2021-06-18 10:04:58,2890.8,211413
2021-06-18 10:04:59,2891.3,211507
2021-06-18 10:05:01,2890.0,211539
2021-06-18 10:05:02,2890.0,211539
2021-06-18 10:05:03,2891.1,211570
2021-06-18 10:05:04,2891.1,211570
2021-06-18 10:05:05,2891.1,211804
2021-06-18 10:05:07,2891.75,212453
2021-06-18 10:05:07,2891.75,212453
2021-06-18 10:05:08,2891.75,212453
2021-06-18 10:05:09,2892.8,212494
2021-06-18 10:05:10,2892.35,212498
2021-06-18 10:05:11,2891.4,212502
2021-06-18 10:05:12,2893.4,213561
2021-06-18 10:05:13,2893.4,213561
2021-06-18 10:05:14,2893.4,213561
2021-06-18 10:05:15,2894.6,213565
2021-06-18 10:05:16,2894.6,213565
2021-06-18 10:05:17,2894.6,213565
2021-06-18 10:05:19,2894.6,213565
2021-06-18 10:05:19,2892.5,213566
2021-06-18 10:05:20,2893.8,213570
2021-06-18 10:05:21,2893.8,213570
2021-06-18 10:05:23,2892.5,213571
2021-06-18 10:05:23,2892.5,213571
2021-06-18 10:05:24,2892.5,213594
2021-06-18 10:05:26,2891.95,213633
2021-06-18 10:05:26,2891.75,213641
2021-06-18 10:05:27,2891.75,213641
2021-06-18 10:05:28,2891.7,213656
2021-06-18 10:05:29,2891.7,213656
2021-06-18 10:05:30,2891.75,213734
2021-06-18 10:05:31,2891.75,213734
2021-06-18 10:05:32,2891.75,213738
2021-06-18 10:05:33,2891.15,213788
2021-06-18 10:05:34,2891.15,213788
2021-06-18 10:05:35,2892.1,213915
2021-06-18 10:05:37,2892.1,213915
2021-06-18 10:05:37,2891.95,213926
2021-06-18 10:05:39,2891.95,214091
2021-06-18 10:05:39,2891.95,214096
2021-06-18 10:05:40,2891.95,214096
2021-06-18 10:05:41,2891.55,214118
2021-06-18 10:05:42,2891.55,214118
2021-06-18 10:05:43,2891.9,214176
2021-06-18 10:05:44,2891.6,214211
2021-06-18 10:05:45,2892.0,214323
2021-06-18 10:05:46,2892.0,214323
2021-06-18 10:05:47,2892.0,214327
2021-06-18 10:05:49,2892.0,214338
2021-06-18 10:05:50,2892.0,214338
2021-06-18 10:05:51,2892.4,214342
2021-06-18 10:05:52,2892.0,214399
2021-06-18 10:05:53,2892.0,214402
2021-06-18 10:05:54,2892.0,214402
2021-06-18 10:05:54,2892.0,214402
2021-06-18 10:05:55,2891.9,214508
2021-06-18 10:05:57,2891.5,214587
2021-06-18 10:05:58,2891.3,214610
2021-06-18 10:05:59,2891.25,214612
2021-06-18 10:05:59,2891.9,214712
2021-06-18 10:06:00,2891.9,214741
2021-06-18 10:06:01,2891.9,214742
2021-06-18 10:06:02,2891.9,214742
2021-06-18 10:06:03,2891.9,214753
2021-06-18 10:06:04,2891.9,214837
2021-06-18 10:06:05,2891.6,214844
2021-06-18 10:06:06,2891.9,214886
2021-06-18 10:06:07,2892.0,214936
2021-06-18 10:06:09,2892.0,215138
2021-06-18 10:06:10,2891.9,215140
2021-06-18 10:06:11,2891.9,215145
2021-06-18 10:06:12,2891.9,215179
2021-06-18 10:06:13,2892.3,215244
2021-06-18 10:06:14,2892.3,215244
2021-06-18 10:06:15,2891.9,215264
2021-06-18 10:06:15,2892.5,215326
2021-06-18 10:06:16,2891.9,215516
2021-06-18 10:06:18,2892.0,215521
2021-06-18 10:06:18,2892.0,215521
2021-06-18 10:06:19,2892.0,215521
2021-06-18 10:06:20,2892.0,215527
2021-06-18 10:06:21,2892.0,215527
2021-06-18 10:06:22,2892.0,215534
2021-06-18 10:06:23,2892.0,215534
2021-06-18 10:06:24,2891.9,215564
2021-06-18 10:06:25,2891.25,215606
2021-06-18 10:06:26,2891.9,215607
2021-06-18 10:06:27,2891.95,215610
2021-06-18 10:06:29,2891.95,215610
2021-06-18 10:06:30,2891.9,215620
2021-06-18 10:06:30,2891.9,215620
2021-06-18 10:06:31,2891.9,215729
2021-06-18 10:06:32,2891.9,215735
2021-06-18 10:06:33,2891.5,215740
2021-06-18 10:06:34,2891.5,215740
2021-06-18 10:06:35,2891.9,215741
2021-06-18 10:06:36,2891.9,215741
2021-06-18 10:06:37,2892.0,215746
2021-06-18 10:06:38,2892.0,215746
2021-06-18 10:06:39,2891.9,215752
2021-06-18 10:06:41,2891.5,215804
2021-06-18 10:06:42,2891.9,215805
2021-06-18 10:06:43,2891.9,215805
2021-06-18 10:06:44,2891.85,215825
2021-06-18 10:06:45,2891.8,216033
2021-06-18 10:06:46,2891.9,216040
2021-06-18 10:06:47,2891.9,216051
2021-06-18 10:06:48,2891.9,216051
2021-06-18 10:06:49,2891.9,216067
2021-06-18 10:06:50,2891.9,216067
2021-06-18 10:06:51,2892.05,216116
2021-06-18 10:06:51,2892.05,216116
2021-06-18 10:06:52,2892.05,216116
2021-06-18 10:06:53,2892.05,216116
2021-06-18 10:06:54,2892.05,216116
2021-06-18 10:06:55,2892.95,216120
2021-06-18 10:06:56,2892.95,216120
2021-06-18 10:06:57,2892.95,216120
2021-06-18 10:06:58,2892.95,216146
2021-06-18 10:06:59,2892.1,216149
2021-06-18 10:07:00,2892.9,216159
2021-06-18 10:07:02,2892.9,216159
2021-06-18 10:07:02,2892.9,216159
2021-06-18 10:07:03,2892.0,216185
2021-06-18 10:07:04,2891.3,216186
2021-06-18 10:07:05,2891.3,216207
2021-06-18 10:07:06,2891.25,216520
2021-06-18 10:07:07,2891.25,216520
2021-06-18 10:07:09,2891.5,216530
2021-06-18 10:07:10,2891.5,216535
2021-06-18 10:07:10,2890.8,216593
2021-06-18 10:07:13,2890.2,216617
2021-06-18 10:07:15,2890.4,216825
2021-06-18 10:07:16,2890.0,216854
2021-06-18 10:07:17,2890.0,216854
2021-06-18 10:07:18,2890.0,216859
2021-06-18 10:07:18,2889.05,216867
2021-06-18 10:07:20,2889.05,216867
2021-06-18 10:07:20,2890.0,216872
2021-06-18 10:07:22,2890.0,216973
2021-06-18 10:07:23,2889.1,216983
2021-06-18 10:07:24,2890.0,216988
2021-06-18 10:07:25,2890.0,217065
2021-06-18 10:07:26,2890.0,217078
2021-06-18 10:07:27,2890.4,217093
2021-06-18 10:07:28,2890.75,217193
2021-06-18 10:07:30,2891.0,217194
2021-06-18 10:07:31,2890.8,217216
2021-06-18 10:07:31,2890.8,217216
2021-06-18 10:07:32,2890.8,217216
2021-06-18 10:07:34,2890.8,217239
2021-06-18 10:07:35,2890.8,217239
2021-06-18 10:07:35,2890.4,217242
2021-06-18 10:07:37,2890.0,217369
2021-06-18 10:07:38,2890.0,217369
2021-06-18 10:07:39,2890.2,217390
2021-06-18 10:07:39,2890.2,217391
2021-06-18 10:07:40,2890.15,217395
2021-06-18 10:07:41,2890.1,217398
2021-06-18 10:07:42,2890.15,217498
2021-06-18 10:07:43,2890.1,217501
2021-06-18 10:07:44,2890.0,217652
2021-06-18 10:07:45,2890.0,217786
2021-06-18 10:07:46,2890.0,217786
2021-06-18 10:07:47,2890.15,217787
2021-06-18 10:07:48,2890.15,217787
2021-06-18 10:07:50,2890.0,217904
2021-06-18 10:07:50,2890.05,217908
2021-06-18 10:07:51,2890.45,218144
2021-06-18 10:07:52,2890.45,218144
2021-06-18 10:07:54,2890.45,218144
2021-06-18 10:07:54,2890.45,218144
2021-06-18 10:07:56,2891.0,218208
2021-06-18 10:07:57,2891.0,218208
2021-06-18 10:07:58,2892.0,218212
2021-06-18 10:07:59,2892.0,218212
2021-06-18 10:08:00,2892.0,218212
2021-06-18 10:08:01,2892.0,218216
2021-06-18 10:08:02,2892.0,218216
2021-06-18 10:08:03,2892.0,218352
2021-06-18 10:08:03,2892.35,218353
2021-06-18 10:08:04,2892.35,218353
2021-06-18 10:08:05,2892.7,218388
2021-06-18 10:08:06,2894.75,218651
2021-06-18 10:08:07,2894.8,218751
2021-06-18 10:08:09,2894.8,218811
2021-06-18 10:08:10,2893.7,218921
2021-06-18 10:08:11,2894.8,219235
2021-06-18 10:08:12,2895.2,219709
2021-06-18 10:08:13,2895.2,219709
2021-06-18 10:08:14,2895.25,219759
2021-06-18 10:08:15,2895.25,219759
2021-06-18 10:08:16,2896.0,219763
2021-06-18 10:08:17,2896.0,219763
2021-06-18 10:08:18,2895.15,219783
2021-06-18 10:08:20,2896.0,219889
2021-06-18 10:08:21,2895.25,219939
2021-06-18 10:08:21,2895.25,219939
2021-06-18 10:08:22,2895.25,219979
2021-06-18 10:08:23,2895.15,219999
2021-06-18 10:08:26,2896.0,220020
2021-06-18 10:08:27,2895.15,220053
2021-06-18 10:08:28,2895.15,220054
2021-06-18 10:08:29,2895.15,220054
2021-06-18 10:08:30,2895.15,220054
2021-06-18 10:08:31,2895.1,220083
2021-06-18 10:08:32,2895.1,220120
2021-06-18 10:08:32,2895.1,220123
2021-06-18 10:08:33,2895.1,220123
2021-06-18 10:08:34,2895.15,220154
2021-06-18 10:08:35,2895.35,220192
2021-06-18 10:08:37,2895.35,220204
2021-06-18 10:08:38,2895.35,220225
2021-06-18 10:08:39,2895.35,220225
2021-06-18 10:08:40,2896.0,220325
2021-06-18 10:08:41,2896.0,220345
2021-06-18 10:08:42,2895.6,220349
2021-06-18 10:08:43,2895.6,220349
2021-06-18 10:08:44,2895.1,220404
2021-06-18 10:08:45,2896.0,220414
2021-06-18 10:08:45,2895.0,220432
2021-06-18 10:08:46,2895.0,220497
2021-06-18 10:08:48,2894.4,220503
2021-06-18 10:08:50,2894.4,220503
2021-06-18 10:08:51,2894.4,220507
2021-06-18 10:08:52,2894.9,220607
2021-06-18 10:08:53,2893.2,220627
2021-06-18 10:08:54,2894.7,220638
2021-06-18 10:08:55,2892.7,220654
2021-06-18 10:08:56,2894.1,220658
2021-06-18 10:08:56,2894.1,220658
2021-06-18 10:08:57,2892.45,220672
2021-06-18 10:09:00,2893.0,220682
2021-06-18 10:09:01,2892.7,220686
2021-06-18 10:09:02,2892.7,220687
2021-06-18 10:09:03,2892.7,220687
2021-06-18 10:09:04,2892.7,220687
2021-06-18 10:09:05,2892.7,220687
2021-06-18 10:09:06,2892.45,220716
2021-06-18 10:09:07,2892.45,220716
2021-06-18 10:09:08,2892.0,220745
2021-06-18 10:09:09,2891.6,220795
2021-06-18 10:09:10,2893.1,220921
2021-06-18 10:09:11,2894.4,220925
2021-06-18 10:09:12,2894.4,220925
2021-06-18 10:09:12,2894.4,220925
2021-06-18 10:09:13,2894.4,220925
2021-06-18 10:09:14,2892.7,220926
2021-06-18 10:09:15,2892.95,220957
2021-06-18 10:09:16,2892.95,220957
2021-06-18 10:09:17,2892.95,220957
2021-06-18 10:09:18,2892.95,220957
2021-06-18 10:09:20,2893.5,221066
2021-06-18 10:09:22,2893.5,221071
2021-06-18 10:09:23,2893.5,221116
2021-06-18 10:09:23,2893.5,221116
2021-06-18 10:09:25,2893.5,221116
2021-06-18 10:09:26,2893.5,221162
2021-06-18 10:09:27,2893.5,221163
2021-06-18 10:09:28,2893.5,221170
2021-06-18 10:09:29,2893.5,221170
2021-06-18 10:09:31,2892.95,221174
2021-06-18 10:09:32,2892.95,221174
2021-06-18 10:09:33,2892.95,221174
2021-06-18 10:09:34,2892.95,221174
2021-06-18 10:09:35,2892.0,221176
2021-06-18 10:09:36,2891.95,221213
2021-06-18 10:09:36,2891.95,221213
2021-06-18 10:09:37,2891.95,221213
2021-06-18 10:09:38,2891.95,221217
2021-06-18 10:09:39,2892.0,221253
2021-06-18 10:09:41,2892.9,221278
2021-06-18 10:09:42,2892.9,221278
2021-06-18 10:09:43,2892.9,221278
2021-06-18 10:09:44,2892.9,221278
2021-06-18 10:09:45,2892.9,221278
2021-06-18 10:09:46,2892.85,221332
2021-06-18 10:09:46,2892.85,221332
2021-06-18 10:09:47,2892.85,221332
2021-06-18 10:09:48,2892.35,221333
2021-06-18 10:09:49,2892.35,221333
2021-06-18 10:09:50,2892.85,221356
2021-06-18 10:09:51,2892.85,221356
2021-06-18 10:09:52,2892.85,221360
2021-06-18 10:09:53,2892.85,221361
2021-06-18 10:09:54,2892.85,221361
2021-06-18 10:09:56,2892.4,221425
2021-06-18 10:09:57,2892.4,221475
2021-06-18 10:09:58,2892.4,221475
2021-06-18 10:09:59,2892.95,221478
2021-06-18 10:10:00,2892.4,221481
2021-06-18 10:10:01,2892.95,221485
2021-06-18 10:10:02,2892.4,221505
2021-06-18 10:10:03,2892.05,221507
2021-06-18 10:10:04,2892.0,221508
2021-06-18 10:10:05,2892.0,221508
2021-06-18 10:10:06,2892.2,221545
2021-06-18 10:10:07,2892.0,221565
2021-06-18 10:10:08,2892.0,221577
2021-06-18 10:10:09,2892.0,221577
2021-06-18 10:10:10,2892.0,221577
2021-06-18 10:10:11,2892.0,221619
2021-06-18 10:10:12,2892.4,221759
2021-06-18 10:10:13,2892.4,221759
2021-06-18 10:10:14,2892.4,221759
2021-06-18 10:10:15,2892.4,221868
2021-06-18 10:10:15,2892.0,221913
2021-06-18 10:10:16,2892.0,221913
2021-06-18 10:10:17,2892.4,221915
2021-06-18 10:10:18,2892.85,222116
2021-06-18 10:10:20,2892.0,222141
2021-06-18 10:10:21,2892.6,222145
2021-06-18 10:10:22,2892.6,222145
2021-06-18 10:10:23,2892.6,222149
2021-06-18 10:10:24,2892.6,222150
2021-06-18 10:10:25,2892.0,222474
2021-06-18 10:10:26,2892.0,222550
2021-06-18 10:10:27,2891.55,223552
2021-06-18 10:10:29,2890.4,223666
2021-06-18 10:10:30,2890.3,223671
2021-06-18 10:10:31,2890.3,223675
2021-06-18 10:10:33,2890.25,223681
2021-06-18 10:10:34,2890.0,223689
2021-06-18 10:10:35,2890.0,223691
2021-06-18 10:10:36,2890.0,223755
2021-06-18 10:10:37,2890.0,223869
2021-06-18 10:10:38,2890.05,223870
2021-06-18 10:10:39,2890.3,223963
2021-06-18 10:10:40,2890.25,223968
2021-06-18 10:10:41,2890.3,223972
2021-06-18 10:10:42,2890.3,223972
2021-06-18 10:10:43,2890.25,223975
2021-06-18 10:10:44,2890.25,223975
2021-06-18 10:10:45,2890.25,223975
2021-06-18 10:10:46,2890.0,224011
2021-06-18 10:10:47,2890.0,224023
2021-06-18 10:10:48,2890.0,224023
2021-06-18 10:10:49,2890.0,224023
2021-06-18 10:10:50,2890.25,224024
2021-06-18 10:10:51,2890.25,224028
2021-06-18 10:10:51,2890.25,224028
2021-06-18 10:10:53,2890.0,224313
2021-06-18 10:10:54,2890.0,224356
2021-06-18 10:10:55,2890.0,224357
2021-06-18 10:10:56,2890.0,224436
2021-06-18 10:10:57,2890.0,224617
2021-06-18 10:10:58,2890.0,224717
2021-06-18 10:10:59,2890.0,224717
2021-06-18 10:11:00,2890.0,224755
2021-06-18 10:11:01,2890.0,224761
2021-06-18 10:11:02,2890.0,224761
2021-06-18 10:11:04,2890.0,224767
2021-06-18 10:11:03,2890.05,224764
2021-06-18 10:11:05,2890.0,224767
2021-06-18 10:11:06,2890.0,224800
2021-06-18 10:11:07,2890.0,224800
2021-06-18 10:11:09,2890.0,224805
2021-06-18 10:11:10,2890.05,224809
2021-06-18 10:11:11,2890.05,224852
2021-06-18 10:11:12,2890.0,224932
2021-06-18 10:11:13,2890.0,224932
2021-06-18 10:11:15,2890.0,224932
2021-06-18 10:11:16,2890.05,225006
2021-06-18 10:11:17,2890.05,225006
2021-06-18 10:11:18,2890.0,225009
2021-06-18 10:11:19,2890.05,225015
2021-06-18 10:11:20,2890.05,225060
2021-06-18 10:11:21,2890.05,225070
2021-06-18 10:11:21,2890.05,225164
2021-06-18 10:11:23,2890.05,225164
2021-06-18 10:11:24,2890.05,225164
2021-06-18 10:11:25,2890.05,225164
2021-06-18 10:11:27,2890.2,225197
2021-06-18 10:11:26,2890.2,225197
2021-06-18 10:11:28,2890.2,225197
2021-06-18 10:11:29,2890.05,225222
2021-06-18 10:11:30,2890.2,225227
2021-06-18 10:11:31,2890.2,225231
2021-06-18 10:11:32,2890.05,225255
2021-06-18 10:11:34,2890.0,225258
2021-06-18 10:11:35,2890.05,225259
2021-06-18 10:11:36,2890.0,225274
2021-06-18 10:11:38,2890.0,225275
2021-06-18 10:11:37,2890.0,225275
2021-06-18 10:11:39,2889.25,225325
2021-06-18 10:11:40,2890.0,225345
2021-06-18 10:11:41,2890.0,225349
2021-06-18 10:11:42,2890.0,225349
2021-06-18 10:11:43,2890.0,225349
2021-06-18 10:11:44,2890.0,225349
2021-06-18 10:11:45,2890.0,225383
2021-06-18 10:11:46,2889.3,225390
2021-06-18 10:11:47,2889.25,225486
2021-06-18 10:11:48,2889.25,225486
2021-06-18 10:11:50,2889.3,225726
2021-06-18 10:11:49,2889.25,225722
2021-06-18 10:11:51,2889.3,225726
2021-06-18 10:11:52,2889.3,225726
2021-06-18 10:11:53,2889.25,225754
2021-06-18 10:11:54,2889.3,225755
2021-06-18 10:11:55,2889.3,225755
2021-06-18 10:11:56,2889.25,226073
2021-06-18 10:11:57,2889.25,226073
2021-06-18 10:11:58,2889.5,226080
2021-06-18 10:11:59,2889.5,226082
2021-06-18 10:12:00,2889.5,226082
2021-06-18 10:12:01,2889.45,226085
2021-06-18 10:12:02,2889.25,226285
2021-06-18 10:12:03,2889.25,226408
2021-06-18 10:12:04,2889.5,226421
2021-06-18 10:12:05,2889.5,226425
2021-06-18 10:12:06,2889.0,226449
2021-06-18 10:12:07,2889.0,226454
2021-06-18 10:12:08,2889.0,226454
2021-06-18 10:12:09,2889.0,226454
2021-06-18 10:12:10,2889.0,226454
2021-06-18 10:12:11,2888.8,226540
