timestamp,ltp,volume
2021-06-18 09:16:32,2424.6,22025
2021-06-18 09:16:33,2424.55,22524
2021-06-18 09:16:34,2423.45,23569
2021-06-18 09:16:35,2423.5,23915
2021-06-18 09:16:36,2422.8,24397
2021-06-18 09:16:37,2422.8,24459
2021-06-18 09:16:38,2424.25,26580
2021-06-18 09:16:39,2424.0,26599
2021-06-18 09:16:40,2424.85,26684
2021-06-18 09:16:41,2424.0,26888
2021-06-18 09:16:42,2424.0,28091
2021-06-18 09:16:43,2422.45,28242
2021-06-18 09:16:44,2422.65,28455
2021-06-18 09:16:45,2422.45,28615
2021-06-18 09:16:46,2422.6,28755
2021-06-18 09:16:47,2422.55,28861
2021-06-18 09:16:48,2422.9,30098
2021-06-18 09:16:49,2422.65,30934
2021-06-18 09:16:50,2422.75,31089
2021-06-18 09:16:51,2423.7,31098
2021-06-18 09:16:52,2423.25,31234
2021-06-18 09:16:53,2424.1,31822
2021-06-18 09:16:54,2424.1,31981
2021-06-18 09:16:55,2425.0,32031
2021-06-18 09:16:56,2424.95,32345
2021-06-18 09:16:57,2424.4,32563
2021-06-18 09:16:58,2425.4,32709
2021-06-18 09:16:59,2425.35,32882
2021-06-18 09:17:00,2425.5,33087
2021-06-18 09:17:01,2425.7,33405
2021-06-18 09:17:02,2425.15,33781
2021-06-18 09:17:03,2425.7,33921
2021-06-18 09:17:04,2425.2,34078
2021-06-18 09:17:05,2425.65,34320
2021-06-18 09:17:06,2427.8,34962
2021-06-18 09:17:07,2426.8,35451
2021-06-18 09:17:08,2427.9,35654
2021-06-18 09:17:09,2426.85,36085
2021-06-18 09:17:10,2426.0,36230
2021-06-18 09:17:11,2426.0,36326
2021-06-18 09:17:12,2426.95,36437
2021-06-18 09:17:13,2426.05,36493
2021-06-18 09:17:14,2427.25,36682
2021-06-18 09:17:15,2427.1,36889
2021-06-18 09:17:16,2426.1,36993
2021-06-18 09:17:17,2426.1,37319
2021-06-18 09:17:18,2426.0,37854
2021-06-18 09:17:19,2427.15,37981
2021-06-18 09:17:20,2427.0,38048
2021-06-18 09:17:21,2427.0,39125
2021-06-18 09:17:22,2427.15,39783
2021-06-18 09:17:23,2427.0,40562
2021-06-18 09:17:24,2427.9,40831
2021-06-18 09:17:25,2427.9,41133
2021-06-18 09:17:26,2428.35,41907
2021-06-18 09:17:27,2428.4,42005
2021-06-18 09:17:28,2428.4,42360
2021-06-18 09:17:29,2428.4,42558
2021-06-18 09:17:30,2428.55,43460
2021-06-18 09:17:31,2429.75,44909
2021-06-18 09:17:32,2430.0,47230
2021-06-18 09:17:32,2430.0,47396
2021-06-18 09:17:33,2430.2,47967
2021-06-18 09:17:35,2430.45,49870
2021-06-18 09:17:36,2431.95,50490
2021-06-18 09:17:37,2430.55,51086
2021-06-18 09:17:38,2431.5,51128
2021-06-18 09:17:39,2430.35,51813
2021-06-18 09:17:40,2430.15,52148
2021-06-18 09:17:41,2430.1,52287
2021-06-18 09:17:42,2431.6,52685
2021-06-18 09:17:43,2431.55,52794
2021-06-18 09:17:44,2430.35,52862
2021-06-18 09:17:44,2431.5,52904
2021-06-18 09:17:45,2430.75,53324
2021-06-18 09:17:47,2430.1,53717
2021-06-18 09:17:48,2430.0,54169
2021-06-18 09:17:49,2430.0,62016
2021-06-18 09:17:50,2430.0,63177
2021-06-18 09:17:51,2430.0,65460
2021-06-18 09:17:52,2429.0,66060
2021-06-18 09:17:54,2428.1,68194
2021-06-18 09:17:55,2427.55,69061
2021-06-18 09:17:56,2427.5,69359
2021-06-18 09:17:58,2427.75,69667
2021-06-18 09:17:59,2428.65,69852
2021-06-18 09:18:00,2427.5,70054
2021-06-18 09:18:03,2427.75,70255
2021-06-18 09:18:04,2428.4,70609
2021-06-18 09:18:05,2427.75,70921
2021-06-18 09:18:06,2427.75,71015
2021-06-18 09:18:07,2429.0,71352
2021-06-18 09:18:08,2429.3,71564
2021-06-18 09:18:08,2428.5,71510
2021-06-18 09:18:10,2427.9,71788
2021-06-18 09:18:11,2427.85,71901
2021-06-18 09:18:12,2429.25,71922
2021-06-18 09:18:13,2429.6,72029
2021-06-18 09:18:14,2429.3,72344
2021-06-18 09:18:15,2427.75,72676
2021-06-18 09:18:16,2427.85,72931
2021-06-18 09:18:17,2428.95,73121
2021-06-18 09:18:19,2429.6,73315
2021-06-18 09:18:18,2429.2,73240
2021-06-18 09:18:20,2428.75,73727
2021-06-18 09:18:21,2428.8,75385
2021-06-18 09:18:22,2429.85,75398
2021-06-18 09:18:23,2429.5,76572
2021-06-18 09:18:24,2430.0,76812
2021-06-18 09:18:25,2430.0,76892
2021-06-18 09:18:26,2431.2,77722
2021-06-18 09:18:27,2430.0,78485
2021-06-18 09:18:28,2431.25,79557
2021-06-18 09:18:29,2430.0,81575
2021-06-18 09:18:30,2430.2,82289
2021-06-18 09:18:31,2430.0,82899
2021-06-18 09:18:32,2430.0,84058
2021-06-18 09:18:33,2430.0,84385
2021-06-18 09:18:34,2430.75,85347
2021-06-18 09:18:35,2431.1,86020
2021-06-18 09:18:36,2431.1,86706
2021-06-18 09:18:37,2430.0,86946
2021-06-18 09:18:38,2431.1,87011
2021-06-18 09:18:39,2431.1,87334
2021-06-18 09:18:40,2431.1,87359
2021-06-18 09:18:41,2431.1,87367
2021-06-18 09:18:42,2430.3,87380
2021-06-18 09:18:43,2430.3,87775
2021-06-18 09:18:44,2431.1,87785
2021-06-18 09:18:45,2431.1,87785
2021-06-18 09:18:46,2431.0,87798
2021-06-18 09:18:47,2430.35,87817
2021-06-18 09:18:48,2430.35,87818
2021-06-18 09:18:49,2430.35,87820
2021-06-18 09:18:50,2431.0,87845
2021-06-18 09:18:52,2431.0,88200
2021-06-18 09:18:53,2431.25,88460
2021-06-18 09:18:54,2431.0,88493
2021-06-18 09:18:55,2431.25,88494
2021-06-18 09:18:56,2430.5,88602
2021-06-18 09:18:57,2430.5,88715
2021-06-18 09:18:58,2431.5,88740
2021-06-18 09:18:59,2431.45,88961
2021-06-18 09:19:00,2431.45,88996
2021-06-18 09:19:01,2431.0,89205
2021-06-18 09:19:02,2431.45,89280
2021-06-18 09:19:04,2431.45,90958
2021-06-18 09:19:05,2431.4,90987
2021-06-18 09:19:06,2431.0,91018
2021-06-18 09:19:07,2430.5,91052
2021-06-18 09:19:08,2430.55,91076
2021-06-18 09:19:09,2430.35,91078
2021-06-18 09:19:10,2430.35,91128
2021-06-18 09:19:11,2431.0,91665
2021-06-18 09:19:12,2431.45,91687
2021-06-18 09:19:13,2430.35,91703
2021-06-18 09:19:14,2430.0,92617
2021-06-18 09:19:15,2430.55,92639
2021-06-18 09:19:16,2430.0,92819
2021-06-18 09:19:17,2430.05,92834
2021-06-18 09:19:18,2430.05,92860
2021-06-18 09:19:19,2430.05,93048
2021-06-18 09:19:20,2430.4,93877
2021-06-18 09:19:21,2430.95,93971
2021-06-18 09:19:22,2430.05,93976
2021-06-18 09:19:23,2430.95,94007
2021-06-18 09:19:24,2430.95,94053
2021-06-18 09:19:25,2431.2,94469
2021-06-18 09:19:26,2430.9,94471
2021-06-18 09:19:27,2430.9,94476
2021-06-18 09:19:28,2430.05,95258
2021-06-18 09:19:29,2432.0,96306
2021-06-18 09:19:30,2432.3,96401
2021-06-18 09:19:31,2432.0,96441
2021-06-18 09:19:32,2432.0,98308
2021-06-18 09:19:33,2432.5,98496
2021-06-18 09:19:34,2432.2,102433
2021-06-18 09:19:35,2432.6,103332
2021-06-18 09:19:36,2433.2,103402
2021-06-18 09:19:37,2432.6,103423
2021-06-18 09:19:38,2433.2,103446
2021-06-18 09:19:39,2433.1,104429
2021-06-18 09:19:40,2433.45,105720
2021-06-18 09:19:41,2433.45,105745
2021-06-18 09:19:42,2433.45,105780
2021-06-18 09:19:43,2432.95,106189
2021-06-18 09:19:44,2432.95,106260
2021-06-18 09:19:45,2432.45,106393
2021-06-18 09:19:47,2434.95,110625
2021-06-18 09:19:49,2435.2,113285
2021-06-18 09:19:48,2435.0,113087
2021-06-18 09:19:50,2434.3,114510
2021-06-18 09:19:51,2434.1,114723
2021-06-18 09:19:52,2434.4,114875
2021-06-18 09:19:53,2434.0,115556
2021-06-18 09:19:54,2434.1,115813
2021-06-18 09:19:55,2434.1,115822
2021-06-18 09:19:56,2434.1,115822
2021-06-18 09:19:57,2434.05,115867
2021-06-18 09:19:58,2434.15,116072
2021-06-18 09:19:59,2434.05,116759
2021-06-18 09:20:00,2434.85,117396
2021-06-18 09:20:01,2433.5,118430
2021-06-18 09:20:02,2433.5,118537
2021-06-18 09:20:03,2433.8,118684
2021-06-18 09:20:04,2433.65,118720
2021-06-18 09:20:05,2433.85,118722
2021-06-18 09:20:06,2433.85,118722
2021-06-18 09:20:07,2432.55,118769
2021-06-18 09:20:08,2433.6,118775
2021-06-18 09:20:09,2433.6,118807
2021-06-18 09:20:10,2432.55,119144
2021-06-18 09:20:11,2432.55,119181
2021-06-18 09:20:12,2431.35,120550
2021-06-18 09:20:13,2431.0,120819
2021-06-18 09:20:14,2431.0,120866
2021-06-18 09:20:15,2431.0,121122
2021-06-18 09:20:16,2431.1,121459
2021-06-18 09:20:17,2431.0,121523
2021-06-18 09:20:18,2431.0,121673
2021-06-18 09:20:19,2431.0,121711
2021-06-18 09:20:20,2431.0,121728
2021-06-18 09:20:21,2430.15,121780
2021-06-18 09:20:22,2430.95,121786
2021-06-18 09:20:23,2430.1,121787
2021-06-18 09:20:24,2430.1,121827
2021-06-18 09:20:25,2431.0,121876
2021-06-18 09:20:26,2430.15,122163
2021-06-18 09:20:27,2431.35,122276
2021-06-18 09:20:28,2430.25,122294
2021-06-18 09:20:29,2431.0,122308
2021-06-18 09:20:30,2431.0,122311
2021-06-18 09:20:31,2430.1,122383
2021-06-18 09:20:32,2430.0,122520
2021-06-18 09:20:33,2430.1,122564
2021-06-18 09:20:34,2430.1,122588
2021-06-18 09:20:35,2430.1,122627
2021-06-18 09:20:37,2430.1,122731
2021-06-18 09:20:38,2430.0,123697
2021-06-18 09:20:39,2430.8,123755
2021-06-18 09:20:40,2431.0,123929
2021-06-18 09:20:41,2430.0,124017
2021-06-18 09:20:42,2431.0,124042
2021-06-18 09:20:43,2430.1,124062
2021-06-18 09:20:44,2430.1,124089
2021-06-18 09:20:45,2430.25,124149
2021-06-18 09:20:46,2430.25,124181
2021-06-18 09:20:47,2430.25,124191
2021-06-18 09:20:48,2430.3,124197
2021-06-18 09:20:49,2430.3,124209
2021-06-18 09:20:50,2431.4,124494
2021-06-18 09:20:51,2431.6,124833
2021-06-18 09:20:52,2430.7,125091
2021-06-18 09:20:53,2430.75,125188
2021-06-18 09:20:54,2430.3,125306
2021-06-18 09:20:55,2430.0,125758
2021-06-18 09:20:56,2430.0,126688
2021-06-18 09:20:57,2430.0,126689
2021-06-18 09:20:59,2429.0,127934
2021-06-18 09:20:59,2429.75,128245
2021-06-18 09:21:00,2429.9,128323
2021-06-18 09:21:01,2429.8,128347
2021-06-18 09:21:02,2429.55,128415
2021-06-18 09:21:04,2429.4,128439
2021-06-18 09:21:05,2429.0,128443
2021-06-18 09:21:06,2427.9,129325
2021-06-18 09:21:07,2429.15,129456
2021-06-18 09:21:08,2429.15,129690
2021-06-18 09:21:09,2428.9,129864
2021-06-18 09:21:10,2428.95,129968
2021-06-18 09:21:11,2430.0,130586
2021-06-18 09:21:12,2430.0,130623
2021-06-18 09:21:13,2430.0,130636
2021-06-18 09:21:14,2430.0,130646
2021-06-18 09:21:16,2430.0,130817
2021-06-18 09:21:16,2430.0,130817
2021-06-18 09:21:17,2430.0,130827
2021-06-18 09:21:18,2430.0,130827
2021-06-18 09:21:19,2430.0,130888
2021-06-18 09:21:20,2430.1,131037
2021-06-18 09:21:21,2430.85,131407
2021-06-18 09:21:22,2430.55,132344
2021-06-18 09:21:23,2431.3,132354
2021-06-18 09:21:24,2430.3,132781
2021-06-18 09:21:25,2430.9,132948
2021-06-18 09:21:26,2430.9,133359
2021-06-18 09:21:27,2430.9,133365
2021-06-18 09:21:28,2430.85,133468
2021-06-18 09:21:29,2430.35,133546
2021-06-18 09:21:30,2431.35,133567
2021-06-18 09:21:31,2431.05,134119
2021-06-18 09:21:32,2431.3,134131
2021-06-18 09:21:34,2432.3,134135
2021-06-18 09:21:34,2432.3,134135
2021-06-18 09:21:35,2431.3,134157
2021-06-18 09:21:36,2432.25,134310
2021-06-18 09:21:37,2428.1,135001
2021-06-18 09:21:38,2430.55,135055
2021-06-18 09:21:39,2429.85,135065
2021-06-18 09:21:40,2430.0,135105
2021-06-18 09:21:41,2429.85,135275
2021-06-18 09:21:42,2428.2,135398
2021-06-18 09:21:43,2429.0,135952
2021-06-18 09:21:44,2428.4,136291
2021-06-18 09:21:45,2429.7,136375
2021-06-18 09:21:46,2429.7,136397
2021-06-18 09:21:47,2429.65,136455
2021-06-18 09:21:48,2428.4,136519
2021-06-18 09:21:49,2429.6,136544
2021-06-18 09:21:50,2428.4,136616
2021-06-18 09:21:52,2428.3,136688
2021-06-18 09:21:53,2428.3,136791
2021-06-18 09:21:54,2428.7,136817
2021-06-18 09:21:55,2429.8,136841
2021-06-18 09:21:56,2429.75,136890
2021-06-18 09:21:57,2429.85,137018
2021-06-18 09:21:58,2429.85,137097
2021-06-18 09:21:59,2429.75,137160
2021-06-18 09:22:00,2428.4,137226
2021-06-18 09:22:01,2429.55,137242
2021-06-18 09:22:02,2429.0,137250
2021-06-18 09:22:03,2429.0,137314
2021-06-18 09:22:04,2428.95,137345
2021-06-18 09:22:05,2429.0,137374
2021-06-18 09:22:07,2428.4,137470
2021-06-18 09:22:07,2428.95,137499
2021-06-18 09:22:08,2428.4,137516
2021-06-18 09:22:09,2428.95,137648
2021-06-18 09:22:10,2428.3,137696
2021-06-18 09:22:11,2428.95,137713
2021-06-18 09:22:12,2428.95,137753
2021-06-18 09:22:13,2428.95,137763
2021-06-18 09:22:14,2425.55,141720
2021-06-18 09:22:15,2425.2,142854
2021-06-18 09:22:16,2426.85,142998
2021-06-18 09:22:17,2426.45,143046
2021-06-18 09:22:18,2427.05,143058
2021-06-18 09:22:20,2427.1,143077
2021-06-18 09:22:23,2427.05,143571
2021-06-18 09:22:24,2426.8,143586
2021-06-18 09:22:25,2426.85,143627
2021-06-18 09:22:26,2426.85,143670
2021-06-18 09:22:27,2425.0,144021
2021-06-18 09:22:28,2424.95,144174
2021-06-18 09:22:30,2424.95,144548
2021-06-18 09:22:30,2425.05,144753
2021-06-18 09:22:31,2425.1,144809
2021-06-18 09:22:32,2424.0,144852
2021-06-18 09:22:33,2423.9,145221
2021-06-18 09:22:34,2425.0,145303
2021-06-18 09:22:35,2425.5,145766
2021-06-18 09:22:37,2426.05,145868
2021-06-18 09:22:37,2426.1,145900
2021-06-18 09:22:38,2425.6,146418
2021-06-18 09:22:39,2425.8,146581
2021-06-18 09:22:40,2427.0,146622
2021-06-18 09:22:41,2425.8,146643
2021-06-18 09:22:42,2425.8,146806
2021-06-18 09:22:43,2427.0,146905
2021-06-18 09:22:45,2427.05,147470
2021-06-18 09:22:46,2427.6,147499
2021-06-18 09:22:47,2427.45,147558
2021-06-18 09:22:48,2427.45,147591
2021-06-18 09:22:49,2428.5,147655
2021-06-18 09:22:49,2427.55,147724
2021-06-18 09:22:57,2429.0,148926
2021-06-18 09:22:59,2428.45,149140
2021-06-18 09:23:00,2428.35,149161
2021-06-18 09:23:01,2428.0,149303
2021-06-18 09:23:02,2428.45,149368
2021-06-18 09:23:03,2428.5,149784
2021-06-18 09:23:04,2428.1,149940
2021-06-18 09:23:05,2427.45,150029
2021-06-18 09:23:06,2428.6,150154
2021-06-18 09:23:07,2428.5,150186
2021-06-18 09:23:08,2428.1,150229
2021-06-18 09:23:09,2428.0,150240
2021-06-18 09:23:10,2427.5,150253
2021-06-18 09:23:11,2427.7,150516
2021-06-18 09:23:12,2427.85,150628
2021-06-18 09:23:13,2428.7,150656
2021-06-18 09:23:14,2428.1,150671
2021-06-18 09:23:15,2425.8,153681
2021-06-18 09:23:16,2426.5,154133
2021-06-18 09:23:17,2427.25,154259
2021-06-18 09:23:18,2427.65,154569
2021-06-18 09:23:19,2425.95,156183
2021-06-18 09:23:20,2425.95,156759
2021-06-18 09:23:21,2425.4,157231
2021-06-18 09:23:22,2426.85,157299
2021-06-18 09:23:23,2426.85,157345
2021-06-18 09:23:25,2427.7,157375
2021-06-18 09:23:26,2427.25,157797
2021-06-18 09:23:27,2427.9,157822
2021-06-18 09:23:28,2427.9,157942
2021-06-18 09:23:29,2426.9,159648
2021-06-18 09:23:30,2426.45,160309
2021-06-18 09:23:31,2426.2,160603
2021-06-18 09:23:32,2427.0,160670
2021-06-18 09:23:33,2425.95,161277
2021-06-18 09:23:34,2425.8,162178
2021-06-18 09:23:35,2426.2,162211
2021-06-18 09:23:36,2425.75,162311
2021-06-18 09:23:37,2425.75,162313
2021-06-18 09:23:38,2426.5,162607
2021-06-18 09:23:39,2426.5,162607
2021-06-18 09:23:40,2426.65,162670
2021-06-18 09:23:41,2426.65,162680
2021-06-18 09:23:42,2426.65,162680
2021-06-18 09:23:43,2426.7,162706
2021-06-18 09:23:44,2427.0,162707
2021-06-18 09:23:45,2427.0,162727
2021-06-18 09:23:46,2426.7,162781
2021-06-18 09:23:47,2426.7,162785
2021-06-18 09:23:48,2426.7,162785
2021-06-18 09:23:49,2426.7,162785
2021-06-18 09:23:56,2426.8,163122
2021-06-18 09:23:57,2426.7,163172
2021-06-18 09:23:58,2425.8,163175
2021-06-18 09:23:59,2425.8,163175
2021-06-18 09:24:00,2426.65,163180
2021-06-18 09:24:01,2426.65,163185
2021-06-18 09:24:03,2426.0,163301
2021-06-18 09:24:04,2426.65,163336
2021-06-18 09:24:05,2426.65,163337
2021-06-18 09:24:06,2426.65,163337
2021-06-18 09:24:07,2426.65,163399
2021-06-18 09:24:08,2426.45,163419
2021-06-18 09:24:09,2426.65,163440
2021-06-18 09:24:10,2426.65,163477
2021-06-18 09:24:11,2426.7,163547
2021-06-18 09:24:12,2426.15,163589
2021-06-18 09:24:13,2427.0,163601
2021-06-18 09:24:14,2426.05,163728
2021-06-18 09:24:15,2427.0,163729
2021-06-18 09:24:16,2427.0,163729
2021-06-18 09:24:17,2427.0,163730
2021-06-18 09:24:18,2427.0,163730
2021-06-18 09:24:19,2426.1,163736
2021-06-18 09:24:20,2426.1,163886
2021-06-18 09:24:21,2427.0,163894
2021-06-18 09:24:22,2427.35,163987
2021-06-18 09:24:23,2426.5,164028
2021-06-18 09:24:24,2426.5,164028
2021-06-18 09:24:25,2427.55,164274
2021-06-18 09:24:26,2426.55,164306
2021-06-18 09:24:26,2427.55,164309
2021-06-18 09:24:27,2427.55,164309
2021-06-18 09:24:28,2427.55,164311
2021-06-18 09:24:29,2427.55,164311
2021-06-18 09:24:30,2427.55,164518
2021-06-18 09:24:31,2427.6,164528
2021-06-18 09:24:32,2427.0,164543
2021-06-18 09:24:33,2428.0,164603
2021-06-18 09:24:34,2427.15,164617
2021-06-18 09:24:35,2427.1,164689
2021-06-18 09:24:36,2427.5,164692
2021-06-18 09:24:37,2427.5,164693
2021-06-18 09:24:38,2427.5,164716
2021-06-18 09:24:39,2427.5,164716
2021-06-18 09:24:40,2427.1,164717
2021-06-18 09:24:41,2428.0,164847
2021-06-18 09:24:42,2428.0,164859
2021-06-18 09:24:43,2428.05,164876
2021-06-18 09:24:44,2427.75,165311
2021-06-18 09:24:45,2427.75,165320
2021-06-18 09:24:46,2428.0,165429
2021-06-18 09:24:47,2428.0,165759
2021-06-18 09:24:48,2428.0,165887
2021-06-18 09:24:49,2428.0,165899
2021-06-18 09:24:50,2428.7,165907
2021-06-18 09:24:51,2428.0,165909
2021-06-18 09:24:52,2428.65,165919
2021-06-18 09:24:53,2428.1,165920
2021-06-18 09:24:54,2428.0,165953
2021-06-18 09:24:55,2428.0,165953
2021-06-18 09:24:56,2428.6,165982
2021-06-18 09:24:57,2428.5,166072
2021-06-18 09:24:58,2428.5,166084
2021-06-18 09:24:59,2428.45,166135
2021-06-18 09:25:00,2427.0,166169
2021-06-18 09:25:01,2427.0,166169
2021-06-18 09:25:02,2428.1,166176
2021-06-18 09:25:03,2428.1,166176
2021-06-18 09:25:04,2427.0,166203
2021-06-18 09:25:05,2428.0,166214
2021-06-18 09:25:06,2427.05,166226
2021-06-18 09:25:07,2427.05,166350
2021-06-18 09:25:08,2428.0,166382
2021-06-18 09:25:09,2427.6,166433
2021-06-18 09:25:10,2427.7,166459
2021-06-18 09:25:11,2427.6,166593
2021-06-18 09:25:12,2427.6,166593
2021-06-18 09:25:13,2427.1,166595
2021-06-18 09:25:14,2427.1,166607
2021-06-18 09:25:15,2428.1,166708
2021-06-18 09:25:16,2427.1,166752
2021-06-18 09:25:18,2427.7,166957
2021-06-18 09:25:20,2427.15,166967
2021-06-18 09:25:21,2427.15,166967
2021-06-18 09:25:22,2427.15,166967
2021-06-18 09:25:25,2425.0,168060
2021-06-18 09:25:26,2426.35,168072
2021-06-18 09:25:27,2425.25,168073
2021-06-18 09:25:29,2425.1,168433
2021-06-18 09:25:30,2425.1,168433
2021-06-18 09:25:31,2425.1,168433
2021-06-18 09:25:32,2425.6,168504
2021-06-18 09:25:33,2425.6,168504
2021-06-18 09:25:34,2425.6,168504
2021-06-18 09:25:35,2425.65,168546
2021-06-18 09:25:36,2426.55,168547
2021-06-18 09:25:37,2425.6,168561
2021-06-18 09:25:38,2425.6,168589
2021-06-18 09:25:39,2426.4,168590
2021-06-18 09:25:40,2425.6,168592
2021-06-18 09:25:41,2426.4,168594
2021-06-18 09:25:42,2425.6,168619
2021-06-18 09:25:43,2425.6,168705
2021-06-18 09:25:45,2426.5,168715
2021-06-18 09:25:46,2425.6,168796
2021-06-18 09:25:47,2426.7,168797
2021-06-18 09:25:48,2425.6,168799
2021-06-18 09:25:50,2425.6,168846
2021-06-18 09:25:52,2425.6,168959
2021-06-18 09:25:53,2425.05,169054
2021-06-18 09:25:55,2425.05,169054
2021-06-18 09:25:56,2426.35,169061
2021-06-18 09:25:57,2426.5,169262
2021-06-18 09:25:58,2425.35,169270
2021-06-18 09:26:00,2425.35,169270
2021-06-18 09:26:02,2425.35,169271
2021-06-18 09:26:03,2425.0,169778
2021-06-18 09:26:04,2425.6,169793
2021-06-18 09:26:05,2426.4,169818
2021-06-18 09:26:06,2426.2,169819
2021-06-18 09:26:07,2426.2,169824
2021-06-18 09:26:08,2425.0,169917
2021-06-18 09:26:09,2425.8,169922
2021-06-18 09:26:10,2425.9,170324
2021-06-18 09:26:11,2425.9,170324
2021-06-18 09:26:12,2425.9,170324
2021-06-18 09:26:13,2426.0,170370
2021-06-18 09:26:14,2426.0,170370
2021-06-18 09:26:15,2426.0,170381
2021-06-18 09:26:16,2425.5,170407
2021-06-18 09:26:17,2425.05,170732
2021-06-18 09:26:18,2424.1,171017
2021-06-18 09:26:19,2424.85,171067
2021-06-18 09:26:20,2424.65,171190
2021-06-18 09:26:20,2424.65,171190
2021-06-18 09:26:21,2424.85,171316
2021-06-18 09:26:22,2424.85,171316
2021-06-18 09:26:23,2425.4,171357
2021-06-18 09:26:24,2425.4,171357
2021-06-18 09:26:25,2425.2,171677
2021-06-18 09:26:26,2425.2,171684
2021-06-18 09:26:27,2425.85,171687
2021-06-18 09:26:28,2425.2,171778
2021-06-18 09:26:29,2425.4,171782
2021-06-18 09:26:30,2425.4,171782
2021-06-18 09:26:31,2425.4,171814
2021-06-18 09:26:32,2424.85,171815
2021-06-18 09:26:33,2425.4,171816
2021-06-18 09:26:34,2424.85,171833
2021-06-18 09:26:35,2425.4,172334
2021-06-18 09:26:36,2425.4,172400
2021-06-18 09:26:38,2425.4,172503
2021-06-18 09:26:39,2425.4,172509
2021-06-18 09:26:40,2425.0,172510
2021-06-18 09:26:41,2425.0,172530
2021-06-18 09:26:42,2425.85,172632
2021-06-18 09:26:43,2425.95,172668
2021-06-18 09:26:44,2425.95,172668
2021-06-18 09:26:45,2426.0,172680
2021-06-18 09:26:46,2425.95,172705
2021-06-18 09:26:47,2425.95,172711
2021-06-18 09:26:48,2425.4,172721
2021-06-18 09:26:49,2425.4,172731
2021-06-18 09:26:50,2425.9,172732
2021-06-18 09:26:51,2425.6,172782
2021-06-18 09:26:52,2425.4,172784
2021-06-18 09:26:52,2425.4,172784
2021-06-18 09:26:53,2425.4,172784
2021-06-18 09:26:54,2425.7,172809
2021-06-18 09:26:55,2425.65,172886
2021-06-18 09:26:56,2425.4,172896
2021-06-18 09:26:58,2425.4,172896
2021-06-18 09:26:59,2425.4,172896
2021-06-18 09:27:00,2425.4,172898
2021-06-18 09:27:01,2425.65,172899
2021-06-18 09:27:02,2424.7,173102
2021-06-18 09:27:03,2425.4,173142
2021-06-18 09:27:04,2425.4,173142
2021-06-18 09:27:05,2425.35,173508
2021-06-18 09:27:06,2425.35,173516
2021-06-18 09:27:07,2425.35,173516
2021-06-18 09:27:08,2425.35,173544
2021-06-18 09:27:09,2424.75,173551
2021-06-18 09:27:10,2425.35,173588
2021-06-18 09:27:11,2425.35,173588
2021-06-18 09:27:12,2424.55,173617
2021-06-18 09:27:13,2425.35,173637
2021-06-18 09:27:14,2425.35,173637
2021-06-18 09:27:15,2425.35,173637
2021-06-18 09:27:16,2425.3,174687
2021-06-18 09:27:17,2425.0,174708
2021-06-18 09:27:18,2425.0,174718
2021-06-18 09:27:19,2424.7,174720
2021-06-18 09:27:20,2424.7,174776
2021-06-18 09:27:21,2425.0,174806
2021-06-18 09:27:22,2425.0,174843
2021-06-18 09:27:23,2424.0,174943
2021-06-18 09:27:24,2424.95,174965
2021-06-18 09:27:25,2424.7,175049
2021-06-18 09:27:26,2424.1,175050
2021-06-18 09:27:27,2424.1,175089
2021-06-18 09:27:28,2424.7,175090
2021-06-18 09:27:29,2424.7,175091
2021-06-18 09:27:30,2424.0,175342
2021-06-18 09:27:31,2424.0,175346
2021-06-18 09:27:32,2424.05,175406
2021-06-18 09:27:33,2424.7,175534
2021-06-18 09:27:34,2424.85,175607
2021-06-18 09:27:35,2424.95,175642
2021-06-18 09:27:36,2424.0,175672
2021-06-18 09:27:37,2424.0,175672
2021-06-18 09:27:38,2424.0,175672
2021-06-18 09:27:39,2424.0,175672
2021-06-18 09:27:40,2424.85,175676
2021-06-18 09:27:41,2424.35,175791
2021-06-18 09:27:42,2424.35,175791
2021-06-18 09:27:43,2424.35,175791
2021-06-18 09:27:44,2425.0,176416
2021-06-18 09:27:45,2424.05,176572
2021-06-18 09:27:46,2424.05,176572
2021-06-18 09:27:47,2424.05,176572
2021-06-18 09:27:48,2424.1,176627
2021-06-18 09:27:49,2425.0,176631
2021-06-18 09:27:50,2425.0,176631
2021-06-18 09:27:51,2425.0,176742
2021-06-18 09:27:52,2425.0,176762
2021-06-18 09:27:53,2424.4,176863
2021-06-18 09:27:54,2424.4,176863
2021-06-18 09:27:55,2425.0,176874
2021-06-18 09:27:56,2425.0,176880
2021-06-18 09:27:57,2425.0,176881
2021-06-18 09:27:58,2425.0,176881
2021-06-18 09:27:59,2425.0,176885
2021-06-18 09:28:00,2425.0,176895
2021-06-18 09:28:01,2424.45,176995
2021-06-18 09:28:02,2424.45,176999
2021-06-18 09:28:03,2424.45,177003
2021-06-18 09:28:04,2424.45,177003
2021-06-18 09:28:05,2424.45,177107
2021-06-18 09:28:06,2424.45,177128
2021-06-18 09:28:06,2424.45,177128
2021-06-18 09:28:08,2424.95,177190
2021-06-18 09:28:08,2424.45,177200
2021-06-18 09:28:09,2424.45,177200
2021-06-18 09:28:10,2425.9,177853
2021-06-18 09:28:11,2425.05,177855
2021-06-18 09:28:13,2425.05,177855
2021-06-18 09:28:14,2425.05,177856
2021-06-18 09:28:15,2425.7,178076
2021-06-18 09:28:16,2426.8,178259
2021-06-18 09:28:17,2425.85,178282
2021-06-18 09:28:18,2425.85,178334
2021-06-18 09:28:19,2426.9,178335
2021-06-18 09:28:20,2425.85,178337
2021-06-18 09:28:21,2425.85,178337
2021-06-18 09:28:22,2425.85,178337
2021-06-18 09:28:23,2426.9,178345
2021-06-18 09:28:24,2426.95,178402
2021-06-18 09:28:25,2427.5,178709
2021-06-18 09:28:27,2427.5,178786
2021-06-18 09:28:28,2427.5,178786
2021-06-18 09:28:29,2427.5,178786
2021-06-18 09:28:30,2427.6,178799
2021-06-18 09:28:31,2426.9,178834
2021-06-18 09:28:32,2427.6,178836
2021-06-18 09:28:33,2427.6,178836
2021-06-18 09:28:34,2427.85,178936
2021-06-18 09:28:35,2426.9,178946
2021-06-18 09:28:36,2427.75,178972
2021-06-18 09:28:37,2427.75,178972
2021-06-18 09:28:38,2427.75,179008
2021-06-18 09:28:39,2427.5,179009
2021-06-18 09:28:40,2427.5,179009
2021-06-18 09:28:41,2427.5,179015
2021-06-18 09:28:42,2427.75,179018
2021-06-18 09:28:43,2427.75,179020
2021-06-18 09:28:44,2427.5,179047
2021-06-18 09:28:45,2427.5,179085
2021-06-18 09:28:45,2427.5,179085
2021-06-18 09:28:47,2427.5,179125
2021-06-18 09:28:48,2427.85,179141
2021-06-18 09:28:49,2427.85,179141
2021-06-18 09:28:50,2427.85,179149
2021-06-18 09:28:51,2427.85,179156
2021-06-18 09:28:52,2427.5,179192
2021-06-18 09:28:53,2427.85,179196
2021-06-18 09:28:54,2427.85,179223
2021-06-18 09:28:55,2428.05,179328
2021-06-18 09:28:56,2428.05,179340
2021-06-18 09:28:57,2428.05,179351
2021-06-18 09:28:58,2428.05,179351
2021-06-18 09:28:58,2428.0,179354
2021-06-18 09:28:59,2427.5,179425
2021-06-18 09:29:00,2427.7,179537
2021-06-18 09:29:02,2426.9,179643
2021-06-18 09:29:03,2425.65,179684
2021-06-18 09:29:04,2426.0,179710
2021-06-18 09:29:05,2426.0,179710
2021-06-18 09:29:06,2426.7,179715
2021-06-18 09:29:07,2426.7,179717
2021-06-18 09:29:08,2426.7,179717
2021-06-18 09:29:09,2426.7,179717
2021-06-18 09:29:10,2426.7,179717
2021-06-18 09:29:11,2426.0,179718
2021-06-18 09:29:12,2426.0,179719
2021-06-18 09:29:13,2426.0,179772
2021-06-18 09:29:14,2426.0,179772
2021-06-18 09:29:15,2426.0,179772
2021-06-18 09:29:16,2426.0,179830
2021-06-18 09:29:17,2424.55,180440
2021-06-18 09:29:18,2425.0,180441
2021-06-18 09:29:19,2425.0,180443
2021-06-18 09:29:20,2425.0,180444
2021-06-18 09:29:21,2425.0,180444
2021-06-18 09:29:22,2425.0,180444
2021-06-18 09:29:23,2424.55,180644
2021-06-18 09:29:24,2424.55,180644
2021-06-18 09:29:25,2425.0,181083
2021-06-18 09:29:26,2424.55,181089
2021-06-18 09:29:27,2424.0,181133
2021-06-18 09:29:29,2424.05,181210
2021-06-18 09:29:30,2424.1,181212
2021-06-18 09:29:31,2424.1,181214
2021-06-18 09:29:32,2424.1,181219
2021-06-18 09:29:33,2425.0,181222
2021-06-18 09:29:34,2425.0,181262
2021-06-18 09:29:35,2425.0,181639
2021-06-18 09:29:36,2425.0,181654
2021-06-18 09:29:37,2424.45,181656
2021-06-18 09:29:38,2424.45,181656
2021-06-18 09:29:39,2425.0,181661
2021-06-18 09:29:40,2425.0,181661
2021-06-18 09:29:41,2424.45,181667
2021-06-18 09:29:42,2425.0,181673
2021-06-18 09:29:43,2425.0,181673
2021-06-18 09:29:44,2425.0,181673
2021-06-18 09:29:45,2425.0,181681
2021-06-18 09:29:46,2425.0,181691
2021-06-18 09:29:47,2425.0,181691
2021-06-18 09:29:48,2424.5,181700
2021-06-18 09:29:49,2425.0,181702
2021-06-18 09:29:50,2425.0,181702
2021-06-18 09:29:51,2425.0,181719
2021-06-18 09:29:52,2425.0,181719
2021-06-18 09:29:53,2425.0,181719
2021-06-18 09:29:54,2424.55,181724
2021-06-18 09:29:55,2424.55,181775
2021-06-18 09:29:56,2425.0,181785
2021-06-18 09:29:57,2424.55,181787
2021-06-18 09:29:58,2424.55,181787
2021-06-18 09:29:59,2424.55,181809
2021-06-18 09:30:00,2425.0,181819
2021-06-18 09:30:01,2425.0,181855
2021-06-18 09:30:02,2424.55,181858
2021-06-18 09:30:03,2425.0,181859
2021-06-18 09:30:04,2425.0,181859
2021-06-18 09:30:05,2424.55,181870
2021-06-18 09:30:06,2424.55,181870
2021-06-18 09:30:07,2424.55,181876
2021-06-18 09:30:08,2425.0,181882
2021-06-18 09:30:09,2424.55,181921
2021-06-18 09:30:10,2425.0,181940
2021-06-18 09:30:11,2425.0,181944
2021-06-18 09:30:12,2424.55,181954
2021-06-18 09:30:13,2424.55,181954
2021-06-18 09:30:14,2424.55,181954
2021-06-18 09:30:15,2424.55,181954
2021-06-18 09:30:16,2424.55,181954
2021-06-18 09:30:17,2425.0,181969
2021-06-18 09:30:18,2425.0,181969
2021-06-18 09:30:19,2425.0,181970
2021-06-18 09:30:20,2425.0,181978
2021-06-18 09:30:21,2425.0,181981
2021-06-18 09:30:22,2425.0,181981
2021-06-18 09:30:23,2425.0,182032
2021-06-18 09:30:24,2425.0,182032
2021-06-18 09:30:25,2425.0,182133
2021-06-18 09:30:26,2425.0,182133
2021-06-18 09:30:27,2425.0,182156
2021-06-18 09:30:28,2424.6,182177
2021-06-18 09:30:29,2424.6,182186
2021-06-18 09:30:30,2424.6,182219
2021-06-18 09:30:31,2424.6,182225
2021-06-18 09:30:32,2424.6,182227
2021-06-18 09:30:33,2424.6,182254
2021-06-18 09:30:34,2425.0,182261
2021-06-18 09:30:35,2425.0,182270
2021-06-18 09:30:36,2425.0,182270
2021-06-18 09:30:37,2425.0,182483
2021-06-18 09:30:38,2425.0,182483
2021-06-18 09:30:39,2425.0,182751
2021-06-18 09:30:40,2424.6,182760
2021-06-18 09:30:41,2425.2,182815
2021-06-18 09:30:42,2425.2,182815
2021-06-18 09:30:43,2425.2,182815
2021-06-18 09:30:44,2424.6,182816
2021-06-18 09:30:45,2425.25,182820
2021-06-18 09:30:46,2425.45,182836
2021-06-18 09:30:47,2424.75,182973
2021-06-18 09:30:48,2424.75,182973
2021-06-18 09:30:49,2424.75,182973
2021-06-18 09:30:50,2424.75,182973
2021-06-18 09:30:51,2424.65,183073
2021-06-18 09:30:52,2424.65,183073
2021-06-18 09:30:53,2424.65,183073
2021-06-18 09:30:54,2426.0,183075
2021-06-18 09:30:55,2425.25,183086
2021-06-18 09:30:56,2426.0,183088
2021-06-18 09:30:57,2426.05,183108
2021-06-18 09:30:58,2425.25,183115
2021-06-18 09:30:59,2425.25,183116
2021-06-18 09:31:00,2425.95,183118
2021-06-18 09:31:01,2425.95,183119
2021-06-18 09:31:02,2425.95,183119
2021-06-18 09:31:03,2425.95,183119
2021-06-18 09:31:04,2425.95,183119
2021-06-18 09:31:05,2425.95,183120
2021-06-18 09:31:06,2425.3,183147
2021-06-18 09:31:07,2425.9,183155
2021-06-18 09:31:08,2425.65,183190
2021-06-18 09:31:09,2425.0,183278
2021-06-18 09:31:10,2425.0,183278
2021-06-18 09:31:12,2425.7,183464
2021-06-18 09:31:13,2425.7,183615
2021-06-18 09:31:14,2425.25,183616
2021-06-18 09:31:15,2425.25,183616
2021-06-18 09:31:16,2425.25,183666
2021-06-18 09:31:17,2425.25,183673
2021-06-18 09:31:18,2425.0,183756
2021-06-18 09:31:19,2426.0,184702
2021-06-18 09:31:21,2426.45,184800
2021-06-18 09:31:21,2426.45,184800
2021-06-18 09:31:22,2426.45,184801
2021-06-18 09:31:23,2426.45,184801
2021-06-18 09:31:25,2425.7,184850
2021-06-18 09:31:25,2425.7,184850
2021-06-18 09:31:26,2427.0,184913
2021-06-18 09:31:27,2427.0,184914
2021-06-18 09:31:28,2427.1,184932
2021-06-18 09:31:30,2425.25,185575
2021-06-18 09:31:30,2425.9,185576
2021-06-18 09:31:31,2427.15,185607
2021-06-18 09:31:32,2427.0,185618
2021-06-18 09:31:33,2427.0,185698
2021-06-18 09:31:34,2427.0,185708
2021-06-18 09:31:35,2427.0,185714
2021-06-18 09:31:36,2427.0,185714
2021-06-18 09:31:37,2426.5,185715
2021-06-18 09:31:38,2426.5,185715
2021-06-18 09:31:39,2426.55,185719
2021-06-18 09:31:40,2426.55,185719
2021-06-18 09:31:41,2426.55,185719
2021-06-18 09:31:42,2426.55,185739
2021-06-18 09:31:43,2426.55,185739
2021-06-18 09:31:44,2426.55,185739
2021-06-18 09:31:45,2426.55,185745
2021-06-18 09:31:46,2426.5,186355
2021-06-18 09:31:47,2426.5,186355
2021-06-18 09:31:48,2427.0,186416
2021-06-18 09:31:49,2427.0,186416
2021-06-18 09:31:50,2427.0,186424
2021-06-18 09:31:51,2427.0,186424
2021-06-18 09:31:52,2426.65,186706
2021-06-18 09:31:53,2426.65,186706
2021-06-18 09:31:54,2427.85,187126
2021-06-18 09:31:55,2427.85,187151
2021-06-18 09:31:56,2426.7,189712
2021-06-18 09:31:57,2427.75,189722
2021-06-18 09:31:58,2427.8,189776
2021-06-18 09:31:59,2427.85,189888
2021-06-18 09:32:00,2427.75,189936
2021-06-18 09:32:01,2428.0,190108
2021-06-18 09:32:03,2428.1,190150
2021-06-18 09:32:03,2427.95,190129
2021-06-18 09:32:04,2428.1,190151
2021-06-18 09:32:05,2428.1,190151
2021-06-18 09:32:06,2427.8,190152
2021-06-18 09:32:07,2427.8,190236
2021-06-18 09:32:08,2428.05,190273
2021-06-18 09:32:09,2428.0,190286
2021-06-18 09:32:10,2428.05,190343
2021-06-18 09:32:11,2428.05,190397
2021-06-18 09:32:12,2428.25,190555
2021-06-18 09:32:13,2428.45,190577
2021-06-18 09:32:14,2428.45,190589
2021-06-18 09:32:16,2429.0,190722
2021-06-18 09:32:17,2428.05,190840
2021-06-18 09:32:17,2428.05,190840
2021-06-18 09:32:19,2428.05,190850
2021-06-18 09:32:19,2428.05,190850
2021-06-18 09:32:20,2428.2,190962
2021-06-18 09:32:21,2428.2,190972
2021-06-18 09:32:22,2428.45,192446
2021-06-18 09:32:23,2428.65,192572
2021-06-18 09:32:24,2428.65,192591
2021-06-18 09:32:25,2428.65,192603
2021-06-18 09:32:26,2428.65,192908
2021-06-18 09:32:27,2430.0,192936
2021-06-18 09:32:28,2430.0,192939
2021-06-18 09:32:29,2429.2,192960
2021-06-18 09:32:30,2430.0,192989
2021-06-18 09:32:31,2429.7,193013
2021-06-18 09:32:32,2429.2,193026
2021-06-18 09:32:33,2429.7,193183
2021-06-18 09:32:34,2429.7,193195
2021-06-18 09:32:36,2429.7,193233
2021-06-18 09:32:36,2429.7,193233
2021-06-18 09:32:37,2429.2,193243
2021-06-18 09:32:38,2429.5,193247
2021-06-18 09:32:39,2429.2,193252
2021-06-18 09:32:41,2429.2,193403
2021-06-18 09:32:42,2429.2,193403
2021-06-18 09:32:43,2429.95,193411
2021-06-18 09:32:45,2429.7,193416
2021-06-18 09:32:46,2429.95,193616
2021-06-18 09:32:47,2429.95,193631
2021-06-18 09:32:48,2429.95,193694
2021-06-18 09:32:48,2429.95,193703
2021-06-18 09:32:49,2430.0,193788
2021-06-18 09:32:51,2429.7,193843
2021-06-18 09:32:52,2430.0,194005
2021-06-18 09:32:53,2430.0,194013
2021-06-18 09:32:53,2429.7,194217
2021-06-18 09:32:54,2430.0,194279
2021-06-18 09:32:55,2430.0,194279
2021-06-18 09:32:56,2430.0,194279
2021-06-18 09:32:58,2429.95,194287
2021-06-18 09:32:59,2429.95,194287
2021-06-18 09:32:59,2429.95,194287
2021-06-18 09:33:01,2429.95,194287
2021-06-18 09:33:02,2428.45,195307
2021-06-18 09:33:02,2428.45,195307
2021-06-18 09:33:03,2429.3,195340
2021-06-18 09:33:04,2428.45,195423
2021-06-18 09:33:05,2429.3,195441
2021-06-18 09:33:06,2428.05,195456
2021-06-18 09:33:07,2428.05,195456
2021-06-18 09:33:08,2429.85,196156
2021-06-18 09:33:09,2429.15,196167
2021-06-18 09:33:10,2427.45,197268
2021-06-18 09:33:11,2427.45,197628
2021-06-18 09:33:13,2428.05,197913
2021-06-18 09:33:14,2428.1,198035
2021-06-18 09:33:16,2429.25,198063
2021-06-18 09:33:16,2428.1,198068
2021-06-18 09:33:17,2428.1,198088
2021-06-18 09:33:18,2427.7,198591
2021-06-18 09:33:20,2428.95,199014
2021-06-18 09:33:20,2429.15,199024
2021-06-18 09:33:22,2429.0,199074
2021-06-18 09:33:21,2429.0,199056
2021-06-18 09:33:23,2429.0,199105
2021-06-18 09:33:24,2429.3,199112
2021-06-18 09:33:25,2429.3,199122
2021-06-18 09:33:26,2429.4,199126
2021-06-18 09:33:27,2429.4,199145
2021-06-18 09:33:28,2429.5,199162
2021-06-18 09:33:29,2429.3,199215
2021-06-18 09:33:30,2429.3,199276
2021-06-18 09:33:31,2429.5,199294
2021-06-18 09:33:32,2429.3,199313
2021-06-18 09:33:33,2429.65,199322
2021-06-18 09:33:34,2429.7,199323
2021-06-18 09:33:35,2429.7,199324
2021-06-18 09:33:36,2429.5,199341
2021-06-18 09:33:37,2429.5,199392
2021-06-18 09:33:38,2429.7,199399
2021-06-18 09:33:39,2429.95,199403
2021-06-18 09:33:40,2429.7,199426
2021-06-18 09:33:41,2429.95,199430
2021-06-18 09:33:42,2429.95,199432
2021-06-18 09:33:43,2429.95,199432
2021-06-18 09:33:44,2429.95,199432
2021-06-18 09:33:45,2429.9,199443
2021-06-18 09:33:46,2429.9,199498
2021-06-18 09:33:47,2429.7,199526
2021-06-18 09:33:48,2429.9,199554
2021-06-18 09:33:49,2429.95,199610
2021-06-18 09:33:50,2429.7,199626
2021-06-18 09:33:51,2430.0,199685
2021-06-18 09:33:52,2429.7,199712
2021-06-18 09:33:53,2429.7,200581
2021-06-18 09:33:54,2430.45,200715
2021-06-18 09:33:55,2430.5,200841
2021-06-18 09:33:56,2429.7,201469
2021-06-18 09:33:58,2430.95,201563
2021-06-18 09:33:58,2431.0,201659
2021-06-18 09:33:59,2431.0,201711
2021-06-18 09:34:00,2430.5,201780
2021-06-18 09:34:02,2431.0,202020
2021-06-18 09:34:02,2431.1,202041
2021-06-18 09:34:04,2431.15,202072
2021-06-18 09:34:04,2431.15,202107
2021-06-18 09:34:06,2431.15,202113
2021-06-18 09:34:06,2431.15,202137
2021-06-18 09:34:08,2431.15,202234
2021-06-18 09:34:09,2431.15,202260
2021-06-18 09:34:10,2431.8,203325
2021-06-18 09:34:11,2431.15,203334
2021-06-18 09:34:12,2432.0,203468
2021-06-18 09:34:13,2430.5,203626
2021-06-18 09:34:14,2431.9,203897
2021-06-18 09:34:14,2432.0,203937
2021-06-18 09:34:15,2432.0,203944
2021-06-18 09:34:16,2432.0,204007
2021-06-18 09:34:17,2431.15,204115
2021-06-18 09:34:18,2431.95,204161
2021-06-18 09:34:19,2431.95,204161
2021-06-18 09:34:20,2431.15,204202
2021-06-18 09:34:21,2431.95,204236
2021-06-18 09:34:22,2431.15,204343
2021-06-18 09:34:23,2431.15,204385
2021-06-18 09:34:24,2431.15,204385
2021-06-18 09:34:25,2431.95,204403
2021-06-18 09:34:26,2431.15,204462
2021-06-18 09:34:28,2432.0,204487
2021-06-18 09:34:29,2432.0,204489
2021-06-18 09:34:30,2431.15,204535
2021-06-18 09:34:31,2431.3,204696
2021-06-18 09:34:32,2431.3,204707
2021-06-18 09:34:33,2431.3,204709
2021-06-18 09:34:34,2431.3,204722
2021-06-18 09:34:35,2432.0,204725
2021-06-18 09:34:36,2431.95,204755
2021-06-18 09:34:37,2431.3,204769
2021-06-18 09:34:38,2431.3,204773
2021-06-18 09:34:38,2431.3,204776
2021-06-18 09:34:40,2432.0,204803
2021-06-18 09:34:41,2431.3,204913
2021-06-18 09:34:42,2431.95,204926
2021-06-18 09:34:43,2432.0,205030
2021-06-18 09:34:44,2432.0,205030
2021-06-18 09:34:45,2431.4,205559
2021-06-18 09:34:45,2432.0,205569
2021-06-18 09:34:47,2432.0,205574
2021-06-18 09:34:48,2432.0,205575
2021-06-18 09:34:49,2432.0,205575
2021-06-18 09:34:50,2430.7,206636
2021-06-18 09:34:51,2431.15,207701
2021-06-18 09:34:52,2430.15,207824
2021-06-18 09:34:53,2431.3,207885
2021-06-18 09:34:54,2431.2,207918
2021-06-18 09:34:55,2431.3,208047
2021-06-18 09:34:56,2431.25,208065
2021-06-18 09:34:57,2430.3,208093
2021-06-18 09:34:58,2431.3,208602
2021-06-18 09:34:59,2431.3,208622
2021-06-18 09:34:59,2431.25,208698
2021-06-18 09:35:00,2431.25,208712
2021-06-18 09:35:01,2431.25,208712
2021-06-18 09:35:02,2431.25,208719
2021-06-18 09:35:03,2430.4,208737
2021-06-18 09:35:04,2431.3,208750
2021-06-18 09:35:05,2431.3,208751
2021-06-18 09:35:06,2431.45,208765
2021-06-18 09:35:07,2431.55,208886
2021-06-18 09:35:08,2431.25,209137
2021-06-18 09:35:09,2431.25,209137
2021-06-18 09:35:10,2431.25,209142
2021-06-18 09:35:11,2431.25,209142
2021-06-18 09:35:12,2429.05,210042
2021-06-18 09:35:14,2429.2,210064
2021-06-18 09:35:14,2430.25,210069
2021-06-18 09:35:15,2430.25,210161
2021-06-18 09:35:16,2430.25,210171
2021-06-18 09:35:17,2430.25,210171
2021-06-18 09:35:18,2429.2,210173
2021-06-18 09:35:19,2430.0,210183
2021-06-18 09:35:20,2430.0,210202
2021-06-18 09:35:21,2429.0,210402
2021-06-18 09:35:22,2429.0,210402
2021-06-18 09:35:23,2429.0,210402
2021-06-18 09:35:24,2430.05,210459
2021-06-18 09:35:25,2430.05,210471
2021-06-18 09:35:26,2430.05,210471
2021-06-18 09:35:27,2429.05,210526
2021-06-18 09:35:28,2429.05,210693
2021-06-18 09:35:29,2429.05,210693
2021-06-18 09:35:30,2429.7,210694
2021-06-18 09:35:31,2429.7,210694
2021-06-18 09:35:32,2429.7,210694
2021-06-18 09:35:33,2429.8,210794
2021-06-18 09:35:34,2429.8,210798
2021-06-18 09:35:35,2429.8,210877
2021-06-18 09:35:36,2429.75,210888
2021-06-18 09:35:37,2429.8,210889
2021-06-18 09:35:38,2429.8,210943
2021-06-18 09:35:39,2429.05,210957
2021-06-18 09:35:40,2429.5,210960
2021-06-18 09:35:41,2429.05,211011
2021-06-18 09:35:42,2429.05,211021
2021-06-18 09:35:43,2429.3,211023
2021-06-18 09:35:44,2429.3,211044
2021-06-18 09:35:45,2429.05,211062
2021-06-18 09:35:46,2429.05,211067
2021-06-18 09:35:47,2429.05,211099
2021-06-18 09:35:48,2429.05,211104
2021-06-18 09:35:49,2429.3,211107
2021-06-18 09:35:50,2429.05,211119
2021-06-18 09:35:52,2429.05,211123
2021-06-18 09:35:53,2429.3,211128
2021-06-18 09:35:54,2429.3,211128
2021-06-18 09:35:55,2429.05,211148
2021-06-18 09:35:56,2429.05,211148
2021-06-18 09:35:57,2429.05,211148
2021-06-18 09:35:58,2429.5,211157
2021-06-18 09:35:59,2429.0,211286
2021-06-18 09:36:00,2429.35,211288
2021-06-18 09:36:01,2429.35,211288
2021-06-18 09:36:02,2429.5,211301
2021-06-18 09:36:03,2429.5,211301
2021-06-18 09:36:03,2429.35,211411
2021-06-18 09:36:05,2429.35,211426
2021-06-18 09:36:06,2429.35,211430
2021-06-18 09:36:07,2429.35,211439
2021-06-18 09:36:08,2429.35,211439
2021-06-18 09:36:09,2429.35,211540
2021-06-18 09:36:10,2429.0,211673
2021-06-18 09:36:11,2429.0,211673
2021-06-18 09:36:12,2429.0,211674
2021-06-18 09:36:13,2428.15,211680
2021-06-18 09:36:14,2428.25,211681
2021-06-18 09:36:15,2428.25,211681
2021-06-18 09:36:16,2428.25,211681
2021-06-18 09:36:17,2429.0,211753
2021-06-18 09:36:18,2429.0,211863
2021-06-18 09:36:19,2429.0,211863
2021-06-18 09:36:20,2428.75,212218
2021-06-18 09:36:21,2428.75,212218
2021-06-18 09:36:22,2428.75,212223
2021-06-18 09:36:23,2427.75,212277
2021-06-18 09:36:24,2427.75,212277
2021-06-18 09:36:25,2427.7,212278
2021-06-18 09:36:27,2427.55,212330
2021-06-18 09:36:28,2427.55,212330
2021-06-18 09:36:29,2427.4,212340
2021-06-18 09:36:32,2428.0,212507
2021-06-18 09:36:32,2428.0,212502
2021-06-18 09:36:34,2428.0,212691
2021-06-18 09:36:35,2428.0,212712
2021-06-18 09:36:36,2428.0,212712
2021-06-18 09:36:37,2428.0,212733
2021-06-18 09:36:38,2428.0,212747
2021-06-18 09:36:39,2428.0,212837
2021-06-18 09:36:40,2427.35,213038
2021-06-18 09:36:41,2427.0,213045
2021-06-18 09:36:42,2427.0,213045
2021-06-18 09:36:43,2426.65,213070
2021-06-18 09:36:44,2426.65,213070
2021-06-18 09:36:45,2426.65,213188
2021-06-18 09:36:46,2427.3,213206
2021-06-18 09:36:46,2426.65,213232
2021-06-18 09:36:47,2426.0,213416
2021-06-18 09:36:48,2427.4,213417
2021-06-18 09:36:50,2426.65,213447
2021-06-18 09:36:51,2427.4,213558
2021-06-18 09:36:52,2427.0,213562
2021-06-18 09:36:53,2426.65,213589
2021-06-18 09:36:54,2426.65,213706
2021-06-18 09:36:55,2426.9,214240
2021-06-18 09:36:56,2427.0,214285
2021-06-18 09:36:57,2426.9,214387
2021-06-18 09:36:58,2426.9,214387
2021-06-18 09:36:59,2427.6,214512
2021-06-18 09:36:59,2427.6,214512
2021-06-18 09:37:01,2427.0,214555
2021-06-18 09:37:01,2427.0,214556
2021-06-18 09:37:04,2427.0,214556
2021-06-18 09:37:03,2427.0,214556
2021-06-18 09:37:05,2427.0,214556
2021-06-18 09:37:05,2427.0,214556
2021-06-18 09:37:06,2427.0,214558
2021-06-18 09:37:07,2426.65,214563
2021-06-18 09:37:08,2426.65,214565
2021-06-18 09:37:09,2426.65,214565
2021-06-18 09:37:10,2426.65,214675
2021-06-18 09:37:11,2426.7,214680
2021-06-18 09:37:13,2426.7,214680
2021-06-18 09:37:14,2426.7,214680
2021-06-18 09:37:15,2426.65,214732
2021-06-18 09:37:16,2426.0,214854
2021-06-18 09:37:17,2426.0,214854
2021-06-18 09:37:18,2426.0,214854
2021-06-18 09:37:19,2425.55,214869
2021-06-18 09:37:20,2426.6,215019
2021-06-18 09:37:21,2426.6,215019
2021-06-18 09:37:22,2426.6,215019
2021-06-18 09:37:24,2425.55,215031
2021-06-18 09:37:23,2425.55,215029
2021-06-18 09:37:25,2426.55,215072
2021-06-18 09:37:26,2426.6,215107
2021-06-18 09:37:27,2426.6,215107
2021-06-18 09:37:29,2426.55,215169
2021-06-18 09:37:30,2426.55,215169
2021-06-18 09:37:31,2426.55,215169
2021-06-18 09:37:32,2426.0,215179
2021-06-18 09:37:33,2426.55,215199
2021-06-18 09:37:33,2426.0,215202
2021-06-18 09:37:34,2424.0,217542
2021-06-18 09:37:35,2424.0,217744
2021-06-18 09:37:37,2424.0,217985
2021-06-18 09:37:38,2424.0,218020
2021-06-18 09:37:39,2424.0,218169
2021-06-18 09:37:40,2422.95,219129
2021-06-18 09:37:41,2424.0,219278
2021-06-18 09:37:42,2424.0,219287
2021-06-18 09:37:43,2424.0,219305
2021-06-18 09:37:43,2424.0,219423
2021-06-18 09:37:44,2424.75,219448
2021-06-18 09:37:45,2424.0,219462
2021-06-18 09:37:46,2424.0,219492
2021-06-18 09:37:47,2424.0,219492
2021-06-18 09:37:48,2424.75,219504
2021-06-18 09:37:50,2424.0,219514
2021-06-18 09:37:51,2424.0,219526
2021-06-18 09:37:52,2424.0,219526
2021-06-18 09:37:53,2424.0,219526
2021-06-18 09:37:53,2424.0,219526
2021-06-18 09:37:54,2424.75,219677
2021-06-18 09:37:55,2424.0,219818
2021-06-18 09:37:57,2422.8,221304
2021-06-18 09:37:58,2422.8,221305
2021-06-18 09:37:59,2422.8,221305
2021-06-18 09:38:00,2424.0,221805
2021-06-18 09:38:01,2423.25,221845
2021-06-18 09:38:02,2423.25,221845
2021-06-18 09:38:03,2423.05,221855
2021-06-18 09:38:04,2423.4,221875
2021-06-18 09:38:05,2423.4,221875
2021-06-18 09:38:06,2423.4,221986
2021-06-18 09:38:07,2423.4,222877
2021-06-18 09:38:08,2422.9,222881
2021-06-18 09:38:09,2423.4,222888
2021-06-18 09:38:10,2423.4,222888
2021-06-18 09:38:11,2422.9,222893
2021-06-18 09:38:12,2423.0,222918
2021-06-18 09:38:13,2423.0,222920
2021-06-18 09:38:13,2423.0,222920
2021-06-18 09:38:14,2423.0,222920
2021-06-18 09:38:15,2423.0,222937
2021-06-18 09:38:17,2422.9,222948
2021-06-18 09:38:18,2422.9,223113
2021-06-18 09:38:19,2423.0,223686
2021-06-18 09:38:20,2423.0,223716
2021-06-18 09:38:21,2423.0,223765
2021-06-18 09:38:22,2423.0,223908
2021-06-18 09:38:23,2423.0,223908
2021-06-18 09:38:24,2423.0,223908
2021-06-18 09:38:25,2423.0,223908
2021-06-18 09:38:26,2423.0,223915
2021-06-18 09:38:27,2423.0,223915
2021-06-18 09:38:28,2423.0,223962
2021-06-18 09:38:28,2423.4,223960
2021-06-18 09:38:29,2423.4,223972
2021-06-18 09:38:31,2423.4,223994
2021-06-18 09:38:32,2423.4,223994
2021-06-18 09:38:33,2423.0,224046
2021-06-18 09:38:34,2423.0,224373
2021-06-18 09:38:35,2423.0,224406
2021-06-18 09:38:36,2423.0,224892
2021-06-18 09:38:37,2423.35,224917
2021-06-18 09:38:38,2423.35,224917
2021-06-18 09:38:39,2423.35,224943
2021-06-18 09:38:40,2423.0,224963
2021-06-18 09:38:41,2423.3,224983
2021-06-18 09:38:42,2423.3,224984
2021-06-18 09:38:43,2423.1,224988
2021-06-18 09:38:44,2423.1,224988
2021-06-18 09:38:45,2423.1,224988
2021-06-18 09:38:46,2423.0,225038
2021-06-18 09:38:47,2423.0,225053
2021-06-18 09:38:47,2423.0,225053
2021-06-18 09:38:48,2423.0,225078
2021-06-18 09:38:49,2423.0,225088
2021-06-18 09:38:50,2423.05,225089
2021-06-18 09:38:51,2423.05,225089
2021-06-18 09:38:53,2423.0,226014
2021-06-18 09:38:54,2423.8,226024
2021-06-18 09:38:55,2423.8,226024
2021-06-18 09:38:56,2423.8,226024
2021-06-18 09:38:57,2424.0,226052
2021-06-18 09:38:58,2424.0,226052
2021-06-18 09:38:59,2424.0,226052
2021-06-18 09:38:59,2424.0,226052
2021-06-18 09:39:00,2424.35,226427
2021-06-18 09:39:02,2424.45,226505
2021-06-18 09:39:03,2424.0,226507
2021-06-18 09:39:04,2424.95,226707
2021-06-18 09:39:05,2424.0,226747
2021-06-18 09:39:06,2424.0,226747
2021-06-18 09:39:07,2424.1,226779
2021-06-18 09:39:08,2424.45,226780
2021-06-18 09:39:09,2424.45,226780
2021-06-18 09:39:10,2424.45,226924
2021-06-18 09:39:11,2424.1,226945
2021-06-18 09:39:12,2425.0,226955
2021-06-18 09:39:13,2424.35,226975
2021-06-18 09:39:14,2424.35,226976
2021-06-18 09:39:15,2424.35,226976
2021-06-18 09:39:16,2424.35,226976
2021-06-18 09:39:17,2424.35,227036
2021-06-18 09:39:18,2424.35,227036
2021-06-18 09:39:19,2424.6,227051
2021-06-18 09:39:20,2424.6,227051
2021-06-18 09:39:21,2425.0,227891
2021-06-18 09:39:22,2425.1,227892
2021-06-18 09:39:24,2425.2,227913
2021-06-18 09:39:25,2425.4,227945
2021-06-18 09:39:26,2425.1,227950
2021-06-18 09:39:27,2425.1,227990
2021-06-18 09:39:28,2425.5,227998
2021-06-18 09:39:29,2425.5,227999
2021-06-18 09:39:30,2425.5,227999
2021-06-18 09:39:31,2425.5,228002
2021-06-18 09:39:31,2425.5,228002
2021-06-18 09:39:32,2425.6,228042
2021-06-18 09:39:33,2425.7,228054
2021-06-18 09:39:35,2425.7,228095
2021-06-18 09:39:36,2425.7,228095
2021-06-18 09:39:37,2425.3,228149
2021-06-18 09:39:38,2426.0,228299
2021-06-18 09:39:39,2426.0,228304
2021-06-18 09:39:40,2426.0,228304
2021-06-18 09:39:41,2426.0,228308
2021-06-18 09:39:41,2426.0,228307
2021-06-18 09:39:42,2426.0,228308
2021-06-18 09:39:44,2426.0,228308
2021-06-18 09:39:44,2426.0,228308
2021-06-18 09:39:46,2426.0,228409
2021-06-18 09:39:47,2425.7,228410
2021-06-18 09:39:48,2426.0,228411
2021-06-18 09:39:49,2426.0,228411
2021-06-18 09:39:50,2426.0,228411
2021-06-18 09:39:51,2426.0,228411
2021-06-18 09:39:52,2425.7,228499
2021-06-18 09:39:55,2425.7,228499
2021-06-18 09:39:56,2426.0,228501
2021-06-18 09:39:57,2426.0,228501
2021-06-18 09:39:58,2426.0,228501
2021-06-18 09:39:59,2426.0,228570
2021-06-18 09:40:00,2426.0,228619
2021-06-18 09:40:00,2425.7,228608
2021-06-18 09:40:02,2426.0,228783
2021-06-18 09:40:04,2425.7,228784
2021-06-18 09:40:05,2425.7,228786
2021-06-18 09:40:06,2425.7,228786
2021-06-18 09:40:07,2426.0,228787
2021-06-18 09:40:08,2425.7,228789
2021-06-18 09:40:09,2426.0,228809
2021-06-18 09:40:10,2426.0,228830
2021-06-18 09:40:11,2426.0,228830
2021-06-18 09:40:12,2425.7,228833
2021-06-18 09:40:13,2426.0,228837
2021-06-18 09:40:14,2426.0,228842
2021-06-18 09:40:15,2426.0,228842
2021-06-18 09:40:16,2425.7,228847
2021-06-18 09:40:18,2425.7,228867
2021-06-18 09:40:19,2425.7,228867
2021-06-18 09:40:20,2425.7,228867
2021-06-18 09:40:21,2426.0,228871
2021-06-18 09:40:22,2426.0,228871
2021-06-18 09:40:23,2426.0,228871
2021-06-18 09:40:24,2426.0,228891
2021-06-18 09:40:25,2426.0,228892
2021-06-18 09:40:26,2426.0,228897
2021-06-18 09:40:27,2426.0,228897
2021-06-18 09:40:28,2426.0,228928
2021-06-18 09:40:29,2425.0,229735
2021-06-18 09:40:30,2425.0,229735
2021-06-18 09:40:31,2425.0,229735
2021-06-18 09:40:32,2425.0,229735
2021-06-18 09:40:33,2425.6,230329
2021-06-18 09:40:34,2425.6,230329
2021-06-18 09:40:35,2425.6,230329
2021-06-18 09:40:36,2425.6,230329
2021-06-18 09:40:37,2425.2,230334
2021-06-18 09:40:38,2425.2,230384
2021-06-18 09:40:39,2425.2,230384
2021-06-18 09:40:40,2425.9,230389
2021-06-18 09:40:41,2425.2,230570
2021-06-18 09:40:42,2425.2,230595
2021-06-18 09:40:43,2425.2,230595
2021-06-18 09:40:44,2425.1,230598
2021-06-18 09:40:45,2425.1,230598
2021-06-18 09:40:46,2425.1,230598
2021-06-18 09:40:47,2425.1,230611
2021-06-18 09:40:48,2425.0,230665
2021-06-18 09:40:49,2425.0,230677
2021-06-18 09:40:50,2425.1,230687
2021-06-18 09:40:52,2425.0,230688
2021-06-18 09:40:53,2425.0,230698
2021-06-18 09:40:54,2425.0,230710
2021-06-18 09:40:55,2425.0,230879
2021-06-18 09:40:56,2425.0,230879
2021-06-18 09:40:57,2424.7,230883
2021-06-18 09:40:58,2424.7,230883
2021-06-18 09:40:59,2425.0,230969
2021-06-18 09:41:00,2425.0,230969
2021-06-18 09:41:01,2425.0,230969
2021-06-18 09:41:02,2425.0,230969
2021-06-18 09:41:03,2425.0,230969
2021-06-18 09:41:04,2425.0,230969
2021-06-18 09:41:05,2424.7,230995
2021-06-18 09:41:06,2424.7,231010
2021-06-18 09:41:07,2424.7,231011
2021-06-18 09:41:08,2424.7,231015
2021-06-18 09:41:09,2424.7,231020
2021-06-18 09:41:10,2424.7,231020
2021-06-18 09:41:11,2425.0,231021
2021-06-18 09:41:12,2425.0,231021
2021-06-18 09:41:13,2424.7,231023
2021-06-18 09:41:14,2424.7,231023
2021-06-18 09:41:15,2424.7,231037
2021-06-18 09:41:16,2424.7,231047
2021-06-18 09:41:17,2425.0,231057
2021-06-18 09:41:18,2425.0,231057
2021-06-18 09:41:19,2425.0,231079
2021-06-18 09:41:20,2425.0,231164
2021-06-18 09:41:21,2424.7,231185
2021-06-18 09:41:22,2424.7,231185
2021-06-18 09:41:23,2425.0,231245
2021-06-18 09:41:24,2424.7,231308
2021-06-18 09:41:25,2424.55,231383
2021-06-18 09:41:26,2424.55,231383
2021-06-18 09:41:27,2425.0,231384
2021-06-18 09:41:28,2425.0,231384
2021-06-18 09:41:29,2425.0,231384
2021-06-18 09:41:30,2425.0,231404
2021-06-18 09:41:31,2425.0,231404
2021-06-18 09:41:32,2425.0,231404
2021-06-18 09:41:33,2424.55,231409
2021-06-18 09:41:34,2425.0,231449
2021-06-18 09:41:35,2425.0,231452
2021-06-18 09:41:36,2425.0,231455
2021-06-18 09:41:37,2425.0,231535
2021-06-18 09:41:38,2425.0,231535
2021-06-18 09:41:39,2425.0,231535
2021-06-18 09:41:41,2424.55,231556
2021-06-18 09:41:40,2424.55,231556
2021-06-18 09:41:42,2424.55,231556
2021-06-18 09:41:43,2424.55,231556
2021-06-18 09:41:44,2424.55,231561
2021-06-18 09:41:45,2425.0,231626
2021-06-18 09:41:46,2424.55,231628
2021-06-18 09:41:47,2424.55,231629
2021-06-18 09:41:48,2424.55,231629
2021-06-18 09:41:49,2425.0,231630
2021-06-18 09:41:50,2424.55,231668
2021-06-18 09:41:51,2424.55,231670
2021-06-18 09:41:52,2424.55,231671
2021-06-18 09:41:53,2424.55,231671
2021-06-18 09:41:54,2424.55,231671
2021-06-18 09:41:55,2424.55,231743
2021-06-18 09:41:56,2424.55,231746
2021-06-18 09:41:57,2424.55,231746
2021-06-18 09:41:58,2424.55,231746
2021-06-18 09:41:59,2424.55,231746
2021-06-18 09:42:00,2424.5,231920
2021-06-18 09:42:01,2424.5,231920
2021-06-18 09:42:02,2424.0,231995
2021-06-18 09:42:03,2424.0,232049
2021-06-18 09:42:04,2424.0,232319
2021-06-18 09:42:05,2423.1,232328
2021-06-18 09:42:06,2423.1,232328
2021-06-18 09:42:07,2423.1,232328
2021-06-18 09:42:08,2423.15,232333
2021-06-18 09:42:09,2423.15,232347
2021-06-18 09:42:10,2423.75,232350
2021-06-18 09:42:11,2423.0,232400
2021-06-18 09:42:12,2423.0,232464
2021-06-18 09:42:13,2423.75,232565
2021-06-18 09:42:15,2423.0,232742
2021-06-18 09:42:15,2423.0,232742
2021-06-18 09:42:16,2423.05,232767
2021-06-18 09:42:17,2423.05,232772
2021-06-18 09:42:18,2423.05,232772
2021-06-18 09:42:19,2423.05,232772
2021-06-18 09:42:20,2423.05,232773
2021-06-18 09:42:21,2423.05,232780
2021-06-18 09:42:22,2423.05,232780
2021-06-18 09:42:23,2423.7,232805
2021-06-18 09:42:24,2423.05,232841
2021-06-18 09:42:26,2423.05,232847
2021-06-18 09:42:26,2423.05,232847
2021-06-18 09:42:27,2423.0,232848
2021-06-18 09:42:28,2423.05,232870
2021-06-18 09:42:29,2423.05,232927
2021-06-18 09:42:30,2423.05,232929
2021-06-18 09:42:31,2423.05,232929
2021-06-18 09:42:32,2423.0,232944
2021-06-18 09:42:33,2423.0,233015
2021-06-18 09:42:34,2423.05,233018
2021-06-18 09:42:36,2423.95,233198
2021-06-18 09:42:36,2423.95,233198
2021-06-18 09:42:37,2423.0,233228
2021-06-18 09:42:38,2423.75,233238
2021-06-18 09:42:39,2423.75,233238
2021-06-18 09:42:40,2423.05,233239
2021-06-18 09:42:41,2423.05,233263
2021-06-18 09:42:42,2423.05,233263
2021-06-18 09:42:43,2422.7,233913
2021-06-18 09:42:44,2423.05,233914
2021-06-18 09:42:45,2423.05,233914
2021-06-18 09:42:46,2422.0,234054
2021-06-18 09:42:48,2422.0,234054
2021-06-18 09:42:48,2422.9,234055
2021-06-18 09:42:49,2422.85,234117
2021-06-18 09:42:50,2422.1,234122
2021-06-18 09:42:51,2422.1,234125
2021-06-18 09:42:52,2422.1,234125
2021-06-18 09:42:54,2422.1,234125
2021-06-18 09:42:55,2422.0,234174
2021-06-18 09:42:55,2422.1,234225
2021-06-18 09:42:56,2422.1,234235
2021-06-18 09:42:58,2422.1,234235
2021-06-18 09:42:58,2422.1,234235
2021-06-18 09:42:59,2422.1,234235
2021-06-18 09:43:00,2422.1,234235
2021-06-18 09:43:01,2422.1,234235
2021-06-18 09:43:02,2422.1,234235
2021-06-18 09:43:03,2422.0,235811
2021-06-18 09:43:04,2422.0,235811
2021-06-18 09:43:05,2422.1,235837
2021-06-18 09:43:06,2422.1,235889
2021-06-18 09:43:07,2422.0,236220
2021-06-18 09:43:08,2422.1,236230
2021-06-18 09:43:09,2422.1,236230
2021-06-18 09:43:10,2422.1,236230
2021-06-18 09:43:11,2422.0,236231
2021-06-18 09:43:12,2422.0,236286
2021-06-18 09:43:13,2422.0,236303
2021-06-18 09:43:14,2422.0,236309
2021-06-18 09:43:15,2422.0,236321
2021-06-18 09:43:16,2422.0,236322
2021-06-18 09:43:17,2422.0,236332
2021-06-18 09:43:18,2422.1,236348
2021-06-18 09:43:19,2422.0,236354
2021-06-18 09:43:20,2422.0,236553
2021-06-18 09:43:21,2422.05,236563
2021-06-18 09:43:22,2422.0,236627
2021-06-18 09:43:23,2422.0,236627
2021-06-18 09:43:24,2422.0,236628
2021-06-18 09:43:26,2422.0,236628
2021-06-18 09:43:27,2422.1,236811
2021-06-18 09:43:28,2422.1,236823
2021-06-18 09:43:29,2422.05,236826
2021-06-18 09:43:30,2422.05,236826
2021-06-18 09:43:30,2422.05,236846
2021-06-18 09:43:31,2422.1,236848
2021-06-18 09:43:32,2422.05,236954
2021-06-18 09:43:33,2422.1,236980
2021-06-18 09:43:34,2422.1,236989
2021-06-18 09:43:35,2422.05,237034
2021-06-18 09:43:36,2422.05,237051
2021-06-18 09:43:37,2422.05,237164
2021-06-18 09:43:38,2422.05,237276
2021-06-18 09:43:39,2421.0,237476
2021-06-18 09:43:40,2421.6,237607
2021-06-18 09:43:41,2421.6,237607
2021-06-18 09:43:42,2421.6,237607
2021-06-18 09:43:43,2421.6,237607
2021-06-18 09:43:44,2421.6,237607
2021-06-18 09:43:46,2421.0,237817
2021-06-18 09:43:46,2421.0,237817
2021-06-18 09:43:47,2421.0,237817
2021-06-18 09:43:48,2421.0,237818
2021-06-18 09:43:49,2421.0,237818
2021-06-18 09:43:50,2421.0,237843
2021-06-18 09:43:51,2421.0,237855
2021-06-18 09:43:52,2421.0,237855
2021-06-18 09:43:53,2421.0,237855
2021-06-18 09:43:54,2421.0,237870
2021-06-18 09:43:55,2421.0,237870
2021-06-18 09:43:56,2421.6,237880
2021-06-18 09:43:57,2421.15,237888
2021-06-18 09:44:01,2421.55,238007
2021-06-18 09:44:02,2421.55,238048
2021-06-18 09:44:03,2422.05,238108
2021-06-18 09:44:04,2421.1,238261
2021-06-18 09:44:05,2421.1,238261
2021-06-18 09:44:06,2421.15,238279
2021-06-18 09:44:07,2421.1,238284
2021-06-18 09:44:08,2421.1,238318
2021-06-18 09:44:09,2421.1,238348
2021-06-18 09:44:12,2421.1,238396
2021-06-18 09:44:14,2422.1,238436
2021-06-18 09:44:14,2422.1,238414
2021-06-18 09:44:15,2422.1,238436
2021-06-18 09:44:16,2421.4,238439
2021-06-18 09:44:17,2421.4,238439
2021-06-18 09:44:18,2421.95,238599
2021-06-18 09:44:19,2421.95,238599
2021-06-18 09:44:20,2421.95,238599
2021-06-18 09:44:21,2421.95,238599
2021-06-18 09:44:22,2421.4,238645
2021-06-18 09:44:23,2421.4,238648
2021-06-18 09:44:24,2421.4,238664
2021-06-18 09:44:25,2421.4,238664
2021-06-18 09:44:26,2421.15,238766
2021-06-18 09:44:27,2421.95,238769
2021-06-18 09:44:29,2421.95,238770
2021-06-18 09:44:30,2421.1,238779
2021-06-18 09:44:31,2421.2,238805
2021-06-18 09:44:32,2421.1,238855
2021-06-18 09:44:32,2421.1,238855
2021-06-18 09:44:33,2421.15,238880
2021-06-18 09:44:34,2420.8,239605
2021-06-18 09:44:35,2420.25,239609
2021-06-18 09:44:36,2420.25,239609
2021-06-18 09:44:37,2421.75,239629
2021-06-18 09:44:38,2421.4,239700
2021-06-18 09:44:39,2421.9,239706
2021-06-18 09:44:40,2421.9,239706
2021-06-18 09:44:41,2421.2,239711
2021-06-18 09:44:43,2421.2,239761
2021-06-18 09:44:43,2421.2,239776
2021-06-18 09:44:45,2421.2,239786
2021-06-18 09:44:46,2421.2,239786
2021-06-18 09:44:47,2421.2,239787
2021-06-18 09:44:48,2421.4,239822
2021-06-18 09:44:49,2421.2,239827
2021-06-18 09:44:51,2421.2,239829
2021-06-18 09:44:51,2421.2,239829
2021-06-18 09:44:52,2421.2,239885
2021-06-18 09:44:53,2421.2,239885
2021-06-18 09:44:54,2421.75,239921
2021-06-18 09:44:55,2421.75,239922
2021-06-18 09:44:56,2421.75,239922
2021-06-18 09:44:57,2421.75,239965
2021-06-18 09:44:58,2421.75,239967
2021-06-18 09:44:59,2421.75,239967
2021-06-18 09:45:00,2421.3,239988
2021-06-18 09:45:01,2421.75,240004
2021-06-18 09:45:02,2421.1,240054
2021-06-18 09:45:03,2421.1,240054
2021-06-18 09:45:04,2421.1,240192
2021-06-18 09:45:05,2421.1,240192
2021-06-18 09:45:06,2421.1,240192
2021-06-18 09:45:07,2421.1,240194
2021-06-18 09:45:08,2421.1,240269
2021-06-18 09:45:09,2421.75,240304
2021-06-18 09:45:10,2421.1,240305
2021-06-18 09:45:11,2421.0,240344
2021-06-18 09:45:12,2422.0,240440
2021-06-18 09:45:13,2422.0,240508
2021-06-18 09:45:14,2421.25,240637
2021-06-18 09:45:15,2421.25,240637
2021-06-18 09:45:16,2421.25,240682
2021-06-18 09:45:17,2422.0,240687
2021-06-18 09:45:18,2421.2,241162
2021-06-18 09:45:19,2422.45,241163
2021-06-18 09:45:21,2422.6,241172
2021-06-18 09:45:22,2422.65,241188
2021-06-18 09:45:24,2421.6,241338
2021-06-18 09:45:25,2421.6,241338
2021-06-18 09:45:26,2421.7,241359
2021-06-18 09:45:27,2421.9,241392
2021-06-18 09:45:28,2421.95,241405
2021-06-18 09:45:29,2422.7,241430
2021-06-18 09:45:30,2422.7,241430
2021-06-18 09:45:31,2422.5,241497
2021-06-18 09:45:32,2423.75,241752
2021-06-18 09:45:33,2424.0,241782
2021-06-18 09:45:34,2424.0,241801
2021-06-18 09:45:35,2423.95,241824
2021-06-18 09:45:36,2424.55,241900
2021-06-18 09:45:36,2424.55,241921
2021-06-18 09:45:38,2424.6,241938
2021-06-18 09:45:39,2423.6,242043
2021-06-18 09:45:40,2424.65,242061
2021-06-18 09:45:41,2424.65,242061
2021-06-18 09:45:42,2423.6,242062
2021-06-18 09:45:43,2423.6,242065
2021-06-18 09:45:44,2424.65,242086
2021-06-18 09:45:45,2424.65,242212
2021-06-18 09:45:45,2424.65,242227
2021-06-18 09:45:46,2424.65,242227
2021-06-18 09:45:47,2424.6,242230
2021-06-18 09:45:49,2423.6,242280
2021-06-18 09:45:50,2424.6,242284
2021-06-18 09:45:51,2423.6,242329
2021-06-18 09:45:52,2424.65,242330
2021-06-18 09:45:52,2424.65,242333
2021-06-18 09:45:54,2424.6,242340
2021-06-18 09:45:55,2424.6,242340
2021-06-18 09:45:56,2424.6,242340
2021-06-18 09:45:57,2424.6,242340
2021-06-18 09:45:58,2422.95,243919
2021-06-18 09:45:59,2422.95,243919
2021-06-18 09:46:00,2424.05,244085
2021-06-18 09:46:01,2422.85,244087
2021-06-18 09:46:02,2424.2,244232
2021-06-18 09:46:03,2422.95,244237
2021-06-18 09:46:04,2422.95,244237
2021-06-18 09:46:05,2424.25,244240
2021-06-18 09:46:05,2424.25,244388
2021-06-18 09:46:06,2422.85,244408
2021-06-18 09:46:07,2424.3,244472
2021-06-18 09:46:08,2423.55,244482
2021-06-18 09:46:10,2423.55,244482
2021-06-18 09:46:11,2424.5,244512
2021-06-18 09:46:12,2424.4,244521
2021-06-18 09:46:13,2423.55,244526
2021-06-18 09:46:14,2423.55,244526
2021-06-18 09:46:14,2424.35,244542
2021-06-18 09:46:15,2424.35,244542
2021-06-18 09:46:17,2423.55,244762
2021-06-18 09:46:17,2423.55,244772
2021-06-18 09:46:19,2423.55,244772
2021-06-18 09:46:21,2423.95,244783
2021-06-18 09:46:22,2424.0,244788
2021-06-18 09:46:23,2423.55,244789
2021-06-18 09:46:23,2423.55,244789
2021-06-18 09:46:25,2423.55,244789
2021-06-18 09:46:26,2423.55,244789
2021-06-18 09:46:27,2423.95,244790
2021-06-18 09:46:28,2423.55,244855
2021-06-18 09:46:29,2423.55,244855
2021-06-18 09:46:30,2423.9,244863
2021-06-18 09:46:30,2423.55,244923
2021-06-18 09:46:31,2423.55,244923
2021-06-18 09:46:33,2423.55,244939
2021-06-18 09:46:33,2423.55,244939
2021-06-18 09:46:35,2423.95,244994
2021-06-18 09:46:36,2424.0,245013
2021-06-18 09:46:37,2423.45,245023
2021-06-18 09:46:38,2423.45,245023
2021-06-18 09:46:39,2423.45,245023
2021-06-18 09:46:40,2422.5,245229
2021-06-18 09:46:41,2422.5,245229
2021-06-18 09:46:42,2422.5,245229
2021-06-18 09:46:43,2422.5,245229
2021-06-18 09:46:44,2423.3,245231
2021-06-18 09:46:45,2422.45,245284
2021-06-18 09:46:46,2422.15,245292
2021-06-18 09:46:47,2422.2,245304
2021-06-18 09:46:49,2422.2,245304
2021-06-18 09:46:50,2422.2,245304
2021-06-18 09:46:51,2422.2,245304
2021-06-18 09:46:52,2422.2,245304
2021-06-18 09:46:54,2422.55,245368
2021-06-18 09:46:54,2423.35,245313
2021-06-18 09:46:55,2422.55,245368
2021-06-18 09:46:57,2423.55,245425
2021-06-18 09:46:57,2423.55,245425
2021-06-18 09:46:59,2423.55,245425
2021-06-18 09:47:00,2422.75,245445
2021-06-18 09:47:01,2422.65,245595
2021-06-18 09:47:01,2422.65,245595
2021-06-18 09:47:03,2422.7,245602
2021-06-18 09:47:04,2422.7,245616
2021-06-18 09:47:05,2422.7,245622
2021-06-18 09:47:06,2422.7,245622
2021-06-18 09:47:07,2422.7,245743
2021-06-18 09:47:08,2422.7,245744
2021-06-18 09:47:09,2422.7,245744
2021-06-18 09:47:10,2423.0,245759
2021-06-18 09:47:11,2423.0,245779
2021-06-18 09:47:11,2423.0,245779
2021-06-18 09:47:13,2423.35,245811
2021-06-18 09:47:14,2423.0,245817
2021-06-18 09:47:15,2423.3,245829
2021-06-18 09:47:16,2423.3,245844
2021-06-18 09:47:17,2422.1,245951
2021-06-18 09:47:18,2422.1,245951
2021-06-18 09:47:19,2423.1,245996
2021-06-18 09:47:20,2422.0,246015
2021-06-18 09:47:21,2422.0,246019
2021-06-18 09:47:22,2422.95,246021
2021-06-18 09:47:23,2422.95,246023
2021-06-18 09:47:24,2422.95,246032
2021-06-18 09:47:24,2422.95,246038
2021-06-18 09:47:25,2422.0,246056
2021-06-18 09:47:27,2422.0,246056
2021-06-18 09:47:29,2421.7,246121
2021-06-18 09:47:30,2422.85,246283
2021-06-18 09:47:31,2422.0,246284
2021-06-18 09:47:32,2422.0,246297
2021-06-18 09:47:33,2422.0,246297
2021-06-18 09:47:34,2422.0,246297
2021-06-18 09:47:35,2422.0,246297
2021-06-18 09:47:36,2422.0,246297
2021-06-18 09:47:36,2422.0,246300
2021-06-18 09:47:37,2422.65,246301
2021-06-18 09:47:39,2421.6,246413
2021-06-18 09:47:40,2422.85,246428
2021-06-18 09:47:41,2422.65,246489
2021-06-18 09:47:42,2422.65,246489
2021-06-18 09:47:43,2422.0,246502
2021-06-18 09:47:44,2422.55,246503
2021-06-18 09:47:44,2422.55,246523
2021-06-18 09:47:45,2422.0,246533
2021-06-18 09:47:46,2422.0,246656
2021-06-18 09:47:48,2422.3,246665
2021-06-18 09:47:49,2421.65,246682
2021-06-18 09:47:51,2422.55,246694
2021-06-18 09:47:50,2421.65,246684
2021-06-18 09:47:52,2422.55,246696
2021-06-18 09:47:53,2421.65,246701
2021-06-18 09:47:54,2421.65,246701
2021-06-18 09:47:55,2422.0,246711
2021-06-18 09:47:56,2422.0,246712
2021-06-18 09:47:57,2421.55,246742
2021-06-18 09:47:57,2421.55,246742
2021-06-18 09:48:00,2422.0,246746
2021-06-18 09:48:01,2421.6,246750
2021-06-18 09:48:02,2421.6,246750
2021-06-18 09:48:03,2421.95,246827
2021-06-18 09:48:04,2421.95,246827
2021-06-18 09:48:05,2421.95,246827
2021-06-18 09:48:06,2421.6,246835
2021-06-18 09:48:07,2421.6,246837
2021-06-18 09:48:07,2421.6,246842
2021-06-18 09:48:08,2420.75,247236
2021-06-18 09:48:09,2420.9,247458
2021-06-18 09:48:10,2420.05,247459
2021-06-18 09:48:11,2419.0,252405
2021-06-18 09:48:12,2417.8,252448
2021-06-18 09:48:14,2417.9,252527
2021-06-18 09:48:15,2417.9,252527
2021-06-18 09:48:16,2418.55,252576
2021-06-18 09:48:16,2417.8,252731
2021-06-18 09:48:17,2417.8,252753
2021-06-18 09:48:19,2418.5,252758
2021-06-18 09:48:20,2418.55,252769
2021-06-18 09:48:20,2418.55,252769
2021-06-18 09:48:21,2418.45,252823
2021-06-18 09:48:22,2418.45,252886
2021-06-18 09:48:24,2418.5,252955
2021-06-18 09:48:24,2418.55,252968
2021-06-18 09:48:25,2418.55,252968
2021-06-18 09:48:27,2418.45,253003
2021-06-18 09:48:28,2418.85,253125
2021-06-18 09:48:28,2418.1,253127
2021-06-18 09:48:29,2418.85,253180
2021-06-18 09:48:31,2418.1,253312
2021-06-18 09:48:33,2418.1,253357
2021-06-18 09:48:34,2418.1,253381
2021-06-18 09:48:35,2418.7,253433
2021-06-18 09:48:36,2418.0,253465
2021-06-18 09:48:37,2418.7,253477
2021-06-18 09:48:38,2418.0,253547
2021-06-18 09:48:39,2418.0,253863
2021-06-18 09:48:40,2417.05,254612
2021-06-18 09:48:41,2416.65,254660
2021-06-18 09:48:42,2416.85,255221
2021-06-18 09:48:43,2417.75,255239
2021-06-18 09:48:44,2417.75,255640
2021-06-18 09:48:45,2416.55,255723
2021-06-18 09:48:46,2416.55,255836
2021-06-18 09:48:47,2416.3,256038
2021-06-18 09:48:49,2416.15,256245
2021-06-18 09:48:50,2416.15,256269
2021-06-18 09:48:51,2416.15,256269
2021-06-18 09:48:52,2416.55,256400
2021-06-18 09:48:53,2416.55,256414
2021-06-18 09:48:54,2417.2,256509
2021-06-18 09:48:56,2417.15,256533
2021-06-18 09:48:58,2416.1,256565
2021-06-18 09:48:59,2416.5,256576
2021-06-18 09:49:00,2416.1,256609
2021-06-18 09:49:01,2417.0,256719
2021-06-18 09:49:02,2417.0,256719
2021-06-18 09:49:03,2416.4,256731
2021-06-18 09:49:05,2416.5,256792
2021-06-18 09:49:06,2416.5,256807
2021-06-18 09:49:07,2417.1,256973
2021-06-18 09:49:07,2416.1,256976
2021-06-18 09:49:09,2417.15,257073
2021-06-18 09:49:10,2417.15,257204
2021-06-18 09:49:11,2416.6,257305
2021-06-18 09:49:12,2416.85,257306
2021-06-18 09:49:13,2418.6,258256
2021-06-18 09:49:14,2418.25,258284
2021-06-18 09:49:15,2418.35,258335
2021-06-18 09:49:16,2418.7,258466
2021-06-18 09:49:16,2418.05,258489
2021-06-18 09:49:18,2418.2,258504
2021-06-18 09:49:19,2419.0,258511
2021-06-18 09:49:20,2419.0,258511
2021-06-18 09:49:21,2419.65,258693
2021-06-18 09:49:22,2419.7,258719
2021-06-18 09:49:23,2419.9,258765
2021-06-18 09:49:23,2419.9,258773
2021-06-18 09:49:24,2420.35,259092
2021-06-18 09:49:25,2420.9,259686
2021-06-18 09:49:27,2420.35,259733
2021-06-18 09:49:28,2421.55,259817
2021-06-18 09:49:29,2420.65,259853
2021-06-18 09:49:30,2421.7,259859
2021-06-18 09:49:30,2420.85,259870
2021-06-18 09:49:31,2421.9,259882
2021-06-18 09:49:32,2422.0,259893
2021-06-18 09:49:34,2420.8,261058
2021-06-18 09:49:35,2421.65,261131
2021-06-18 09:49:36,2421.25,261427
2021-06-18 09:49:37,2420.9,261445
2021-06-18 09:49:38,2420.9,261445
2021-06-18 09:49:39,2418.6,262092
2021-06-18 09:49:41,2419.75,262178
2021-06-18 09:49:42,2419.75,262193
2021-06-18 09:49:43,2419.75,262225
2021-06-18 09:49:44,2418.9,262235
2021-06-18 09:49:45,2418.9,262235
2021-06-18 09:49:46,2418.9,262235
2021-06-18 09:49:47,2420.4,262394
2021-06-18 09:49:48,2420.65,262395
2021-06-18 09:49:49,2421.8,262600
2021-06-18 09:49:51,2421.85,262641
2021-06-18 09:49:51,2421.85,262641
2021-06-18 09:49:52,2422.0,262797
2021-06-18 09:49:53,2422.0,262814
2021-06-18 09:49:54,2422.0,262814
2021-06-18 09:49:56,2422.55,262969
2021-06-18 09:49:57,2422.05,263011
2021-06-18 09:49:58,2422.05,263030
2021-06-18 09:49:59,2422.1,263237
2021-06-18 09:50:00,2420.7,263287
2021-06-18 09:50:01,2420.7,263287
2021-06-18 09:50:02,2422.0,263288
2021-06-18 09:50:03,2422.45,263310
2021-06-18 09:50:04,2422.45,263310
2021-06-18 09:50:05,2421.5,263320
2021-06-18 09:50:06,2421.6,263350
2021-06-18 09:50:07,2421.6,263351
2021-06-18 09:50:08,2422.0,263354
2021-06-18 09:50:09,2422.0,263354
2021-06-18 09:50:10,2422.05,263359
2021-06-18 09:50:11,2421.7,264463
2021-06-18 09:50:12,2420.7,264600
2021-06-18 09:50:13,2420.7,264637
2021-06-18 09:50:14,2420.7,264637
2021-06-18 09:50:15,2420.7,264651
2021-06-18 09:50:16,2420.7,264656
2021-06-18 09:50:17,2420.7,264656
2021-06-18 09:50:18,2421.7,264672
2021-06-18 09:50:19,2420.8,264709
2021-06-18 09:50:19,2421.9,264718
2021-06-18 09:50:21,2422.0,264764
2021-06-18 09:50:22,2422.25,264768
2021-06-18 09:50:23,2422.25,264768
2021-06-18 09:50:24,2421.15,264779
2021-06-18 09:50:25,2421.15,264779
2021-06-18 09:50:26,2421.15,264779
2021-06-18 09:50:27,2422.35,264856
2021-06-18 09:50:28,2421.2,264924
2021-06-18 09:50:29,2422.25,264951
2021-06-18 09:50:30,2422.55,264952
2021-06-18 09:50:31,2421.7,264955
2021-06-18 09:50:32,2422.0,264972
2021-06-18 09:50:33,2421.7,265000
2021-06-18 09:50:34,2422.5,265011
2021-06-18 09:50:35,2422.9,265063
2021-06-18 09:50:36,2422.9,265063
2021-06-18 09:50:37,2422.9,265063
2021-06-18 09:50:38,2423.2,265202
2021-06-18 09:50:39,2423.95,265333
2021-06-18 09:50:40,2423.95,265344
2021-06-18 09:50:41,2423.2,265385
2021-06-18 09:50:42,2423.95,265559
2021-06-18 09:50:43,2423.55,265629
2021-06-18 09:50:44,2423.95,265695
2021-06-18 09:50:44,2423.95,265710
2021-06-18 09:50:45,2423.95,265716
2021-06-18 09:50:47,2424.6,265743
2021-06-18 09:50:48,2424.5,265766
2021-06-18 09:50:50,2424.55,265850
2021-06-18 09:50:51,2424.65,265858
2021-06-18 09:50:52,2424.65,265864
2021-06-18 09:50:53,2424.6,265961
2021-06-18 09:50:54,2423.95,265963
2021-06-18 09:50:55,2424.0,265966
2021-06-18 09:50:56,2424.0,265966
2021-06-18 09:50:57,2424.0,265988
2021-06-18 09:50:58,2424.0,266138
2021-06-18 09:50:59,2424.6,266455
2021-06-18 09:51:00,2424.0,266457
2021-06-18 09:51:01,2424.6,266469
2021-06-18 09:51:02,2424.6,266469
2021-06-18 09:51:03,2424.5,266526
2021-06-18 09:51:04,2424.65,266558
2021-06-18 09:51:05,2424.9,267485
2021-06-18 09:51:06,2425.0,267622
2021-06-18 09:51:07,2425.0,267622
2021-06-18 09:51:08,2425.0,267622
2021-06-18 09:51:09,2424.3,267631
2021-06-18 09:51:10,2425.0,267647
2021-06-18 09:51:11,2424.1,267674
2021-06-18 09:51:12,2424.1,267674
2021-06-18 09:51:13,2424.1,267674
2021-06-18 09:51:14,2424.6,267679
2021-06-18 09:51:15,2424.1,267710
2021-06-18 09:51:16,2424.6,267733
2021-06-18 09:51:18,2424.1,267781
2021-06-18 09:51:19,2424.6,267809
2021-06-18 09:51:22,2424.9,268100
2021-06-18 09:51:24,2424.7,268153
2021-06-18 09:51:25,2424.75,268170
2021-06-18 09:51:26,2424.7,268180
2021-06-18 09:51:27,2424.75,268206
2021-06-18 09:51:28,2424.75,268208
2021-06-18 09:51:29,2424.75,268208
2021-06-18 09:51:30,2425.0,268233
2021-06-18 09:51:31,2425.0,268238
2021-06-18 09:51:32,2424.75,268354
2021-06-18 09:51:33,2424.95,268376
2021-06-18 09:51:34,2424.95,268376
2021-06-18 09:51:35,2424.95,268376
2021-06-18 09:51:36,2424.75,268481
2021-06-18 09:51:37,2425.0,268526
2021-06-18 09:51:38,2424.75,268639
2021-06-18 09:51:39,2424.65,268739
2021-06-18 09:51:40,2424.65,268752
2021-06-18 09:51:41,2424.65,268753
2021-06-18 09:51:42,2424.75,268920
2021-06-18 09:51:43,2424.75,268920
2021-06-18 09:51:44,2424.75,268920
2021-06-18 09:51:45,2424.75,268920
2021-06-18 09:51:46,2424.75,268931
2021-06-18 09:51:47,2424.75,268958
2021-06-18 09:51:48,2424.8,268974
2021-06-18 09:51:49,2424.8,268974
2021-06-18 09:51:50,2424.95,269384
2021-06-18 09:51:51,2424.95,269384
2021-06-18 09:51:52,2424.65,269779
2021-06-18 09:51:54,2424.65,269793
2021-06-18 09:51:55,2424.65,269798
2021-06-18 09:51:56,2424.0,269813
2021-06-18 09:51:57,2424.6,269814
2021-06-18 09:51:58,2424.6,269816
2021-06-18 09:51:59,2424.6,269823
2021-06-18 09:52:00,2424.6,269835
2021-06-18 09:52:01,2424.0,269843
2021-06-18 09:52:02,2424.0,269843
2021-06-18 09:52:03,2424.0,269844
2021-06-18 09:52:04,2424.0,269844
2021-06-18 09:52:05,2424.0,269849
2021-06-18 09:52:06,2424.55,269859
2021-06-18 09:52:07,2424.55,269859
2021-06-18 09:52:08,2424.55,269864
2021-06-18 09:52:09,2424.55,269864
2021-06-18 09:52:10,2424.55,269865
2021-06-18 09:52:11,2424.55,269865
2021-06-18 09:52:12,2424.55,269865
2021-06-18 09:52:13,2424.75,269870
2021-06-18 09:52:14,2424.55,269910
2021-06-18 09:52:15,2424.75,269930
2021-06-18 09:52:16,2424.55,270049
2021-06-18 09:52:17,2424.55,270054
2021-06-18 09:52:18,2424.75,270055
2021-06-18 09:52:19,2424.75,270055
2021-06-18 09:52:20,2424.55,270068
2021-06-18 09:52:21,2424.55,270187
2021-06-18 09:52:22,2424.75,270188
2021-06-18 09:52:23,2424.75,270188
2021-06-18 09:52:24,2424.75,270188
2021-06-18 09:52:25,2424.8,270189
2021-06-18 09:52:26,2424.8,270219
2021-06-18 09:52:27,2424.8,270219
2021-06-18 09:52:28,2424.8,270219
2021-06-18 09:52:29,2424.8,270219
2021-06-18 09:52:30,2424.8,270223
2021-06-18 09:52:31,2424.8,270233
2021-06-18 09:52:32,2424.8,270258
2021-06-18 09:52:33,2424.8,270316
2021-06-18 09:52:34,2424.8,270724
2021-06-18 09:52:35,2424.8,270737
2021-06-18 09:52:36,2425.0,270792
2021-06-18 09:52:37,2424.8,270846
2021-06-18 09:52:38,2424.8,270858
2021-06-18 09:52:39,2424.8,270891
2021-06-18 09:52:40,2424.8,270894
2021-06-18 09:52:41,2425.0,270913
2021-06-18 09:52:42,2424.8,270963
2021-06-18 09:52:44,2424.7,271288
2021-06-18 09:52:45,2424.05,271290
2021-06-18 09:52:46,2424.75,271464
2021-06-18 09:52:47,2424.05,271550
2021-06-18 09:52:48,2424.05,271595
2021-06-18 09:52:49,2424.05,271595
2021-06-18 09:52:50,2424.05,271596
2021-06-18 09:52:51,2424.65,271597
2021-06-18 09:52:52,2424.05,271601
2021-06-18 09:52:53,2424.05,271609
2021-06-18 09:52:54,2423.9,271963
2021-06-18 09:52:56,2424.0,271979
2021-06-18 09:52:59,2424.1,271980
2021-06-18 09:53:00,2424.1,271980
2021-06-18 09:53:02,2423.75,272054
2021-06-18 09:53:03,2423.75,272054
2021-06-18 09:53:04,2423.75,272054
2021-06-18 09:53:05,2423.75,272054
2021-06-18 09:53:06,2423.75,272056
2021-06-18 09:53:07,2423.75,272057
2021-06-18 09:53:07,2423.75,272057
2021-06-18 09:53:08,2423.75,272090
2021-06-18 09:53:09,2424.05,272533
2021-06-18 09:53:10,2424.75,272556
2021-06-18 09:53:12,2424.75,272556
2021-06-18 09:53:12,2424.2,272584
2021-06-18 09:53:13,2424.2,272588
2021-06-18 09:53:14,2424.0,272822
2021-06-18 09:53:15,2423.9,272952
2021-06-18 09:53:17,2423.9,272955
2021-06-18 09:53:18,2423.9,272955
2021-06-18 09:53:19,2424.0,272956
2021-06-18 09:53:20,2423.9,272969
2021-06-18 09:53:21,2423.9,272969
2021-06-18 09:53:22,2423.9,272969
2021-06-18 09:53:23,2423.9,272971
2021-06-18 09:53:24,2423.9,272973
2021-06-18 09:53:26,2423.9,272973
2021-06-18 09:53:26,2423.9,272974
2021-06-18 09:53:31,2423.9,273093
2021-06-18 09:53:32,2423.9,273110
2021-06-18 09:53:33,2423.65,273144
2021-06-18 09:53:36,2423.0,273147
2021-06-18 09:53:39,2423.05,273287
2021-06-18 09:53:40,2424.0,273288
2021-06-18 09:53:41,2423.05,273300
2021-06-18 09:53:42,2423.05,273302
2021-06-18 09:53:43,2423.05,273306
2021-06-18 09:53:44,2423.05,273306
2021-06-18 09:53:46,2423.9,273376
2021-06-18 09:53:46,2423.9,273376
2021-06-18 09:53:47,2423.9,273376
2021-06-18 09:53:48,2423.65,273426
2021-06-18 09:53:49,2423.65,273432
2021-06-18 09:53:50,2423.65,273432
2021-06-18 09:53:51,2423.65,273433
2021-06-18 09:53:52,2423.65,273691
2021-06-18 09:53:53,2423.4,273713
2021-06-18 09:53:54,2423.65,273730
2021-06-18 09:53:55,2423.65,273732
2021-06-18 09:53:56,2423.65,273747
2021-06-18 09:53:57,2423.65,273747
2021-06-18 09:53:58,2423.65,273750
2021-06-18 09:53:59,2423.55,273770
2021-06-18 09:54:00,2423.55,273770
2021-06-18 09:54:01,2423.55,273770
2021-06-18 09:54:02,2423.55,273785
2021-06-18 09:54:03,2423.65,273789
2021-06-18 09:54:04,2423.65,273789
2021-06-18 09:54:05,2424.0,273826
2021-06-18 09:54:06,2423.65,273830
2021-06-18 09:54:07,2423.65,273834
2021-06-18 09:54:08,2423.65,273838
2021-06-18 09:54:09,2424.0,273854
2021-06-18 09:54:11,2423.65,273963
2021-06-18 09:54:12,2424.0,273985
2021-06-18 09:54:13,2423.65,273989
2021-06-18 09:54:14,2423.65,274000
2021-06-18 09:54:15,2424.0,274019
2021-06-18 09:54:17,2423.75,274209
2021-06-18 09:54:18,2423.75,274234
2021-06-18 09:54:19,2423.75,274234
2021-06-18 09:54:20,2423.75,274234
2021-06-18 09:54:21,2424.15,274367
2021-06-18 09:54:22,2424.15,274367
2021-06-18 09:54:23,2424.15,274367
2021-06-18 09:54:24,2424.75,274368
2021-06-18 09:54:25,2424.75,274368
2021-06-18 09:54:26,2424.15,274377
2021-06-18 09:54:27,2424.7,274381
2021-06-18 09:54:28,2424.7,274381
2021-06-18 09:54:29,2424.7,274381
2021-06-18 09:54:30,2424.15,274614
2021-06-18 09:54:31,2424.15,274614
2021-06-18 09:54:32,2423.65,274669
2021-06-18 09:54:33,2423.6,274779
2021-06-18 09:54:34,2423.6,274779
2021-06-18 09:54:35,2423.6,274794
2021-06-18 09:54:36,2423.6,274795
2021-06-18 09:54:37,2423.6,274796
2021-06-18 09:54:38,2423.6,274796
2021-06-18 09:54:39,2423.6,274812
2021-06-18 09:54:40,2423.6,274812
2021-06-18 09:54:41,2422.95,275006
2021-06-18 09:54:42,2422.7,275032
2021-06-18 09:54:43,2422.7,275033
2021-06-18 09:54:44,2422.7,275050
2021-06-18 09:54:45,2421.8,275349
2021-06-18 09:54:46,2422.0,275361
2021-06-18 09:54:47,2422.7,275367
2021-06-18 09:54:48,2422.7,275368
2021-06-18 09:54:50,2422.7,275371
2021-06-18 09:54:51,2422.7,275372
2021-06-18 09:54:52,2422.7,275377
2021-06-18 09:54:53,2422.7,275400
2021-06-18 09:54:53,2422.7,275400
2021-06-18 09:54:54,2422.75,275715
2021-06-18 09:54:55,2422.7,275822
2021-06-18 09:54:56,2422.7,275822
2021-06-18 09:54:57,2422.7,275822
2021-06-18 09:54:58,2422.65,275966
2021-06-18 09:54:59,2422.65,275988
2021-06-18 09:55:00,2422.65,275995
2021-06-18 09:55:01,2422.1,276001
2021-06-18 09:55:04,2422.0,276076
2021-06-18 09:55:06,2422.0,276135
2021-06-18 09:55:08,2422.0,276168
2021-06-18 09:55:09,2422.0,276168
2021-06-18 09:55:10,2422.65,276175
2021-06-18 09:55:11,2422.7,276193
2021-06-18 09:55:13,2422.0,276248
2021-06-18 09:55:14,2422.7,276358
2021-06-18 09:55:15,2421.4,277406
2021-06-18 09:55:16,2422.5,277541
2021-06-18 09:55:17,2422.5,277541
2021-06-18 09:55:18,2422.0,277543
2021-06-18 09:55:18,2422.65,277695
2021-06-18 09:55:19,2422.45,277696
2021-06-18 09:55:20,2422.45,277748
2021-06-18 09:55:22,2421.25,277870
2021-06-18 09:55:23,2421.0,277986
2021-06-18 09:55:23,2421.0,277986
2021-06-18 09:55:24,2421.0,277986
2021-06-18 09:55:26,2421.0,278011
2021-06-18 09:55:27,2420.05,278015
2021-06-18 09:55:28,2420.05,278028
2021-06-18 09:55:29,2420.05,278032
2021-06-18 09:55:30,2420.0,278113
2021-06-18 09:55:31,2420.0,278113
2021-06-18 09:55:32,2420.0,278121
2021-06-18 09:55:33,2420.05,278124
2021-06-18 09:55:33,2420.0,278278
2021-06-18 09:55:34,2419.95,278312
2021-06-18 09:55:35,2419.95,278313
2021-06-18 09:55:36,2419.95,278317
2021-06-18 09:55:37,2419.95,278317
2021-06-18 09:55:38,2420.0,278462
2021-06-18 09:55:39,2419.65,278477
2021-06-18 09:55:40,2419.65,278493
2021-06-18 09:55:41,2419.65,278541
2021-06-18 09:55:43,2419.3,278572
2021-06-18 09:55:44,2419.3,278581
2021-06-18 09:55:45,2419.3,278581
2021-06-18 09:55:46,2419.3,278627
2021-06-18 09:55:47,2419.3,278627
2021-06-18 09:55:48,2419.3,278627
2021-06-18 09:55:49,2420.4,278734
2021-06-18 09:55:50,2421.1,278758
2021-06-18 09:55:51,2420.6,278799
2021-06-18 09:55:52,2421.1,278801
2021-06-18 09:55:52,2421.1,278801
2021-06-18 09:55:53,2420.45,278805
2021-06-18 09:55:54,2420.45,278805
2021-06-18 09:55:56,2420.45,278814
2021-06-18 09:55:58,2420.45,278826
2021-06-18 09:56:00,2420.45,278899
2021-06-18 09:56:01,2420.45,278914
2021-06-18 09:56:02,2420.55,278919
2021-06-18 09:56:03,2419.55,278923
2021-06-18 09:56:04,2419.45,278924
2021-06-18 09:56:05,2420.45,278926
2021-06-18 09:56:06,2419.55,278927
2021-06-18 09:56:09,2420.35,278942
2021-06-18 09:56:10,2420.35,278942
2021-06-18 09:56:11,2419.45,279008
2021-06-18 09:56:12,2420.45,279508
2021-06-18 09:56:13,2419.25,279588
2021-06-18 09:56:14,2419.1,279594
2021-06-18 09:56:15,2419.1,279605
2021-06-18 09:56:16,2419.1,279606
2021-06-18 09:56:17,2419.6,279658
2021-06-18 09:56:18,2419.6,279659
2021-06-18 09:56:18,2419.1,279665
2021-06-18 09:56:19,2419.1,279665
2021-06-18 09:56:20,2419.1,279666
2021-06-18 09:56:21,2419.1,279666
2021-06-18 09:56:22,2419.1,279676
2021-06-18 09:56:23,2419.6,279707
2021-06-18 09:56:25,2419.6,279717
2021-06-18 09:56:26,2419.6,279717
2021-06-18 09:56:27,2419.1,279772
2021-06-18 09:56:28,2419.1,279798
2021-06-18 09:56:29,2419.1,279814
2021-06-18 09:56:30,2418.05,280022
2021-06-18 09:56:31,2418.95,280026
2021-06-18 09:56:32,2418.0,281030
2021-06-18 09:56:33,2418.0,281104
2021-06-18 09:56:34,2418.0,281149
2021-06-18 09:56:35,2418.0,281271
2021-06-18 09:56:36,2417.9,281301
2021-06-18 09:56:37,2418.1,281322
2021-06-18 09:56:38,2418.65,281344
2021-06-18 09:56:39,2418.0,281388
2021-06-18 09:56:40,2418.0,281431
2021-06-18 09:56:42,2417.8,282263
2021-06-18 09:56:43,2417.6,282267
2021-06-18 09:56:44,2418.3,282275
2021-06-18 09:56:46,2417.6,282278
2021-06-18 09:56:47,2417.6,282292
2021-06-18 09:56:48,2417.6,282364
2021-06-18 09:56:49,2417.95,282553
2021-06-18 09:56:50,2417.6,282636
2021-06-18 09:56:51,2416.8,282702
2021-06-18 09:56:52,2416.0,283495
2021-06-18 09:56:54,2417.6,283556
2021-06-18 09:56:55,2415.9,283658
2021-06-18 09:56:56,2415.8,283817
2021-06-18 09:56:57,2415.1,284776
2021-06-18 09:56:58,2416.25,284848
2021-06-18 09:56:59,2415.05,284861
2021-06-18 09:57:00,2415.0,285002
2021-06-18 09:57:01,2415.05,285026
2021-06-18 09:57:02,2415.05,285077
2021-06-18 09:57:03,2415.0,285167
2021-06-18 09:57:04,2415.05,285293
2021-06-18 09:57:05,2415.05,285298
2021-06-18 09:57:05,2415.0,285494
2021-06-18 09:57:07,2415.7,285561
2021-06-18 09:57:08,2415.7,285561
2021-06-18 09:57:09,2415.05,285622
2021-06-18 09:57:10,2415.05,285626
2021-06-18 09:57:11,2415.05,285798
2021-06-18 09:57:12,2416.0,285886
2021-06-18 09:57:13,2415.1,285898
2021-06-18 09:57:14,2415.1,285915
2021-06-18 09:57:15,2416.0,285930
2021-06-18 09:57:16,2415.0,286377
2021-06-18 09:57:17,2415.0,286382
2021-06-18 09:57:18,2415.55,286395
2021-06-18 09:57:19,2415.0,286418
2021-06-18 09:57:19,2415.0,286422
2021-06-18 09:57:20,2415.0,286422
2021-06-18 09:57:21,2415.0,286473
2021-06-18 09:57:22,2415.15,287021
2021-06-18 09:57:23,2413.95,287061
2021-06-18 09:57:24,2414.2,287085
2021-06-18 09:57:25,2413.9,287088
2021-06-18 09:57:26,2413.8,287090
2021-06-18 09:57:27,2413.8,287093
2021-06-18 09:57:29,2413.6,287201
2021-06-18 09:57:30,2415.0,287496
2021-06-18 09:57:31,2413.6,287507
2021-06-18 09:57:32,2413.75,287510
2021-06-18 09:57:33,2413.8,287516
2021-06-18 09:57:34,2413.75,287587
2021-06-18 09:57:35,2413.75,287588
2021-06-18 09:57:36,2413.75,287604
2021-06-18 09:57:37,2413.3,287808
2021-06-18 09:57:38,2413.3,287811
2021-06-18 09:57:39,2413.75,287882
2021-06-18 09:57:40,2413.75,287903
2021-06-18 09:57:41,2413.75,288072
2021-06-18 09:57:42,2413.75,288073
2021-06-18 09:57:43,2414.6,288187
2021-06-18 09:57:44,2413.75,288215
2021-06-18 09:57:45,2413.1,288354
2021-06-18 09:57:46,2414.15,288378
2021-06-18 09:57:47,2413.05,288419
2021-06-18 09:57:48,2413.05,288437
2021-06-18 09:57:51,2413.05,288548
2021-06-18 09:57:52,2414.5,288678
2021-06-18 09:57:53,2414.2,288692
2021-06-18 09:57:54,2413.05,288738
2021-06-18 09:57:55,2413.05,288744
2021-06-18 09:57:56,2412.6,289450
2021-06-18 09:57:57,2413.75,289477
2021-06-18 09:57:58,2413.75,289554
2021-06-18 09:57:59,2413.75,289554
2021-06-18 09:58:00,2412.75,289564
2021-06-18 09:58:01,2412.75,289564
2021-06-18 09:58:02,2412.75,289564
2021-06-18 09:58:03,2412.75,289569
2021-06-18 09:58:04,2412.75,289575
2021-06-18 09:58:05,2411.2,289668
2021-06-18 09:58:06,2411.2,289700
2021-06-18 09:58:07,2412.25,289715
2021-06-18 09:58:08,2411.2,289770
2021-06-18 09:58:08,2411.2,289770
2021-06-18 09:58:10,2412.45,292833
2021-06-18 09:58:11,2412.45,292833
2021-06-18 09:58:12,2413.35,292933
2021-06-18 09:58:12,2412.2,292984
2021-06-18 09:58:13,2411.75,294326
2021-06-18 09:58:14,2411.8,294334
2021-06-18 09:58:15,2412.5,294422
2021-06-18 09:58:16,2411.75,294446
2021-06-18 09:58:17,2412.85,294685
2021-06-18 09:58:18,2414.1,294715
2021-06-18 09:58:19,2414.05,294725
2021-06-18 09:58:20,2413.05,295046
2021-06-18 09:58:21,2413.05,295057
2021-06-18 09:58:22,2413.1,295092
2021-06-18 09:58:23,2413.1,295097
2021-06-18 09:58:24,2414.25,295116
2021-06-18 09:58:26,2412.55,295331
2021-06-18 09:58:29,2413.1,295392
2021-06-18 09:58:30,2413.1,295399
2021-06-18 09:58:30,2413.1,295399
2021-06-18 09:58:32,2413.1,295409
2021-06-18 09:58:32,2413.9,295451
2021-06-18 09:58:33,2413.8,295473
2021-06-18 09:58:34,2412.9,295498
2021-06-18 09:58:35,2412.7,295538
2021-06-18 09:58:36,2412.7,295538
2021-06-18 09:58:37,2412.8,295557
2021-06-18 09:58:38,2412.8,295614
2021-06-18 09:58:40,2412.6,295670
2021-06-18 09:58:41,2412.55,295671
2021-06-18 09:58:42,2413.8,295731
2021-06-18 09:58:43,2412.65,295752
2021-06-18 09:58:44,2412.65,295764
2021-06-18 09:58:45,2412.65,295764
2021-06-18 09:58:46,2413.5,295799
2021-06-18 09:58:47,2413.85,295811
2021-06-18 09:58:48,2412.45,295827
2021-06-18 09:58:49,2412.4,295887
2021-06-18 09:58:50,2412.3,295917
2021-06-18 09:58:51,2412.4,295923
2021-06-18 09:58:52,2413.5,295938
2021-06-18 09:58:53,2413.5,295938
2021-06-18 09:58:54,2413.5,295958
2021-06-18 09:58:55,2413.5,296019
2021-06-18 09:58:56,2412.45,296304
2021-06-18 09:58:57,2411.1,296633
2021-06-18 09:58:58,2412.3,296640
2021-06-18 09:58:59,2411.45,296680
2021-06-18 09:59:00,2411.5,296826
2021-06-18 09:59:01,2411.9,296836
2021-06-18 09:59:02,2411.9,296836
2021-06-18 09:59:03,2411.9,296836
2021-06-18 09:59:04,2411.1,296893
2021-06-18 09:59:05,2412.0,296926
2021-06-18 09:59:06,2411.7,296940
2021-06-18 09:59:07,2411.9,297193
2021-06-18 09:59:08,2411.5,297214
2021-06-18 09:59:09,2411.15,297239
2021-06-18 09:59:10,2412.45,297260
2021-06-18 09:59:10,2411.0,297274
2021-06-18 09:59:12,2411.0,297309
2021-06-18 09:59:13,2411.7,297367
2021-06-18 09:59:14,2411.05,297430
2021-06-18 09:59:15,2411.05,297799
2021-06-18 09:59:15,2411.05,297799
2021-06-18 09:59:17,2412.2,297924
2021-06-18 09:59:17,2411.05,297937
2021-06-18 09:59:19,2411.05,297958
2021-06-18 09:59:20,2411.0,298255
2021-06-18 09:59:22,2410.7,298291
2021-06-18 09:59:24,2411.75,298697
2021-06-18 09:59:25,2410.5,298714
2021-06-18 09:59:26,2410.5,298720
2021-06-18 09:59:27,2410.55,298811
2021-06-18 09:59:29,2410.5,298931
2021-06-18 09:59:30,2410.1,298940
2021-06-18 09:59:31,2411.0,299089
2021-06-18 09:59:33,2411.9,299607
2021-06-18 09:59:34,2411.3,299613
2021-06-18 09:59:35,2410.6,299673
2021-06-18 09:59:36,2410.5,299677
2021-06-18 09:59:37,2411.45,299678
2021-06-18 09:59:38,2410.5,299694
2021-06-18 09:59:39,2410.5,299704
2021-06-18 09:59:40,2410.5,299704
2021-06-18 09:59:41,2410.55,299774
2021-06-18 09:59:42,2411.7,299784
2021-06-18 09:59:43,2410.5,299793
2021-06-18 09:59:44,2410.0,300016
2021-06-18 09:59:45,2410.0,300185
2021-06-18 09:59:46,2410.0,300295
2021-06-18 09:59:47,2410.0,300404
2021-06-18 09:59:48,2410.95,300430
2021-06-18 09:59:49,2410.55,300465
2021-06-18 09:59:49,2410.0,300460
2021-06-18 09:59:51,2409.3,300657
2021-06-18 09:59:52,2409.5,300698
2021-06-18 09:59:53,2409.5,300701
2021-06-18 09:59:54,2409.5,300701
2021-06-18 09:59:55,2410.75,300719
2021-06-18 09:59:55,2409.45,300724
2021-06-18 09:59:58,2409.45,300783
2021-06-18 09:59:59,2410.5,300795
2021-06-18 10:00:00,2410.0,300829
2021-06-18 10:00:01,2409.45,300853
2021-06-18 10:00:02,2409.3,300878
2021-06-18 10:00:03,2409.2,300912
2021-06-18 10:00:04,2408.9,301093
2021-06-18 10:00:05,2408.9,301124
2021-06-18 10:00:06,2408.85,301130
2021-06-18 10:00:07,2408.55,301271
2021-06-18 10:00:08,2408.15,301582
2021-06-18 10:00:09,2408.1,301694
2021-06-18 10:00:09,2408.1,301694
2021-06-18 10:00:10,2408.85,301744
2021-06-18 10:00:11,2408.85,301744
2021-06-18 10:00:12,2408.85,301774
2021-06-18 10:00:13,2408.15,301855
2021-06-18 10:00:14,2408.85,301905
2021-06-18 10:00:15,2409.3,301949
2021-06-18 10:00:16,2409.85,301965
2021-06-18 10:00:17,2408.85,302074
2021-06-18 10:00:18,2409.75,302081
2021-06-18 10:00:19,2408.95,302208
2021-06-18 10:00:20,2410.8,302420
2021-06-18 10:00:21,2409.0,302435
2021-06-18 10:00:22,2408.6,302507
2021-06-18 10:00:23,2408.15,302540
2021-06-18 10:00:24,2408.15,302540
2021-06-18 10:00:25,2408.05,302657
2021-06-18 10:00:26,2408.0,302683
2021-06-18 10:00:27,2408.0,302702
2021-06-18 10:00:28,2409.0,302707
2021-06-18 10:00:29,2409.25,302757
2021-06-18 10:00:30,2409.3,302792
2021-06-18 10:00:31,2409.3,302829
2021-06-18 10:00:32,2408.15,302854
2021-06-18 10:00:34,2408.25,303076
2021-06-18 10:00:35,2409.4,303089
2021-06-18 10:00:35,2408.85,303086
2021-06-18 10:00:36,2409.4,303132
2021-06-18 10:00:37,2409.4,303183
2021-06-18 10:00:38,2409.4,303188
2021-06-18 10:00:40,2409.5,303233
2021-06-18 10:00:41,2409.5,303233
2021-06-18 10:00:42,2409.5,303233
2021-06-18 10:00:43,2409.5,303240
2021-06-18 10:00:44,2408.25,303545
2021-06-18 10:00:44,2408.25,303545
2021-06-18 10:00:46,2408.25,303560
2021-06-18 10:00:47,2408.1,303615
2021-06-18 10:00:47,2408.1,303620
2021-06-18 10:00:48,2409.4,303731
2021-06-18 10:00:49,2408.25,303857
2021-06-18 10:00:50,2409.2,303867
2021-06-18 10:00:51,2409.2,303867
2021-06-18 10:00:52,2409.25,303887
2021-06-18 10:00:53,2408.0,304111
2021-06-18 10:00:54,2409.2,304113
2021-06-18 10:00:55,2409.0,304117
2021-06-18 10:00:56,2409.0,304120
2021-06-18 10:00:57,2409.0,304129
2021-06-18 10:00:58,2408.0,304154
2021-06-18 10:01:00,2408.0,304184
2021-06-18 10:01:01,2408.1,304191
2021-06-18 10:01:02,2408.1,304217
2021-06-18 10:01:02,2408.1,304263
2021-06-18 10:01:03,2409.0,304309
2021-06-18 10:01:04,2409.0,304329
2021-06-18 10:01:05,2409.0,304337
2021-06-18 10:01:06,2409.05,304689
2021-06-18 10:01:07,2408.0,304888
2021-06-18 10:01:08,2409.6,304972
2021-06-18 10:01:09,2408.4,304977
2021-06-18 10:01:10,2409.1,304987
2021-06-18 10:01:12,2408.1,305260
2021-06-18 10:01:12,2408.1,305221
2021-06-18 10:01:13,2408.1,305260
2021-06-18 10:01:14,2408.1,305264
2021-06-18 10:01:15,2408.0,305422
2021-06-18 10:01:16,2407.1,305432
2021-06-18 10:01:17,2407.1,305434
2021-06-18 10:01:18,2407.75,305465
2021-06-18 10:01:19,2406.6,305472
2021-06-18 10:01:20,2406.5,305481
2021-06-18 10:01:21,2406.25,305638
2021-06-18 10:01:22,2406.15,305650
2021-06-18 10:01:23,2406.15,305657
2021-06-18 10:01:24,2406.15,305657
2021-06-18 10:01:25,2407.6,305676
2021-06-18 10:01:26,2406.4,305691
2021-06-18 10:01:27,2406.35,305692
2021-06-18 10:01:28,2406.6,305909
2021-06-18 10:01:29,2406.4,305923
2021-06-18 10:01:32,2406.4,306022
2021-06-18 10:01:34,2406.05,306447
2021-06-18 10:01:35,2405.1,306472
2021-06-18 10:01:36,2405.1,306472
2021-06-18 10:01:37,2406.35,306628
2021-06-18 10:01:38,2406.35,306628
2021-06-18 10:01:39,2405.0,306658
2021-06-18 10:01:40,2405.1,306668
2021-06-18 10:01:41,2406.0,306669
2021-06-18 10:01:42,2405.0,306774
2021-06-18 10:01:43,2405.0,306774
2021-06-18 10:01:44,2406.0,306799
2021-06-18 10:01:45,2405.0,306989
2021-06-18 10:01:47,2405.3,307202
2021-06-18 10:01:48,2406.35,307225
2021-06-18 10:01:49,2405.9,307331
2021-06-18 10:01:50,2406.0,307342
2021-06-18 10:01:51,2406.85,307362
2021-06-18 10:01:52,2406.85,307363
2021-06-18 10:01:53,2406.85,307363
2021-06-18 10:01:54,2407.05,307563
2021-06-18 10:01:55,2407.0,307564
2021-06-18 10:01:56,2406.0,307569
2021-06-18 10:01:57,2406.0,307569
2021-06-18 10:01:58,2406.05,307572
2021-06-18 10:01:59,2406.0,307647
2021-06-18 10:02:00,2406.05,307707
2021-06-18 10:02:01,2406.45,307728
2021-06-18 10:02:02,2407.2,308079
2021-06-18 10:02:03,2406.05,308081
2021-06-18 10:02:04,2407.05,308144
2021-06-18 10:02:05,2406.6,308154
2021-06-18 10:02:06,2406.6,308356
2021-06-18 10:02:07,2407.3,308467
2021-06-18 10:02:08,2406.75,308473
2021-06-18 10:02:10,2407.05,308542
2021-06-18 10:02:11,2407.05,308542
2021-06-18 10:02:12,2407.05,308542
2021-06-18 10:02:13,2407.2,308545
2021-06-18 10:02:14,2407.5,308618
2021-06-18 10:02:15,2407.5,308629
2021-06-18 10:02:17,2407.05,308650
2021-06-18 10:02:18,2407.05,308650
2021-06-18 10:02:19,2407.05,308660
2021-06-18 10:02:20,2407.05,308685
2021-06-18 10:02:21,2407.05,308689
2021-06-18 10:02:22,2407.05,308690
2021-06-18 10:02:23,2407.45,308727
2021-06-18 10:02:24,2407.45,308727
2021-06-18 10:02:25,2407.2,308819
2021-06-18 10:02:26,2407.2,308831
2021-06-18 10:02:27,2407.45,309070
2021-06-18 10:02:28,2407.45,309097
2021-06-18 10:02:29,2407.45,309097
2021-06-18 10:02:30,2407.45,309099
2021-06-18 10:02:31,2407.45,309117
2021-06-18 10:02:32,2407.8,309128
2021-06-18 10:02:33,2407.7,309184
2021-06-18 10:02:34,2407.7,309214
2021-06-18 10:02:35,2407.7,309239
2021-06-18 10:02:36,2407.7,309239
2021-06-18 10:02:37,2407.7,309245
2021-06-18 10:02:38,2407.7,309248
2021-06-18 10:02:39,2407.7,309421
2021-06-18 10:02:40,2407.25,309451
2021-06-18 10:02:41,2407.0,309532
2021-06-18 10:02:42,2407.0,309570
2021-06-18 10:02:43,2407.0,309622
2021-06-18 10:02:44,2408.0,309667
2021-06-18 10:02:45,2408.0,309667
2021-06-18 10:02:46,2408.0,309686
2021-06-18 10:02:48,2406.6,309819
2021-06-18 10:02:49,2407.0,309824
2021-06-18 10:02:50,2406.55,309828
2021-06-18 10:02:51,2407.8,309904
2021-06-18 10:02:52,2406.55,309909
2021-06-18 10:02:53,2406.55,309909
2021-06-18 10:02:54,2406.95,309939
2021-06-18 10:02:55,2407.25,309942
2021-06-18 10:02:56,2407.25,309969
2021-06-18 10:02:57,2407.25,309969
2021-06-18 10:02:58,2408.0,310050
2021-06-18 10:02:59,2408.0,310050
2021-06-18 10:03:00,2407.7,310082
2021-06-18 10:03:01,2408.9,311312
2021-06-18 10:03:02,2407.75,311316
2021-06-18 10:03:03,2407.75,311316
2021-06-18 10:03:04,2408.75,311317
2021-06-18 10:03:05,2408.75,311359
2021-06-18 10:03:06,2409.3,311430
2021-06-18 10:03:07,2409.95,312005
2021-06-18 10:03:08,2408.25,312007
2021-06-18 10:03:09,2408.25,312008
2021-06-18 10:03:10,2409.4,312034
2021-06-18 10:03:11,2408.25,312035
2021-06-18 10:03:12,2408.3,312053
2021-06-18 10:03:13,2411.0,312457
2021-06-18 10:03:14,2410.0,312497
2021-06-18 10:03:15,2410.9,312649
2021-06-18 10:03:16,2410.9,312649
2021-06-18 10:03:17,2410.0,312684
2021-06-18 10:03:18,2410.0,312684
2021-06-18 10:03:19,2410.2,312685
2021-06-18 10:03:20,2410.9,312729
2021-06-18 10:03:21,2410.0,312734
2021-06-18 10:03:22,2410.9,312835
2021-06-18 10:03:25,2411.8,313125
2021-06-18 10:03:26,2412.1,313126
2021-06-18 10:03:27,2412.1,313135
2021-06-18 10:03:29,2412.0,313236
2021-06-18 10:03:31,2413.35,313331
2021-06-18 10:03:32,2412.45,315247
2021-06-18 10:03:33,2412.45,315247
2021-06-18 10:03:34,2413.45,315250
2021-06-18 10:03:35,2412.5,315265
2021-06-18 10:03:36,2412.7,315352
2021-06-18 10:03:37,2412.6,315364
2021-06-18 10:03:38,2412.3,315366
2021-06-18 10:03:39,2413.35,315400
2021-06-18 10:03:41,2412.5,315417
2021-06-18 10:03:41,2412.5,315417
2021-06-18 10:03:42,2413.45,315422
2021-06-18 10:03:43,2413.45,315422
2021-06-18 10:03:44,2412.75,315585
2021-06-18 10:03:46,2414.25,315607
2021-06-18 10:03:46,2414.25,315607
2021-06-18 10:03:47,2414.25,315607
2021-06-18 10:03:48,2414.45,315682
2021-06-18 10:03:49,2414.0,316079
2021-06-18 10:03:50,2414.2,316106
2021-06-18 10:03:51,2412.5,316334
2021-06-18 10:03:52,2412.0,316407
2021-06-18 10:03:53,2413.15,316650
2021-06-18 10:03:54,2413.15,316650
2021-06-18 10:03:55,2413.45,316772
2021-06-18 10:03:56,2413.4,316784
2021-06-18 10:03:57,2413.45,316811
2021-06-18 10:03:59,2413.5,316863
2021-06-18 10:03:59,2412.4,316873
2021-06-18 10:04:00,2413.5,316878
2021-06-18 10:04:01,2413.0,317411
2021-06-18 10:04:02,2413.45,317413
2021-06-18 10:04:03,2413.5,317756
2021-06-18 10:04:04,2413.5,317757
2021-06-18 10:04:05,2413.55,318794
2021-06-18 10:04:06,2414.7,318798
2021-06-18 10:04:07,2414.8,318911
2021-06-18 10:04:09,2415.0,318988
2021-06-18 10:04:09,2415.0,318988
2021-06-18 10:04:10,2416.45,319153
2021-06-18 10:04:11,2416.5,319193
2021-06-18 10:04:12,2415.45,319225
2021-06-18 10:04:14,2416.5,319338
2021-06-18 10:04:14,2416.5,319338
2021-06-18 10:04:15,2415.45,319341
2021-06-18 10:04:16,2416.0,319493
2021-06-18 10:04:17,2416.0,319500
2021-06-18 10:04:18,2415.45,319518
2021-06-18 10:04:19,2415.45,319526
2021-06-18 10:04:20,2415.45,319530
2021-06-18 10:04:21,2415.0,319639
2021-06-18 10:04:22,2415.0,319884
2021-06-18 10:04:23,2415.5,320184
2021-06-18 10:04:25,2415.7,320218
2021-06-18 10:04:26,2415.7,320218
2021-06-18 10:04:27,2416.5,320222
2021-06-18 10:04:28,2415.65,320303
2021-06-18 10:04:29,2416.75,320327
2021-06-18 10:04:31,2417.1,320421
2021-06-18 10:04:33,2415.5,320837
2021-06-18 10:04:34,2416.65,320964
2021-06-18 10:04:35,2416.6,320979
2021-06-18 10:04:36,2416.55,321124
2021-06-18 10:04:38,2415.5,321237
2021-06-18 10:04:38,2416.45,321235
2021-06-18 10:04:39,2416.4,321279
2021-06-18 10:04:40,2415.5,321286
2021-06-18 10:04:41,2416.35,321346
2021-06-18 10:04:42,2416.35,321346
2021-06-18 10:04:43,2416.25,321353
2021-06-18 10:04:44,2416.2,321456
2021-06-18 10:04:45,2415.5,321474
2021-06-18 10:04:46,2416.2,321531
2021-06-18 10:04:47,2416.2,321534
2021-06-18 10:04:48,2416.35,321558
2021-06-18 10:04:50,2416.35,321604
2021-06-18 10:04:51,2416.35,321604
2021-06-18 10:04:52,2416.85,321651
2021-06-18 10:04:53,2417.2,321741
2021-06-18 10:04:53,2417.2,321741
2021-06-18 10:04:54,2416.15,321746
2021-06-18 10:04:55,2417.25,322208
2021-06-18 10:04:57,2417.25,322271
2021-06-18 10:04:58,2416.25,322272
2021-06-18 10:04:59,2416.2,322273
2021-06-18 10:05:01,2416.2,322291
2021-06-18 10:05:02,2416.2,322291
2021-06-18 10:05:03,2416.6,322381
2021-06-18 10:05:05,2416.6,322381
2021-06-18 10:05:05,2417.2,322402
2021-06-18 10:05:07,2417.3,322443
2021-06-18 10:05:08,2417.3,322459
2021-06-18 10:05:09,2417.3,322563
2021-06-18 10:05:10,2417.3,322563
2021-06-18 10:05:11,2416.45,322718
2021-06-18 10:05:12,2417.0,322725
2021-06-18 10:05:13,2416.05,323268
2021-06-18 10:05:14,2416.05,323268
2021-06-18 10:05:15,2416.9,323396
2021-06-18 10:05:16,2416.9,323396
2021-06-18 10:05:17,2416.95,323436
2021-06-18 10:05:18,2416.95,323436
2021-06-18 10:05:19,2416.85,323635
2021-06-18 10:05:20,2415.8,323637
2021-06-18 10:05:21,2415.8,323743
2021-06-18 10:05:23,2416.0,323753
2021-06-18 10:05:23,2416.0,323753
2021-06-18 10:05:24,2416.0,323828
2021-06-18 10:05:25,2416.0,324188
2021-06-18 10:05:26,2417.0,324377
2021-06-18 10:05:27,2417.0,324438
2021-06-18 10:05:28,2417.0,324484
2021-06-18 10:05:29,2416.2,324488
2021-06-18 10:05:30,2417.0,325117
2021-06-18 10:05:31,2417.0,325178
2021-06-18 10:05:32,2416.5,325364
2021-06-18 10:05:33,2417.5,325420
2021-06-18 10:05:34,2417.5,325420
2021-06-18 10:05:35,2416.55,325424
2021-06-18 10:05:36,2417.55,325443
2021-06-18 10:05:38,2417.6,325459
2021-06-18 10:05:39,2417.6,325482
2021-06-18 10:05:39,2417.6,325482
2021-06-18 10:05:40,2417.55,325505
2021-06-18 10:05:41,2417.55,325505
2021-06-18 10:05:42,2417.0,325558
2021-06-18 10:05:43,2417.95,325658
2021-06-18 10:05:44,2416.6,325742
2021-06-18 10:05:45,2416.5,325743
2021-06-18 10:05:46,2417.0,325794
2021-06-18 10:05:48,2417.1,325825
2021-06-18 10:05:48,2417.1,325825
2021-06-18 10:05:49,2417.5,325827
2021-06-18 10:05:50,2416.6,325939
2021-06-18 10:05:51,2416.3,325944
2021-06-18 10:05:52,2417.55,325987
2021-06-18 10:05:53,2416.5,326050
2021-06-18 10:05:55,2417.75,326127
2021-06-18 10:05:56,2416.75,326138
2021-06-18 10:05:57,2417.5,326350
2021-06-18 10:05:58,2417.8,326382
2021-06-18 10:05:58,2417.8,326382
2021-06-18 10:05:59,2417.8,326382
2021-06-18 10:06:01,2418.45,326559
2021-06-18 10:06:02,2417.5,326561
2021-06-18 10:06:04,2418.35,326590
2021-06-18 10:06:05,2417.5,326605
2021-06-18 10:06:06,2418.1,326663
2021-06-18 10:06:06,2418.1,326663
2021-06-18 10:06:07,2418.25,326667
2021-06-18 10:06:08,2417.0,326683
2021-06-18 10:06:09,2417.05,326684
2021-06-18 10:06:11,2418.25,326768
2021-06-18 10:06:12,2418.25,326768
2021-06-18 10:06:13,2418.25,326768
2021-06-18 10:06:14,2418.25,326792
2021-06-18 10:06:14,2418.25,326792
2021-06-18 10:06:15,2418.2,326794
2021-06-18 10:06:16,2418.2,326794
2021-06-18 10:06:17,2418.05,328120
2021-06-18 10:06:19,2419.15,328266
2021-06-18 10:06:20,2418.25,328306
2021-06-18 10:06:21,2418.25,328322
2021-06-18 10:06:21,2418.25,328325
2021-06-18 10:06:22,2419.15,328410
2021-06-18 10:06:23,2418.25,328419
2021-06-18 10:06:24,2419.1,328481
2021-06-18 10:06:25,2419.2,328981
2021-06-18 10:06:27,2419.35,328982
2021-06-18 10:06:28,2418.25,329045
2021-06-18 10:06:29,2419.0,329071
2021-06-18 10:06:29,2419.0,329071
2021-06-18 10:06:30,2419.35,329480
2021-06-18 10:06:31,2419.35,329536
2021-06-18 10:06:33,2419.0,329567
2021-06-18 10:06:34,2419.0,329567
2021-06-18 10:06:35,2419.2,329686
2021-06-18 10:06:36,2419.2,329686
2021-06-18 10:06:37,2419.6,330205
2021-06-18 10:06:38,2419.5,330483
2021-06-18 10:06:40,2419.5,330545
2021-06-18 10:06:41,2420.7,330555
2021-06-18 10:06:43,2420.0,330720
2021-06-18 10:06:44,2420.65,330744
2021-06-18 10:06:45,2420.65,330768
2021-06-18 10:06:46,2420.65,330773
2021-06-18 10:06:47,2420.65,330773
2021-06-18 10:06:47,2420.0,330787
2021-06-18 10:06:48,2420.9,330788
2021-06-18 10:06:49,2421.1,330845
2021-06-18 10:06:51,2421.1,330846
2021-06-18 10:06:52,2421.1,330846
2021-06-18 10:06:53,2421.0,331094
2021-06-18 10:06:54,2421.0,331094
2021-06-18 10:06:54,2421.15,331104
2021-06-18 10:06:55,2421.2,331114
2021-06-18 10:06:56,2421.1,331132
2021-06-18 10:06:57,2421.2,331134
2021-06-18 10:06:59,2421.2,331136
2021-06-18 10:07:00,2421.2,331161
2021-06-18 10:07:01,2421.2,332237
2021-06-18 10:07:01,2421.2,332237
2021-06-18 10:07:02,2421.35,332877
2021-06-18 10:07:04,2421.35,332877
2021-06-18 10:07:05,2421.0,333066
2021-06-18 10:07:06,2421.0,333066
2021-06-18 10:07:07,2422.0,333228
2021-06-18 10:07:07,2421.4,333591
2021-06-18 10:07:09,2421.35,333629
2021-06-18 10:07:10,2421.35,333629
2021-06-18 10:07:11,2421.0,333789
2021-06-18 10:07:12,2421.35,333809
2021-06-18 10:07:13,2421.15,333947
2021-06-18 10:07:15,2421.2,333957
2021-06-18 10:07:16,2421.2,333957
2021-06-18 10:07:17,2421.35,334046
2021-06-18 10:07:18,2421.5,334049
2021-06-18 10:07:19,2421.2,334053
2021-06-18 10:07:20,2421.0,334116
2021-06-18 10:07:21,2421.5,334140
