timestamp,ltp,volume
2021-06-18 09:16:32,995.75,155599
2021-06-18 09:16:33,995.1,156889
2021-06-18 09:16:34,995.95,157252
2021-06-18 09:16:35,995.6,157359
2021-06-18 09:16:36,995.6,157665
2021-06-18 09:16:37,996.05,158016
2021-06-18 09:16:37,995.75,158056
2021-06-18 09:16:38,996.0,158461
2021-06-18 09:16:39,996.0,159435
2021-06-18 09:16:41,996.0,159675
2021-06-18 09:16:42,995.75,160908
2021-06-18 09:16:43,996.0,161116
2021-06-18 09:16:44,996.1,163180
2021-06-18 09:16:45,996.7,163382
2021-06-18 09:16:46,996.65,163808
2021-06-18 09:16:46,996.3,163920
2021-06-18 09:16:48,996.7,165922
2021-06-18 09:16:49,996.4,167319
2021-06-18 09:16:50,997.0,167605
2021-06-18 09:16:51,997.0,170535
2021-06-18 09:16:53,997.0,172359
2021-06-18 09:16:53,997.15,172347
2021-06-18 09:16:54,997.15,172942
2021-06-18 09:16:56,997.2,173217
2021-06-18 09:16:57,997.7,174279
2021-06-18 09:16:58,997.8,176151
2021-06-18 09:16:59,997.3,177435
2021-06-18 09:17:00,997.35,177987
2021-06-18 09:17:01,997.8,178816
2021-06-18 09:17:02,997.7,179261
2021-06-18 09:17:03,997.4,179739
2021-06-18 09:17:05,997.8,184217
2021-06-18 09:17:06,998.0,185843
2021-06-18 09:17:07,998.0,186087
2021-06-18 09:17:08,998.0,186619
2021-06-18 09:17:09,998.5,188539
2021-06-18 09:17:10,997.95,189101
2021-06-18 09:17:11,998.8,190131
2021-06-18 09:17:12,998.65,190258
2021-06-18 09:17:13,998.15,190658
2021-06-18 09:17:14,998.85,191926
2021-06-18 09:17:15,998.15,193239
2021-06-18 09:17:16,998.85,193866
2021-06-18 09:17:18,998.8,195106
2021-06-18 09:17:19,998.25,195366
2021-06-18 09:17:20,998.2,196302
2021-06-18 09:17:21,998.35,196946
2021-06-18 09:17:22,998.35,197001
2021-06-18 09:17:23,998.85,198572
2021-06-18 09:17:24,998.45,200366
2021-06-18 09:17:24,998.6,200504
2021-06-18 09:17:26,998.15,203295
2021-06-18 09:17:27,998.5,206094
2021-06-18 09:17:28,998.65,206627
2021-06-18 09:17:29,998.95,207288
2021-06-18 09:17:30,998.65,207707
2021-06-18 09:17:30,998.65,207707
2021-06-18 09:17:33,998.6,208089
2021-06-18 09:17:34,998.65,211850
2021-06-18 09:17:35,999.75,215122
2021-06-18 09:17:36,998.95,217251
2021-06-18 09:17:37,999.0,217716
2021-06-18 09:17:38,999.3,218053
2021-06-18 09:17:38,999.3,218304
2021-06-18 09:17:40,999.25,223991
2021-06-18 09:17:41,999.15,224131
2021-06-18 09:17:42,999.05,225509
2021-06-18 09:17:43,998.15,227701
2021-06-18 09:17:43,998.6,231058
2021-06-18 09:17:45,999.05,232168
2021-06-18 09:17:46,999.0,233649
2021-06-18 09:17:47,999.0,235010
2021-06-18 09:17:48,999.0,237656
2021-06-18 09:17:48,999.0,237681
2021-06-18 09:17:50,999.35,238318
2021-06-18 09:17:51,999.0,238643
2021-06-18 09:17:52,999.0,239055
2021-06-18 09:17:53,999.35,239527
2021-06-18 09:17:54,999.05,239537
2021-06-18 09:17:55,999.0,241889
2021-06-18 09:17:56,998.95,243277
2021-06-18 09:17:57,998.85,243784
2021-06-18 09:17:58,998.5,244048
2021-06-18 09:17:58,999.0,244206
2021-06-18 09:17:59,999.05,244555
2021-06-18 09:18:00,998.55,244851
2021-06-18 09:18:01,999.0,245385
2021-06-18 09:18:04,999.15,246951
2021-06-18 09:18:05,998.9,247427
2021-06-18 09:18:06,999.05,248972
2021-06-18 09:18:07,998.55,250657
2021-06-18 09:18:08,999.2,251578
2021-06-18 09:18:08,999.2,251578
2021-06-18 09:18:09,998.95,252430
2021-06-18 09:18:10,998.95,252775
2021-06-18 09:18:11,998.65,252815
2021-06-18 09:18:13,998.6,253194
2021-06-18 09:18:14,998.95,253472
2021-06-18 09:18:15,998.8,254659
2021-06-18 09:18:16,998.8,254932
2021-06-18 09:18:17,998.85,255081
2021-06-18 09:18:18,998.85,255081
2021-06-18 09:18:19,999.0,255458
2021-06-18 09:18:20,998.65,255655
2021-06-18 09:18:21,998.5,256028
2021-06-18 09:18:22,998.85,256319
2021-06-18 09:18:23,998.5,258542
2021-06-18 09:18:24,998.1,258769
2021-06-18 09:18:25,998.6,258846
2021-06-18 09:18:26,998.3,258891
2021-06-18 09:18:27,998.6,259262
2021-06-18 09:18:28,998.2,260233
2021-06-18 09:18:29,998.5,260304
2021-06-18 09:18:30,998.45,260645
2021-06-18 09:18:31,998.05,261163
2021-06-18 09:18:32,998.45,261652
2021-06-18 09:18:34,998.05,262609
2021-06-18 09:18:35,998.1,263069
2021-06-18 09:18:36,998.65,263783
2021-06-18 09:18:37,998.6,264807
2021-06-18 09:18:38,998.0,264877
2021-06-18 09:18:39,998.35,265448
2021-06-18 09:18:40,998.35,265623
2021-06-18 09:18:41,998.1,265816
2021-06-18 09:18:42,998.1,267176
2021-06-18 09:18:43,998.1,267655
2021-06-18 09:18:44,998.1,267820
2021-06-18 09:18:45,998.0,268213
2021-06-18 09:18:46,998.05,268364
2021-06-18 09:18:47,998.05,268364
2021-06-18 09:18:48,998.1,268388
2021-06-18 09:18:49,998.1,268402
2021-06-18 09:18:50,998.0,268590
2021-06-18 09:18:51,998.05,269526
2021-06-18 09:18:52,997.8,269786
2021-06-18 09:18:53,997.45,270195
2021-06-18 09:18:54,996.25,272935
2021-06-18 09:18:55,996.6,272946
2021-06-18 09:18:56,996.55,273108
2021-06-18 09:18:57,997.3,274382
2021-06-18 09:18:58,996.75,274640
2021-06-18 09:18:59,996.75,274713
2021-06-18 09:19:00,996.5,274813
2021-06-18 09:19:01,996.0,275158
2021-06-18 09:19:02,996.45,275321
2021-06-18 09:19:03,996.45,275321
2021-06-18 09:19:04,996.0,275774
2021-06-18 09:19:05,996.4,276524
2021-06-18 09:19:06,996.35,276842
2021-06-18 09:19:08,995.95,277911
2021-06-18 09:19:09,995.95,278354
2021-06-18 09:19:10,995.95,278354
2021-06-18 09:19:11,995.85,278664
2021-06-18 09:19:12,995.8,278721
2021-06-18 09:19:13,995.6,278991
2021-06-18 09:19:14,995.95,279585
2021-06-18 09:19:15,995.95,279614
2021-06-18 09:19:16,996.0,279806
2021-06-18 09:19:17,995.5,280087
2021-06-18 09:19:18,995.75,280133
2021-06-18 09:19:19,995.9,280360
2021-06-18 09:19:20,995.6,280365
2021-06-18 09:19:21,995.8,280980
2021-06-18 09:19:22,995.35,281064
2021-06-18 09:19:23,995.95,281351
2021-06-18 09:19:24,995.95,281909
2021-06-18 09:19:25,995.85,282104
2021-06-18 09:19:26,995.5,282473
2021-06-18 09:19:27,995.3,282973
2021-06-18 09:19:28,995.9,284604
2021-06-18 09:19:29,995.75,284895
2021-06-18 09:19:30,995.2,285949
2021-06-18 09:19:31,995.05,286093
2021-06-18 09:19:33,995.25,286354
2021-06-18 09:19:34,995.65,286705
2021-06-18 09:19:35,995.05,287999
2021-06-18 09:19:36,995.3,288591
2021-06-18 09:19:37,995.7,288734
2021-06-18 09:19:38,995.7,289235
2021-06-18 09:19:39,995.0,289864
2021-06-18 09:19:40,995.0,290135
2021-06-18 09:19:41,995.4,290160
2021-06-18 09:19:42,995.0,290336
2021-06-18 09:19:44,995.5,290765
2021-06-18 09:19:43,995.5,290765
2021-06-18 09:19:45,995.5,290823
2021-06-18 09:19:46,995.0,291013
2021-06-18 09:19:47,995.4,291219
2021-06-18 09:19:48,995.15,291469
2021-06-18 09:19:49,995.35,291559
2021-06-18 09:19:50,994.85,301866
2021-06-18 09:19:51,994.95,302156
2021-06-18 09:19:52,994.75,302271
2021-06-18 09:19:53,994.85,302853
2021-06-18 09:19:54,994.55,302878
2021-06-18 09:19:55,994.65,303124
2021-06-18 09:19:56,994.6,303458
2021-06-18 09:19:57,994.65,304712
2021-06-18 09:19:58,994.0,306437
2021-06-18 09:20:00,994.0,307190
2021-06-18 09:20:01,993.85,308783
2021-06-18 09:20:02,993.35,309040
2021-06-18 09:20:03,993.1,309045
2021-06-18 09:20:04,993.35,309216
2021-06-18 09:20:05,992.55,311739
2021-06-18 09:20:06,992.55,311849
2021-06-18 09:20:07,992.4,312292
2021-06-18 09:20:08,992.55,312312
2021-06-18 09:20:09,992.6,313210
2021-06-18 09:20:10,992.4,314574
2021-06-18 09:20:11,992.15,314899
2021-06-18 09:20:12,992.55,315214
2021-06-18 09:20:13,992.9,315949
2021-06-18 09:20:14,992.5,318315
2021-06-18 09:20:15,992.5,318315
2021-06-18 09:20:16,992.85,319401
2021-06-18 09:20:17,992.7,321052
2021-06-18 09:20:18,993.0,321109
2021-06-18 09:20:19,992.75,321783
2021-06-18 09:20:20,993.0,323156
2021-06-18 09:20:22,992.65,323575
2021-06-18 09:20:23,992.85,323694
2021-06-18 09:20:24,992.65,324404
2021-06-18 09:20:25,992.5,325087
2021-06-18 09:20:26,992.9,325228
2021-06-18 09:20:27,993.0,325356
2021-06-18 09:20:28,992.8,325590
2021-06-18 09:20:29,992.85,325859
2021-06-18 09:20:31,993.0,326228
2021-06-18 09:20:31,993.0,326528
2021-06-18 09:20:32,993.0,327175
2021-06-18 09:20:33,992.8,327620
2021-06-18 09:20:34,992.4,328127
2021-06-18 09:20:36,992.35,328287
2021-06-18 09:20:37,992.1,328351
2021-06-18 09:20:38,992.0,329727
2021-06-18 09:20:38,992.25,329325
2021-06-18 09:20:39,992.05,329986
2021-06-18 09:20:40,992.15,330969
2021-06-18 09:20:41,992.0,332523
2021-06-18 09:20:42,991.6,332745
2021-06-18 09:20:43,991.75,332884
2021-06-18 09:20:44,991.35,333352
2021-06-18 09:20:46,991.55,333789
2021-06-18 09:20:46,991.15,333904
2021-06-18 09:20:47,991.15,334182
2021-06-18 09:20:48,991.4,334854
2021-06-18 09:20:49,990.9,337748
2021-06-18 09:20:50,991.15,338294
2021-06-18 09:20:52,990.85,339877
2021-06-18 09:20:52,991.1,339930
2021-06-18 09:20:53,991.1,340446
2021-06-18 09:20:54,990.85,341408
2021-06-18 09:20:55,990.9,341913
2021-06-18 09:20:57,991.2,343451
2021-06-18 09:20:57,990.3,343608
2021-06-18 09:20:58,991.0,345133
2021-06-18 09:20:59,991.0,345314
2021-06-18 09:21:00,990.65,345533
2021-06-18 09:21:02,990.25,345911
2021-06-18 09:21:02,990.65,345869
2021-06-18 09:21:03,990.65,346329
2021-06-18 09:21:04,990.2,346736
2021-06-18 09:21:05,990.5,347326
2021-06-18 09:21:06,990.6,347640
2021-06-18 09:21:08,990.1,348112
2021-06-18 09:21:08,990.0,349630
2021-06-18 09:21:09,990.3,350017
2021-06-18 09:21:10,990.35,350407
2021-06-18 09:21:11,990.0,351332
2021-06-18 09:21:13,990.5,352413
2021-06-18 09:21:13,990.55,352314
2021-06-18 09:21:14,990.65,354398
2021-06-18 09:21:15,990.45,354643
2021-06-18 09:21:16,990.3,355254
2021-06-18 09:21:17,989.8,358915
2021-06-18 09:21:19,989.95,359314
2021-06-18 09:21:20,989.8,359434
2021-06-18 09:21:21,989.55,360191
2021-06-18 09:21:21,989.75,360371
2021-06-18 09:21:22,989.2,361433
2021-06-18 09:21:23,989.2,362190
2021-06-18 09:21:24,989.05,363537
2021-06-18 09:21:26,989.75,364705
2021-06-18 09:21:26,989.6,364575
2021-06-18 09:21:27,989.65,365116
2021-06-18 09:21:28,989.2,366022
2021-06-18 09:21:29,989.15,366736
2021-06-18 09:21:30,990.2,371158
2021-06-18 09:21:32,989.95,371605
2021-06-18 09:21:32,989.55,371689
2021-06-18 09:21:33,989.15,373347
2021-06-18 09:21:34,989.45,374585
2021-06-18 09:21:35,989.3,375607
2021-06-18 09:21:36,989.05,376752
2021-06-18 09:21:38,988.6,377409
2021-06-18 09:21:39,989.0,377738
2021-06-18 09:21:39,989.1,377750
2021-06-18 09:21:40,989.0,379085
2021-06-18 09:21:41,989.0,380162
2021-06-18 09:21:42,988.8,380802
2021-06-18 09:21:43,989.35,382713
2021-06-18 09:21:44,989.05,383993
2021-06-18 09:21:45,989.25,384328
2021-06-18 09:21:47,989.05,384736
2021-06-18 09:21:47,989.0,384674
2021-06-18 09:21:48,988.0,386586
2021-06-18 09:21:49,988.05,387224
2021-06-18 09:21:50,988.0,389197
2021-06-18 09:21:51,987.8,390094
2021-06-18 09:21:53,988.25,390325
2021-06-18 09:21:54,988.35,391320
2021-06-18 09:21:55,988.5,391879
2021-06-18 09:21:56,987.95,392844
2021-06-18 09:21:58,988.4,393185
2021-06-18 09:21:59,988.6,394659
2021-06-18 09:22:00,988.5,394841
2021-06-18 09:22:00,988.5,394872
2021-06-18 09:22:01,988.1,395398
2021-06-18 09:22:02,988.5,395786
2021-06-18 09:22:03,988.0,398549
2021-06-18 09:22:04,988.85,402061
2021-06-18 09:22:06,988.4,402625
2021-06-18 09:22:06,988.4,402625
2021-06-18 09:22:07,988.85,402672
2021-06-18 09:22:08,988.85,402747
2021-06-18 09:22:09,988.85,403140
2021-06-18 09:22:10,988.8,405122
2021-06-18 09:22:11,988.55,405554
2021-06-18 09:22:12,988.55,405831
2021-06-18 09:22:13,988.85,405991
2021-06-18 09:22:14,989.0,406408
2021-06-18 09:22:16,988.7,406660
2021-06-18 09:22:17,988.5,407059
2021-06-18 09:22:17,988.5,407059
2021-06-18 09:22:18,988.15,407847
2021-06-18 09:22:19,988.7,408731
2021-06-18 09:22:20,988.95,409202
2021-06-18 09:22:22,988.85,409582
2021-06-18 09:22:23,988.9,409655
2021-06-18 09:22:24,988.7,409868
2021-06-18 09:22:25,988.5,410951
2021-06-18 09:22:27,988.4,411493
2021-06-18 09:22:28,987.8,414417
2021-06-18 09:22:28,987.6,414472
2021-06-18 09:22:29,987.9,416029
2021-06-18 09:22:30,986.9,419695
2021-06-18 09:22:31,987.25,420443
2021-06-18 09:22:32,986.6,421599
2021-06-18 09:22:34,986.85,422347
2021-06-18 09:22:34,987.35,422412
2021-06-18 09:22:35,987.35,423169
2021-06-18 09:22:36,986.75,423465
2021-06-18 09:22:37,986.8,424448
2021-06-18 09:22:38,986.55,424964
2021-06-18 09:22:39,987.0,427152
2021-06-18 09:22:41,986.35,429084
2021-06-18 09:22:42,987.0,429772
2021-06-18 09:22:43,986.95,430825
2021-06-18 09:22:43,986.95,430975
2021-06-18 09:22:44,987.05,431372
2021-06-18 09:22:45,987.1,431575
2021-06-18 09:22:46,986.95,431850
2021-06-18 09:22:48,986.55,432027
2021-06-18 09:22:49,986.45,432629
2021-06-18 09:22:49,986.45,432629
2021-06-18 09:22:50,986.5,432719
2021-06-18 09:22:51,987.0,433359
2021-06-18 09:22:52,986.55,434305
2021-06-18 09:22:53,986.6,434507
2021-06-18 09:22:54,986.1,435526
2021-06-18 09:22:55,986.1,436677
2021-06-18 09:22:56,987.0,437352
2021-06-18 09:22:57,987.0,438229
2021-06-18 09:22:59,986.6,441486
2021-06-18 09:23:00,986.65,441925
2021-06-18 09:23:01,986.7,442195
2021-06-18 09:23:02,986.65,442340
2021-06-18 09:23:03,986.9,442807
2021-06-18 09:23:04,986.6,443199
2021-06-18 09:23:05,986.55,443440
2021-06-18 09:23:06,986.15,444515
2021-06-18 09:23:07,986.1,446778
2021-06-18 09:23:08,986.1,446889
2021-06-18 09:23:09,986.25,448756
2021-06-18 09:23:10,986.25,449000
2021-06-18 09:23:11,986.2,449037
2021-06-18 09:23:12,986.45,449796
2021-06-18 09:23:13,986.4,450381
2021-06-18 09:23:14,986.2,450810
2021-06-18 09:23:15,986.2,452473
2021-06-18 09:23:16,986.5,452716
2021-06-18 09:23:17,986.65,452946
2021-06-18 09:23:18,986.6,453241
2021-06-18 09:23:19,986.3,455005
2021-06-18 09:23:20,986.25,455662
2021-06-18 09:23:21,986.25,455861
2021-06-18 09:23:22,986.1,455891
2021-06-18 09:23:23,986.4,456762
2021-06-18 09:23:25,986.4,457966
2021-06-18 09:23:26,986.3,458526
2021-06-18 09:23:27,986.05,459377
2021-06-18 09:23:28,986.5,459662
2021-06-18 09:23:29,986.45,459923
2021-06-18 09:23:30,986.55,460396
2021-06-18 09:23:31,986.35,460445
2021-06-18 09:23:32,986.5,460545
2021-06-18 09:23:33,986.6,461125
2021-06-18 09:23:34,986.6,461313
2021-06-18 09:23:35,986.5,463028
2021-06-18 09:23:36,986.55,463115
2021-06-18 09:23:37,986.6,463654
2021-06-18 09:23:38,987.3,464302
2021-06-18 09:23:39,986.85,464367
2021-06-18 09:23:40,987.0,465094
2021-06-18 09:23:41,987.15,466191
2021-06-18 09:23:42,987.25,466558
2021-06-18 09:23:43,987.0,466731
2021-06-18 09:23:44,987.25,467145
2021-06-18 09:23:45,987.3,467173
2021-06-18 09:23:46,987.55,467756
2021-06-18 09:23:47,987.45,469936
2021-06-18 09:23:48,987.15,470466
2021-06-18 09:23:49,987.65,472513
2021-06-18 09:23:50,988.1,472684
2021-06-18 09:23:51,987.6,473482
2021-06-18 09:23:52,988.5,474131
2021-06-18 09:23:53,988.15,474152
2021-06-18 09:23:55,988.55,474744
2021-06-18 09:23:54,988.55,474652
2021-06-18 09:23:56,987.95,474988
2021-06-18 09:23:57,988.0,475479
2021-06-18 09:23:58,988.55,475535
2021-06-18 09:23:59,988.55,475936
2021-06-18 09:24:00,988.05,478543
2021-06-18 09:24:01,988.6,478737
2021-06-18 09:24:02,988.5,479098
2021-06-18 09:24:03,988.65,479463
2021-06-18 09:24:04,988.3,479788
2021-06-18 09:24:05,988.0,479988
2021-06-18 09:24:06,988.0,480115
2021-06-18 09:24:07,988.4,481215
2021-06-18 09:24:08,988.4,481497
2021-06-18 09:24:09,988.05,482535
2021-06-18 09:24:10,988.6,482661
2021-06-18 09:24:11,988.25,483934
2021-06-18 09:24:12,988.4,484082
2021-06-18 09:24:13,988.5,484790
2021-06-18 09:24:14,988.4,484815
2021-06-18 09:24:15,988.45,485060
2021-06-18 09:24:16,988.4,485116
2021-06-18 09:24:17,988.5,485289
2021-06-18 09:24:18,988.1,485522
2021-06-18 09:24:19,988.4,485552
2021-06-18 09:24:20,988.95,485756
2021-06-18 09:24:22,988.95,485827
2021-06-18 09:24:23,988.9,485848
2021-06-18 09:24:24,989.0,486055
2021-06-18 09:24:25,989.0,486167
2021-06-18 09:24:26,989.0,486281
2021-06-18 09:24:27,989.0,487518
2021-06-18 09:24:28,989.2,488372
2021-06-18 09:24:29,989.6,488468
2021-06-18 09:24:30,989.6,488723
2021-06-18 09:24:31,989.75,489007
2021-06-18 09:24:32,989.85,489068
2021-06-18 09:24:33,989.7,489113
2021-06-18 09:24:34,989.5,492898
2021-06-18 09:24:35,989.55,493111
2021-06-18 09:24:36,989.95,495075
2021-06-18 09:24:37,989.85,495245
2021-06-18 09:24:38,990.25,495419
2021-06-18 09:24:39,990.25,495974
2021-06-18 09:24:40,990.15,496216
2021-06-18 09:24:41,989.45,499394
2021-06-18 09:24:42,989.55,500042
2021-06-18 09:24:43,989.3,500691
2021-06-18 09:24:44,989.5,501199
2021-06-18 09:24:45,989.45,501414
2021-06-18 09:24:46,989.45,501656
2021-06-18 09:24:47,989.6,502301
2021-06-18 09:24:48,989.6,502356
2021-06-18 09:24:49,989.6,502516
2021-06-18 09:24:50,989.65,502837
2021-06-18 09:24:51,989.45,502927
2021-06-18 09:24:52,989.45,503147
2021-06-18 09:24:52,989.45,503264
2021-06-18 09:24:53,989.6,503502
2021-06-18 09:24:54,989.8,505684
2021-06-18 09:24:55,989.8,505813
2021-06-18 09:24:56,989.8,505924
2021-06-18 09:24:57,989.75,506062
2021-06-18 09:24:58,989.75,506280
2021-06-18 09:24:59,989.1,508204
2021-06-18 09:25:00,988.85,508373
2021-06-18 09:25:01,988.75,508741
2021-06-18 09:25:02,988.75,509010
2021-06-18 09:25:04,989.05,509301
2021-06-18 09:25:05,989.0,510533
2021-06-18 09:25:06,989.05,510759
2021-06-18 09:25:07,989.5,510805
2021-06-18 09:25:08,989.8,510972
2021-06-18 09:25:09,989.8,511065
2021-06-18 09:25:10,989.95,511350
2021-06-18 09:25:11,990.25,512863
2021-06-18 09:25:12,990.5,512967
2021-06-18 09:25:13,990.5,513017
2021-06-18 09:25:14,990.7,514011
2021-06-18 09:25:15,990.25,515075
2021-06-18 09:25:16,990.6,515291
2021-06-18 09:25:17,990.7,515918
2021-06-18 09:25:18,990.7,515966
2021-06-18 09:25:19,990.1,516996
2021-06-18 09:25:20,990.7,517651
2021-06-18 09:25:21,990.55,517919
2021-06-18 09:25:22,990.85,519119
2021-06-18 09:25:23,991.0,519606
2021-06-18 09:25:24,990.7,519781
2021-06-18 09:25:25,991.0,519946
2021-06-18 09:25:26,990.75,520819
2021-06-18 09:25:27,991.0,521049
2021-06-18 09:25:28,990.8,521164
2021-06-18 09:25:29,991.15,521683
2021-06-18 09:25:30,991.2,522346
2021-06-18 09:25:31,990.75,522372
2021-06-18 09:25:32,990.8,522567
2021-06-18 09:25:33,991.0,523599
2021-06-18 09:25:34,991.6,523816
2021-06-18 09:25:35,991.55,525310
2021-06-18 09:25:36,991.25,525494
2021-06-18 09:25:37,991.75,527348
2021-06-18 09:25:38,991.35,528536
2021-06-18 09:25:39,991.75,528711
2021-06-18 09:25:40,992.0,529728
2021-06-18 09:25:41,991.8,530045
2021-06-18 09:25:42,991.35,530126
2021-06-18 09:25:43,991.4,530214
2021-06-18 09:25:44,992.0,530625
2021-06-18 09:25:45,992.1,533985
2021-06-18 09:25:46,991.5,536206
2021-06-18 09:25:47,991.6,536553
2021-06-18 09:25:48,991.35,537426
2021-06-18 09:25:49,991.1,539342
2021-06-18 09:25:50,990.75,540824
2021-06-18 09:25:51,990.6,541018
2021-06-18 09:25:52,990.9,542893
2021-06-18 09:25:53,990.75,543760
2021-06-18 09:25:54,991.05,544365
2021-06-18 09:25:55,990.85,544452
2021-06-18 09:25:56,991.15,544623
2021-06-18 09:25:57,991.5,544987
2021-06-18 09:25:58,991.25,547948
2021-06-18 09:25:59,990.95,548388
2021-06-18 09:26:00,992.9,556822
2021-06-18 09:26:01,991.8,558825
2021-06-18 09:26:02,991.85,559240
2021-06-18 09:26:03,991.8,560715
2021-06-18 09:26:04,991.65,560882
2021-06-18 09:26:05,992.0,561682
2021-06-18 09:26:06,991.75,562037
2021-06-18 09:26:07,991.7,562090
2021-06-18 09:26:08,991.6,562413
2021-06-18 09:26:10,991.45,562909
2021-06-18 09:26:11,991.5,563227
2021-06-18 09:26:12,990.75,566059
2021-06-18 09:26:13,990.6,566652
2021-06-18 09:26:14,990.55,566899
2021-06-18 09:26:15,991.05,567084
2021-06-18 09:26:16,991.45,567559
2021-06-18 09:26:17,991.15,567589
2021-06-18 09:26:18,991.15,567589
2021-06-18 09:26:19,991.0,567618
2021-06-18 09:26:20,991.15,567768
2021-06-18 09:26:21,991.15,567810
2021-06-18 09:26:22,991.15,568352
2021-06-18 09:26:23,991.15,568377
2021-06-18 09:26:24,990.9,569203
2021-06-18 09:26:25,990.65,569543
2021-06-18 09:26:26,990.25,569585
2021-06-18 09:26:27,990.65,569698
2021-06-18 09:26:28,990.45,569782
2021-06-18 09:26:29,990.2,569816
2021-06-18 09:26:30,990.65,569817
2021-06-18 09:26:31,990.75,570032
2021-06-18 09:26:31,990.65,570052
2021-06-18 09:26:32,990.0,570296
2021-06-18 09:26:33,990.4,570321
2021-06-18 09:26:34,990.45,570524
2021-06-18 09:26:35,990.55,570740
2021-06-18 09:26:36,990.65,570818
2021-06-18 09:26:37,990.2,570845
2021-06-18 09:26:38,990.6,570895
2021-06-18 09:26:39,990.9,571210
2021-06-18 09:26:40,991.1,571795
2021-06-18 09:26:42,990.9,571860
2021-06-18 09:26:43,990.95,571871
2021-06-18 09:26:44,991.0,571912
2021-06-18 09:26:45,990.7,571978
2021-06-18 09:26:46,991.0,572068
2021-06-18 09:26:47,991.0,572239
2021-06-18 09:26:48,991.0,572340
2021-06-18 09:26:49,991.0,572677
2021-06-18 09:26:50,990.7,572727
2021-06-18 09:26:51,990.7,572729
2021-06-18 09:26:52,990.95,572739
2021-06-18 09:26:53,991.0,572925
2021-06-18 09:26:53,991.0,572940
2021-06-18 09:26:54,991.0,572946
2021-06-18 09:26:55,990.7,574262
2021-06-18 09:26:56,990.45,574668
2021-06-18 09:26:57,990.95,575221
2021-06-18 09:26:58,990.7,575435
2021-06-18 09:26:59,990.45,575474
2021-06-18 09:27:00,991.0,575577
2021-06-18 09:27:01,990.7,576037
2021-06-18 09:27:02,991.0,576047
2021-06-18 09:27:03,991.0,576160
2021-06-18 09:27:04,991.0,576185
2021-06-18 09:27:05,990.65,576229
2021-06-18 09:27:06,990.65,576229
2021-06-18 09:27:07,990.35,576865
2021-06-18 09:27:08,990.45,577502
2021-06-18 09:27:09,990.35,577643
2021-06-18 09:27:10,990.35,577643
2021-06-18 09:27:11,990.25,578123
2021-06-18 09:27:12,990.6,578141
2021-06-18 09:27:13,990.15,578176
2021-06-18 09:27:14,990.5,578182
2021-06-18 09:27:15,990.55,578282
2021-06-18 09:27:16,990.55,578393
2021-06-18 09:27:17,990.05,583982
2021-06-18 09:27:18,989.85,584199
2021-06-18 09:27:20,990.0,584505
2021-06-18 09:27:21,989.95,584517
2021-06-18 09:27:22,989.85,584578
2021-06-18 09:27:23,989.85,584803
2021-06-18 09:27:24,989.85,584838
2021-06-18 09:27:26,989.95,585347
2021-06-18 09:27:27,989.55,585546
2021-06-18 09:27:28,989.55,585872
2021-06-18 09:27:29,989.55,585922
2021-06-18 09:27:30,989.25,586123
2021-06-18 09:27:31,989.3,586183
2021-06-18 09:27:32,989.25,586289
2021-06-18 09:27:33,989.55,586738
2021-06-18 09:27:34,989.55,587163
2021-06-18 09:27:35,989.55,587168
2021-06-18 09:27:36,989.4,587199
2021-06-18 09:27:37,989.35,587221
2021-06-18 09:27:38,989.95,587378
2021-06-18 09:27:39,989.65,587398
2021-06-18 09:27:40,990.25,588275
2021-06-18 09:27:41,990.0,588871
2021-06-18 09:27:42,990.35,588872
2021-06-18 09:27:43,989.95,589031
2021-06-18 09:27:44,990.1,589348
2021-06-18 09:27:45,989.75,589398
2021-06-18 09:27:46,990.2,589471
2021-06-18 09:27:47,990.0,589546
2021-06-18 09:27:48,990.3,589957
2021-06-18 09:27:49,990.8,590014
2021-06-18 09:27:50,990.8,590049
2021-06-18 09:27:51,990.9,590169
2021-06-18 09:27:52,990.5,590186
2021-06-18 09:27:53,990.4,590278
2021-06-18 09:27:54,990.4,590278
2021-06-18 09:27:55,990.85,590303
2021-06-18 09:27:56,990.85,590422
2021-06-18 09:27:57,990.45,590454
2021-06-18 09:27:58,990.8,590530
2021-06-18 09:27:59,990.45,590535
2021-06-18 09:28:00,990.3,590615
2021-06-18 09:28:01,990.2,590730
2021-06-18 09:28:02,990.2,590730
2021-06-18 09:28:03,989.55,591841
2021-06-18 09:28:04,989.6,591914
2021-06-18 09:28:05,990.15,592015
2021-06-18 09:28:06,989.7,592053
2021-06-18 09:28:07,989.7,592179
2021-06-18 09:28:08,990.15,592217
2021-06-18 09:28:09,990.0,592487
2021-06-18 09:28:10,990.25,592564
2021-06-18 09:28:11,990.25,592606
2021-06-18 09:28:12,990.6,592673
2021-06-18 09:28:13,990.15,593173
2021-06-18 09:28:13,990.2,593228
2021-06-18 09:28:14,990.2,593228
2021-06-18 09:28:15,990.2,593240
2021-06-18 09:28:16,990.75,593255
2021-06-18 09:28:17,990.5,593443
2021-06-18 09:28:18,990.8,593746
2021-06-18 09:28:19,990.65,593771
2021-06-18 09:28:21,990.95,593775
2021-06-18 09:28:22,990.95,593775
2021-06-18 09:28:23,990.25,594775
2021-06-18 09:28:24,990.15,595799
2021-06-18 09:28:25,990.85,595907
2021-06-18 09:28:27,990.6,595987
2021-06-18 09:28:28,990.95,596253
2021-06-18 09:28:29,990.95,596303
2021-06-18 09:28:30,990.95,596323
2021-06-18 09:28:31,990.85,596332
2021-06-18 09:28:32,990.85,596337
2021-06-18 09:28:33,990.95,596347
2021-06-18 09:28:34,990.9,596378
2021-06-18 09:28:35,991.0,596408
2021-06-18 09:28:36,991.15,601037
2021-06-18 09:28:37,991.2,601074
2021-06-18 09:28:38,991.2,601074
2021-06-18 09:28:39,991.15,601094
2021-06-18 09:28:40,991.45,601120
2021-06-18 09:28:41,991.45,601120
2021-06-18 09:28:42,991.55,601570
2021-06-18 09:28:43,991.55,601670
2021-06-18 09:28:44,991.5,601773
2021-06-18 09:28:45,991.45,601883
2021-06-18 09:28:46,991.05,601884
2021-06-18 09:28:47,991.15,601921
2021-06-18 09:28:47,991.15,601921
2021-06-18 09:28:49,991.2,601934
2021-06-18 09:28:50,991.55,602314
2021-06-18 09:28:51,991.5,602347
2021-06-18 09:28:53,991.5,602347
2021-06-18 09:28:54,991.55,602367
2021-06-18 09:28:55,991.85,602417
2021-06-18 09:28:56,992.0,603079
2021-06-18 09:28:57,992.0,603079
2021-06-18 09:28:58,992.0,603279
2021-06-18 09:28:58,991.6,603297
2021-06-18 09:29:00,992.25,604067
2021-06-18 09:29:01,991.6,604318
2021-06-18 09:29:01,992.1,604334
2021-06-18 09:29:03,991.7,604717
2021-06-18 09:29:04,991.65,606121
2021-06-18 09:29:05,991.3,606308
2021-06-18 09:29:06,991.15,606573
2021-06-18 09:29:07,991.35,608050
2021-06-18 09:29:08,991.35,610064
2021-06-18 09:29:09,991.05,610200
2021-06-18 09:29:10,991.05,610900
2021-06-18 09:29:11,991.05,611428
2021-06-18 09:29:12,991.0,611610
2021-06-18 09:29:13,991.0,611611
2021-06-18 09:29:14,991.0,611623
2021-06-18 09:29:15,991.0,611625
2021-06-18 09:29:16,991.3,611725
2021-06-18 09:29:17,992.25,618307
2021-06-18 09:29:18,991.9,618332
2021-06-18 09:29:19,992.3,618335
2021-06-18 09:29:20,992.2,618337
2021-06-18 09:29:21,991.85,618438
2021-06-18 09:29:22,991.9,619035
2021-06-18 09:29:23,992.25,619085
2021-06-18 09:29:24,992.0,619510
2021-06-18 09:29:25,991.5,619532
2021-06-18 09:29:26,991.75,619920
2021-06-18 09:29:27,991.35,620068
2021-06-18 09:29:28,991.4,620168
2021-06-18 09:29:29,991.85,620249
2021-06-18 09:29:30,991.6,620466
2021-06-18 09:29:31,991.35,620489
2021-06-18 09:29:32,991.35,620491
2021-06-18 09:29:33,991.1,620506
2021-06-18 09:29:34,991.3,620724
2021-06-18 09:29:35,991.05,620734
2021-06-18 09:29:36,991.45,621984
2021-06-18 09:29:37,991.45,622014
2021-06-18 09:29:38,991.4,622025
2021-06-18 09:29:39,991.45,622553
2021-06-18 09:29:40,991.45,622603
2021-06-18 09:29:41,991.3,622782
2021-06-18 09:29:42,991.3,622782
2021-06-18 09:29:43,991.65,623621
2021-06-18 09:29:44,991.4,623671
2021-06-18 09:29:45,991.45,623697
2021-06-18 09:29:46,991.45,623704
2021-06-18 09:29:47,991.6,623734
2021-06-18 09:29:48,991.6,623998
2021-06-18 09:29:49,991.6,624072
2021-06-18 09:29:50,991.6,624072
2021-06-18 09:29:51,991.4,624225
2021-06-18 09:29:52,991.6,625199
2021-06-18 09:29:53,991.65,625229
2021-06-18 09:29:54,991.35,625254
2021-06-18 09:29:55,991.35,625254
2021-06-18 09:29:56,991.65,625270
2021-06-18 09:29:57,991.6,625350
2021-06-18 09:30:00,991.2,625707
2021-06-18 09:30:01,991.6,625757
2021-06-18 09:30:03,991.1,625817
2021-06-18 09:30:06,991.5,626303
2021-06-18 09:30:07,991.2,626363
2021-06-18 09:30:08,991.5,626613
2021-06-18 09:30:09,991.2,626628
2021-06-18 09:30:10,991.0,630109
2021-06-18 09:30:11,990.85,630811
2021-06-18 09:30:12,991.05,630839
2021-06-18 09:30:13,991.0,630871
2021-06-18 09:30:14,990.75,631244
2021-06-18 09:30:15,990.85,631506
2021-06-18 09:30:16,990.85,632064
2021-06-18 09:30:17,990.75,632099
2021-06-18 09:30:18,991.0,633377
2021-06-18 09:30:19,990.95,633502
2021-06-18 09:30:20,990.95,633709
2021-06-18 09:30:21,990.95,633711
2021-06-18 09:30:22,991.0,634000
2021-06-18 09:30:23,990.7,634047
2021-06-18 09:30:24,990.7,634320
2021-06-18 09:30:25,990.7,634389
2021-06-18 09:30:26,990.7,634493
2021-06-18 09:30:27,990.25,634710
2021-06-18 09:30:28,990.65,634717
2021-06-18 09:30:29,990.3,634825
2021-06-18 09:30:30,990.2,635282
2021-06-18 09:30:31,990.15,635437
2021-06-18 09:30:32,990.2,635566
2021-06-18 09:30:33,990.25,635922
2021-06-18 09:30:34,990.25,635946
2021-06-18 09:30:35,990.25,636002
2021-06-18 09:30:36,990.5,636022
2021-06-18 09:30:37,990.0,636627
2021-06-18 09:30:38,990.0,636637
2021-06-18 09:30:39,990.0,636719
2021-06-18 09:30:40,990.3,637128
2021-06-18 09:30:41,990.35,637588
2021-06-18 09:30:42,990.35,637605
2021-06-18 09:30:43,990.35,637913
2021-06-18 09:30:44,990.3,638846
2021-06-18 09:30:45,990.3,639033
2021-06-18 09:30:46,990.25,639063
2021-06-18 09:30:47,990.0,639076
2021-06-18 09:30:48,990.25,639404
2021-06-18 09:30:49,990.25,640439
2021-06-18 09:30:50,990.0,640613
2021-06-18 09:30:51,990.0,640673
2021-06-18 09:30:52,990.2,640765
2021-06-18 09:30:53,990.2,640765
2021-06-18 09:30:54,990.2,640845
2021-06-18 09:30:55,989.45,641558
2021-06-18 09:30:56,989.45,641619
2021-06-18 09:30:57,989.9,641624
2021-06-18 09:30:58,989.7,642187
2021-06-18 09:30:59,989.65,642740
2021-06-18 09:31:00,989.45,642743
2021-06-18 09:31:01,989.55,642855
2021-06-18 09:31:02,989.15,642859
2021-06-18 09:31:03,989.15,642885
2021-06-18 09:31:04,989.45,642920
2021-06-18 09:31:05,989.45,642920
2021-06-18 09:31:06,989.25,643406
2021-06-18 09:31:07,989.45,643407
2021-06-18 09:31:08,989.0,644251
2021-06-18 09:31:09,989.3,644590
2021-06-18 09:31:10,988.95,645726
2021-06-18 09:31:11,989.25,646793
2021-06-18 09:31:12,989.25,646928
2021-06-18 09:31:13,989.35,647044
2021-06-18 09:31:14,989.35,647162
2021-06-18 09:31:15,989.25,647328
2021-06-18 09:31:16,988.45,648081
2021-06-18 09:31:17,988.55,648185
2021-06-18 09:31:18,988.85,648378
2021-06-18 09:31:19,988.9,648554
2021-06-18 09:31:21,989.0,648979
2021-06-18 09:31:22,988.75,649070
2021-06-18 09:31:23,989.0,649195
2021-06-18 09:31:24,988.9,649571
2021-06-18 09:31:24,988.9,649471
2021-06-18 09:31:26,988.95,650515
2021-06-18 09:31:27,989.25,651829
2021-06-18 09:31:28,989.0,651921
2021-06-18 09:31:29,989.5,652284
2021-06-18 09:31:29,989.95,652484
2021-06-18 09:31:30,989.95,652484
2021-06-18 09:31:31,990.0,652581
2021-06-18 09:31:32,990.0,652581
2021-06-18 09:31:33,989.7,652681
2021-06-18 09:31:34,989.65,652692
2021-06-18 09:31:35,989.65,652710
2021-06-18 09:31:36,989.15,652855
2021-06-18 09:31:37,989.3,653425
2021-06-18 09:31:38,989.7,653560
2021-06-18 09:31:40,989.35,653667
2021-06-18 09:31:39,989.5,653633
2021-06-18 09:31:41,989.0,653697
2021-06-18 09:31:42,989.35,653832
2021-06-18 09:31:43,989.35,653882
2021-06-18 09:31:44,989.0,654317
2021-06-18 09:31:45,989.35,654526
2021-06-18 09:31:46,989.5,654606
2021-06-18 09:31:47,989.3,654641
2021-06-18 09:31:48,989.5,654705
2021-06-18 09:31:49,989.5,654766
2021-06-18 09:31:50,989.45,654767
2021-06-18 09:31:51,989.45,654767
2021-06-18 09:31:52,989.45,654777
2021-06-18 09:31:53,989.45,654778
2021-06-18 09:31:54,989.35,654878
2021-06-18 09:31:56,989.1,655345
2021-06-18 09:31:57,989.4,655418
2021-06-18 09:31:58,989.1,655481
2021-06-18 09:31:59,989.4,655640
2021-06-18 09:32:00,989.4,656153
2021-06-18 09:32:01,989.4,656153
2021-06-18 09:32:01,989.4,656153
2021-06-18 09:32:02,989.4,656294
2021-06-18 09:32:03,989.3,656307
2021-06-18 09:32:04,989.4,656541
2021-06-18 09:32:05,989.35,656565
2021-06-18 09:32:06,989.35,656565
2021-06-18 09:32:07,989.35,656565
2021-06-18 09:32:08,989.3,656715
2021-06-18 09:32:09,989.05,656756
2021-06-18 09:32:10,989.3,656766
2021-06-18 09:32:11,989.05,656869
2021-06-18 09:32:12,989.05,657278
2021-06-18 09:32:13,989.05,657617
2021-06-18 09:32:14,989.0,657662
2021-06-18 09:32:15,989.0,657762
2021-06-18 09:32:16,989.0,657788
2021-06-18 09:32:17,989.0,657813
2021-06-18 09:32:19,989.1,657915
2021-06-18 09:32:20,989.0,658441
2021-06-18 09:32:21,988.65,661624
2021-06-18 09:32:22,988.55,661915
2021-06-18 09:32:23,988.15,662111
2021-06-18 09:32:24,988.4,662119
2021-06-18 09:32:25,988.0,662802
2021-06-18 09:32:26,988.4,662825
2021-06-18 09:32:27,988.45,662950
2021-06-18 09:32:28,988.45,663088
2021-06-18 09:32:28,988.45,663088
2021-06-18 09:32:29,988.4,663098
2021-06-18 09:32:30,988.45,663124
2021-06-18 09:32:31,988.5,663334
2021-06-18 09:32:32,988.5,663340
2021-06-18 09:32:33,988.5,663340
2021-06-18 09:32:34,988.0,664163
2021-06-18 09:32:35,988.0,665197
2021-06-18 09:32:37,988.3,665649
2021-06-18 09:32:37,988.3,665649
2021-06-18 09:32:38,988.0,666449
2021-06-18 09:32:39,988.0,666994
2021-06-18 09:32:41,988.2,667054
2021-06-18 09:32:43,988.0,667400
2021-06-18 09:32:44,987.9,668773
2021-06-18 09:32:45,988.0,668993
2021-06-18 09:32:47,987.9,669427
2021-06-18 09:32:48,987.75,669846
2021-06-18 09:32:50,987.25,670271
2021-06-18 09:32:51,987.0,670947
2021-06-18 09:32:52,987.0,671171
2021-06-18 09:32:53,987.4,671603
2021-06-18 09:32:54,987.5,671774
2021-06-18 09:32:55,987.65,671910
2021-06-18 09:32:56,987.6,671950
2021-06-18 09:32:57,987.6,671950
2021-06-18 09:32:58,987.85,672012
2021-06-18 09:33:00,987.6,672023
2021-06-18 09:33:01,987.85,672128
2021-06-18 09:33:02,987.9,672342
2021-06-18 09:33:03,987.35,672438
2021-06-18 09:33:04,987.6,672464
2021-06-18 09:33:05,987.6,672469
2021-06-18 09:33:06,987.4,673450
2021-06-18 09:33:07,987.0,673619
2021-06-18 09:33:08,987.4,673631
2021-06-18 09:33:08,987.4,673631
2021-06-18 09:33:09,987.35,673893
2021-06-18 09:33:10,987.0,673915
2021-06-18 09:33:11,987.1,673951
2021-06-18 09:33:12,987.0,674010
2021-06-18 09:33:14,987.25,676825
2021-06-18 09:33:15,986.9,677584
2021-06-18 09:33:17,987.4,678035
2021-06-18 09:33:18,987.0,678270
2021-06-18 09:33:19,986.85,678428
2021-06-18 09:33:20,987.0,678815
2021-06-18 09:33:21,986.95,678987
2021-06-18 09:33:22,986.85,679528
2021-06-18 09:33:23,986.85,679557
2021-06-18 09:33:24,986.7,680559
2021-06-18 09:33:25,986.7,680777
2021-06-18 09:33:26,986.7,680967
2021-06-18 09:33:27,986.5,681489
2021-06-18 09:33:28,986.5,681583
2021-06-18 09:33:29,986.3,681897
2021-06-18 09:33:31,986.55,681939
2021-06-18 09:33:33,986.05,684248
2021-06-18 09:33:34,986.1,684399
2021-06-18 09:33:35,986.3,686690
2021-06-18 09:33:36,986.3,687098
2021-06-18 09:33:37,986.0,687139
2021-06-18 09:33:38,986.0,687403
2021-06-18 09:33:39,985.7,688219
2021-06-18 09:33:40,985.65,688468
2021-06-18 09:33:41,985.65,688753
2021-06-18 09:33:42,985.75,689482
2021-06-18 09:33:42,985.75,689482
2021-06-18 09:33:43,986.05,689633
2021-06-18 09:33:44,986.2,689882
2021-06-18 09:33:45,985.8,690176
2021-06-18 09:33:46,985.7,690284
2021-06-18 09:33:47,985.6,690366
2021-06-18 09:33:48,985.8,690436
2021-06-18 09:33:50,986.0,690996
2021-06-18 09:33:51,985.55,691007
2021-06-18 09:33:52,985.4,691422
2021-06-18 09:33:53,985.25,691776
2021-06-18 09:33:54,985.1,692582
2021-06-18 09:33:55,985.0,702913
2021-06-18 09:33:56,984.95,703037
2021-06-18 09:33:57,985.1,703949
2021-06-18 09:33:59,984.7,704239
2021-06-18 09:33:59,984.65,704657
2021-06-18 09:34:00,985.0,705237
2021-06-18 09:34:01,984.65,705249
2021-06-18 09:34:02,984.55,705576
2021-06-18 09:34:04,984.9,706088
2021-06-18 09:34:05,984.35,706619
2021-06-18 09:34:06,984.9,707004
2021-06-18 09:34:07,984.3,707355
2021-06-18 09:34:08,984.65,707487
2021-06-18 09:34:09,984.85,707584
2021-06-18 09:34:09,984.85,707607
2021-06-18 09:34:10,984.65,707912
2021-06-18 09:34:11,984.65,707927
2021-06-18 09:34:12,984.65,708138
2021-06-18 09:34:13,984.65,708203
2021-06-18 09:34:14,984.85,708265
2021-06-18 09:34:15,984.65,708654
2021-06-18 09:34:16,984.8,708956
2021-06-18 09:34:17,985.0,708976
2021-06-18 09:34:18,985.25,710292
2021-06-18 09:34:19,985.35,710635
2021-06-18 09:34:20,985.35,710862
2021-06-18 09:34:22,985.35,710953
2021-06-18 09:34:23,985.9,711037
2021-06-18 09:34:24,986.0,711657
2021-06-18 09:34:25,985.9,712017
2021-06-18 09:34:26,986.0,713194
2021-06-18 09:34:27,986.3,714108
2021-06-18 09:34:27,986.3,714108
2021-06-18 09:34:28,986.5,716113
2021-06-18 09:34:29,985.95,716823
2021-06-18 09:34:30,985.6,717081
2021-06-18 09:34:31,985.8,717849
2021-06-18 09:34:32,985.85,717983
2021-06-18 09:34:33,985.35,717987
2021-06-18 09:34:34,985.25,718045
2021-06-18 09:34:35,985.15,718305
2021-06-18 09:34:36,985.7,718410
2021-06-18 09:34:37,985.75,718567
2021-06-18 09:34:38,985.75,718567
2021-06-18 09:34:39,985.6,718593
2021-06-18 09:34:41,985.0,720001
2021-06-18 09:34:42,984.65,720265
2021-06-18 09:34:43,984.65,720329
2021-06-18 09:34:44,984.6,720594
2021-06-18 09:34:45,985.0,720599
2021-06-18 09:34:46,985.05,720704
2021-06-18 09:34:47,985.0,721033
2021-06-18 09:34:48,985.0,721119
2021-06-18 09:34:49,985.7,721168
2021-06-18 09:34:50,985.55,722663
2021-06-18 09:34:50,985.15,722680
2021-06-18 09:34:51,985.15,722680
2021-06-18 09:34:52,985.15,722724
2021-06-18 09:34:53,985.05,722780
2021-06-18 09:34:54,985.2,722897
2021-06-18 09:34:55,985.15,723128
2021-06-18 09:34:56,985.65,724687
2021-06-18 09:34:58,985.85,724747
2021-06-18 09:34:59,986.1,725227
2021-06-18 09:35:00,985.4,725940
2021-06-18 09:35:01,985.15,726125
2021-06-18 09:35:01,985.15,726125
2021-06-18 09:35:02,985.15,726416
2021-06-18 09:35:03,985.55,726681
2021-06-18 09:35:04,985.6,727112
2021-06-18 09:35:05,985.15,727113
2021-06-18 09:35:06,985.15,727249
2021-06-18 09:35:07,985.25,727421
2021-06-18 09:35:08,985.0,728171
2021-06-18 09:35:09,985.5,728224
2021-06-18 09:35:10,985.05,728324
2021-06-18 09:35:12,985.5,728385
2021-06-18 09:35:13,985.15,728395
2021-06-18 09:35:14,985.15,728396
2021-06-18 09:35:15,985.0,728768
2021-06-18 09:35:15,985.0,728768
2021-06-18 09:35:16,985.25,728784
2021-06-18 09:35:17,985.1,729068
2021-06-18 09:35:18,985.05,729093
2021-06-18 09:35:19,985.05,729241
2021-06-18 09:35:20,985.1,729269
2021-06-18 09:35:21,985.4,729274
2021-06-18 09:35:23,985.4,729282
2021-06-18 09:35:24,985.15,729394
2021-06-18 09:35:25,985.35,729404
2021-06-18 09:35:26,985.2,729406
2021-06-18 09:35:26,985.2,729406
2021-06-18 09:35:27,985.45,729456
2021-06-18 09:35:28,985.4,729803
2021-06-18 09:35:29,985.15,729855
2021-06-18 09:35:30,985.0,730943
2021-06-18 09:35:31,985.0,730943
2021-06-18 09:35:32,985.0,731558
2021-06-18 09:35:33,985.15,731881
2021-06-18 09:35:34,985.0,732882
2021-06-18 09:35:35,984.5,736972
2021-06-18 09:35:36,984.8,737047
2021-06-18 09:35:37,984.75,737687
2021-06-18 09:35:38,984.5,738353
2021-06-18 09:35:39,984.5,738414
2021-06-18 09:35:40,984.95,738829
2021-06-18 09:35:42,984.45,738974
2021-06-18 09:35:43,984.5,739233
2021-06-18 09:35:44,984.5,739436
2021-06-18 09:35:45,984.1,739826
2021-06-18 09:35:46,984.05,741161
2021-06-18 09:35:47,984.0,743105
2021-06-18 09:35:48,984.4,744121
2021-06-18 09:35:49,984.0,744552
2021-06-18 09:35:50,983.9,745158
2021-06-18 09:35:51,984.2,746519
2021-06-18 09:35:52,983.9,746704
2021-06-18 09:35:53,983.85,747079
2021-06-18 09:35:53,984.0,747279
2021-06-18 09:35:55,983.65,747913
2021-06-18 09:35:57,983.65,748450
2021-06-18 09:35:58,983.4,748976
2021-06-18 09:35:59,983.35,749505
2021-06-18 09:36:00,983.3,749910
2021-06-18 09:36:01,982.05,753472
2021-06-18 09:36:02,982.0,756329
2021-06-18 09:36:03,981.1,757593
2021-06-18 09:36:04,981.0,759857
2021-06-18 09:36:04,981.25,760615
2021-06-18 09:36:05,980.7,761690
2021-06-18 09:36:06,981.0,763121
2021-06-18 09:36:07,981.0,763374
2021-06-18 09:36:08,980.45,764454
2021-06-18 09:36:09,980.4,765334
2021-06-18 09:36:10,980.1,767240
2021-06-18 09:36:11,980.45,767850
2021-06-18 09:36:13,980.3,769422
2021-06-18 09:36:13,980.55,769851
2021-06-18 09:36:14,980.7,771026
2021-06-18 09:36:15,981.0,771524
2021-06-18 09:36:16,980.6,771783
2021-06-18 09:36:17,980.95,775806
2021-06-18 09:36:18,981.0,776124
2021-06-18 09:36:20,981.05,776386
2021-06-18 09:36:21,980.75,777181
2021-06-18 09:36:22,980.65,777440
2021-06-18 09:36:23,980.65,777872
2021-06-18 09:36:24,981.2,778796
2021-06-18 09:36:25,980.65,779543
2021-06-18 09:36:26,981.0,779669
2021-06-18 09:36:26,981.0,779669
2021-06-18 09:36:27,980.6,780204
2021-06-18 09:36:28,980.55,780817
2021-06-18 09:36:29,981.0,781300
2021-06-18 09:36:30,980.8,781767
2021-06-18 09:36:31,981.2,782679
2021-06-18 09:36:32,981.0,783052
2021-06-18 09:36:33,981.65,783664
2021-06-18 09:36:34,981.2,784272
2021-06-18 09:36:35,981.2,784982
2021-06-18 09:36:36,980.85,785116
2021-06-18 09:36:37,981.25,785921
2021-06-18 09:36:39,981.2,786472
2021-06-18 09:36:40,981.15,787107
2021-06-18 09:36:41,981.5,787313
2021-06-18 09:36:42,981.05,787737
2021-06-18 09:36:43,981.55,788097
2021-06-18 09:36:44,981.0,788207
2021-06-18 09:36:45,981.75,788900
2021-06-18 09:36:46,981.4,789033
2021-06-18 09:36:47,981.5,789282
2021-06-18 09:36:47,981.5,789282
2021-06-18 09:36:48,981.1,789554
2021-06-18 09:36:49,981.0,789989
2021-06-18 09:36:50,981.0,790044
2021-06-18 09:36:52,981.15,790433
2021-06-18 09:36:53,981.4,792539
2021-06-18 09:36:54,981.0,793220
2021-06-18 09:36:55,981.6,796440
2021-06-18 09:36:56,982.35,797443
2021-06-18 09:36:57,982.15,797773
2021-06-18 09:36:58,981.6,798100
2021-06-18 09:36:58,981.35,798168
2021-06-18 09:36:59,981.4,799035
2021-06-18 09:37:00,981.1,799303
2021-06-18 09:37:02,981.5,799711
2021-06-18 09:37:03,981.15,799862
2021-06-18 09:37:04,981.4,800230
2021-06-18 09:37:05,981.4,800439
2021-06-18 09:37:06,981.2,800645
2021-06-18 09:37:07,981.2,800846
2021-06-18 09:37:08,981.2,800980
2021-06-18 09:37:09,980.6,804695
2021-06-18 09:37:10,981.05,805251
2021-06-18 09:37:11,981.05,806177
2021-06-18 09:37:12,980.6,806376
2021-06-18 09:37:13,980.65,807080
2021-06-18 09:37:14,980.1,807522
2021-06-18 09:37:15,980.1,808031
2021-06-18 09:37:16,980.0,812991
2021-06-18 09:37:17,980.45,813147
2021-06-18 09:37:17,980.55,813291
2021-06-18 09:37:18,980.0,814008
2021-06-18 09:37:19,980.0,814774
2021-06-18 09:37:20,980.0,815464
2021-06-18 09:37:22,980.4,815743
2021-06-18 09:37:23,980.0,816078
2021-06-18 09:37:24,980.15,816186
2021-06-18 09:37:25,980.65,816963
2021-06-18 09:37:26,980.6,817141
2021-06-18 09:37:27,980.45,817601
2021-06-18 09:37:28,980.6,818087
2021-06-18 09:37:29,980.5,818396
2021-06-18 09:37:30,980.55,818683
2021-06-18 09:37:31,980.65,818753
2021-06-18 09:37:32,980.55,820176
2021-06-18 09:37:33,980.15,821302
2021-06-18 09:37:34,980.35,822619
2021-06-18 09:37:35,980.3,823059
2021-06-18 09:37:36,980.7,823160
2021-06-18 09:37:36,980.7,823160
2021-06-18 09:37:37,980.5,823524
2021-06-18 09:37:39,980.55,826440
2021-06-18 09:37:40,980.75,829439
2021-06-18 09:37:41,980.35,829596
2021-06-18 09:37:42,980.3,829755
2021-06-18 09:37:43,980.8,829878
2021-06-18 09:37:44,980.5,829931
2021-06-18 09:37:45,980.5,830036
2021-06-18 09:37:46,980.45,830455
2021-06-18 09:37:47,980.45,830783
2021-06-18 09:37:48,980.65,830828
2021-06-18 09:37:49,980.65,831443
2021-06-18 09:37:49,980.5,831478
2021-06-18 09:37:50,980.5,831684
2021-06-18 09:37:51,980.5,831895
2021-06-18 09:37:53,980.9,832107
2021-06-18 09:37:54,980.75,832208
2021-06-18 09:37:55,980.8,832300
2021-06-18 09:37:56,980.85,832461
2021-06-18 09:37:56,980.8,832506
2021-06-18 09:37:58,980.9,832758
2021-06-18 09:37:59,980.95,833012
2021-06-18 09:38:00,980.85,833143
2021-06-18 09:38:01,980.75,834545
2021-06-18 09:38:02,980.5,834737
2021-06-18 09:38:02,980.5,834737
2021-06-18 09:38:05,980.5,835928
2021-06-18 09:38:06,980.2,836970
2021-06-18 09:38:07,980.55,837120
2021-06-18 09:38:08,980.25,837477
2021-06-18 09:38:09,980.65,837648
2021-06-18 09:38:10,980.15,837928
2021-06-18 09:38:11,980.35,838205
2021-06-18 09:38:12,980.35,838437
2021-06-18 09:38:13,980.35,838606
2021-06-18 09:38:14,980.15,838723
2021-06-18 09:38:14,980.35,838733
2021-06-18 09:38:16,980.5,839079
2021-06-18 09:38:17,980.35,839244
2021-06-18 09:38:18,980.15,839705
2021-06-18 09:38:19,980.2,839898
2021-06-18 09:38:20,980.5,845429
2021-06-18 09:38:21,980.5,845569
2021-06-18 09:38:21,980.25,845500
2021-06-18 09:38:22,980.8,845647
2021-06-18 09:38:23,980.85,846449
2021-06-18 09:38:25,981.4,846720
2021-06-18 09:38:26,981.0,846944
2021-06-18 09:38:27,981.8,847890
2021-06-18 09:38:28,981.8,848346
2021-06-18 09:38:28,981.75,848396
2021-06-18 09:38:29,981.9,849046
2021-06-18 09:38:31,981.05,849494
2021-06-18 09:38:32,981.5,849610
2021-06-18 09:38:33,981.15,850090
2021-06-18 09:38:34,981.75,850263
2021-06-18 09:38:35,981.75,851194
2021-06-18 09:38:36,981.5,851511
2021-06-18 09:38:37,981.75,851756
2021-06-18 09:38:38,981.9,851876
2021-06-18 09:38:39,982.5,853475
2021-06-18 09:38:40,984.3,857155
2021-06-18 09:38:40,984.3,857155
2021-06-18 09:38:41,984.3,857263
2021-06-18 09:38:43,984.05,857421
2021-06-18 09:38:44,984.8,858373
2021-06-18 09:38:45,985.3,860720
2021-06-18 09:38:46,985.1,861384
2021-06-18 09:38:47,985.3,861740
2021-06-18 09:38:47,985.0,861862
2021-06-18 09:38:49,985.35,862715
2021-06-18 09:38:50,985.3,864808
2021-06-18 09:38:53,985.3,865145
2021-06-18 09:38:53,985.45,865245
2021-06-18 09:38:54,985.3,865396
2021-06-18 09:38:55,985.3,865667
2021-06-18 09:38:57,985.5,866572
2021-06-18 09:38:58,985.5,866864
2021-06-18 09:38:59,985.4,867579
2021-06-18 09:39:00,985.5,868259
2021-06-18 09:39:00,985.5,868259
2021-06-18 09:39:02,985.5,868636
2021-06-18 09:39:03,985.85,869652
2021-06-18 09:39:04,986.05,872164
2021-06-18 09:39:05,986.0,872314
2021-06-18 09:39:06,985.7,873417
2021-06-18 09:39:06,985.7,873417
2021-06-18 09:39:08,986.3,873644
2021-06-18 09:39:09,985.4,878729
2021-06-18 09:39:10,985.75,878809
2021-06-18 09:39:11,985.4,880481
2021-06-18 09:39:12,985.3,880538
2021-06-18 09:39:13,985.05,880723
2021-06-18 09:39:14,984.55,882125
2021-06-18 09:39:15,984.6,882338
2021-06-18 09:39:16,984.8,882464
2021-06-18 09:39:16,984.8,882464
2021-06-18 09:39:17,984.85,882789
2021-06-18 09:39:18,984.8,882958
2021-06-18 09:39:20,985.0,883118
2021-06-18 09:39:21,985.0,883197
2021-06-18 09:39:22,985.0,884519
2021-06-18 09:39:23,985.25,884659
2021-06-18 09:39:24,985.3,884719
2021-06-18 09:39:24,985.25,884819
2021-06-18 09:39:26,985.5,885279
2021-06-18 09:39:27,985.15,885483
2021-06-18 09:39:28,984.75,886005
2021-06-18 09:39:29,985.0,886075
2021-06-18 09:39:30,985.0,886261
2021-06-18 09:39:30,984.9,886355
2021-06-18 09:39:32,984.9,886355
2021-06-18 09:39:33,984.45,886620
2021-06-18 09:39:34,983.35,888475
2021-06-18 09:39:35,983.6,888609
2021-06-18 09:39:36,984.05,888643
2021-06-18 09:39:36,984.05,888643
2021-06-18 09:39:37,983.45,888719
2021-06-18 09:39:39,983.45,888719
2021-06-18 09:39:40,983.55,888730
2021-06-18 09:39:41,983.5,889453
2021-06-18 09:39:42,983.0,889943
2021-06-18 09:39:43,983.55,891009
2021-06-18 09:39:45,983.45,891164
2021-06-18 09:39:45,983.45,891164
2021-06-18 09:39:46,983.5,891185
2021-06-18 09:39:47,983.1,891400
2021-06-18 09:39:49,983.0,891736
2021-06-18 09:39:50,983.5,891871
2021-06-18 09:39:51,983.0,891872
2021-06-18 09:39:52,983.25,891923
2021-06-18 09:39:53,983.25,891926
2021-06-18 09:39:54,982.7,892629
2021-06-18 09:39:56,982.5,892758
2021-06-18 09:39:57,982.5,892826
2021-06-18 09:39:58,982.5,892829
2021-06-18 09:39:59,982.5,892838
2021-06-18 09:40:00,982.2,893022
2021-06-18 09:40:01,982.75,893172
2021-06-18 09:40:02,982.5,893596
2021-06-18 09:40:03,982.65,894077
2021-06-18 09:40:04,982.8,894145
2021-06-18 09:40:06,982.8,894166
2021-06-18 09:40:05,982.8,894158
2021-06-18 09:40:07,982.65,894192
2021-06-18 09:40:08,982.45,894835
2021-06-18 09:40:09,982.45,894880
2021-06-18 09:40:10,982.35,894907
2021-06-18 09:40:11,982.35,894945
2021-06-18 09:40:12,982.2,895032
2021-06-18 09:40:14,982.3,895258
2021-06-18 09:40:13,982.2,895045
2021-06-18 09:40:15,982.3,895412
2021-06-18 09:40:16,982.3,895652
2021-06-18 09:40:17,982.0,898205
2021-06-18 09:40:18,981.5,898666
2021-06-18 09:40:19,981.85,899111
2021-06-18 09:40:20,981.2,900111
2021-06-18 09:40:21,981.5,900126
2021-06-18 09:40:22,981.5,900156
2021-06-18 09:40:23,981.5,901094
2021-06-18 09:40:24,982.0,901136
2021-06-18 09:40:25,981.9,901153
2021-06-18 09:40:26,981.9,901153
2021-06-18 09:40:27,981.9,901284
2021-06-18 09:40:28,981.85,901486
2021-06-18 09:40:29,981.45,902391
2021-06-18 09:40:30,981.5,902494
2021-06-18 09:40:31,981.5,902494
2021-06-18 09:40:32,981.9,902504
2021-06-18 09:40:33,981.45,903184
2021-06-18 09:40:34,981.45,903184
2021-06-18 09:40:35,981.95,903223
2021-06-18 09:40:36,981.95,903232
2021-06-18 09:40:37,981.95,903282
2021-06-18 09:40:38,981.7,903292
2021-06-18 09:40:39,981.9,903792
2021-06-18 09:40:40,981.9,903792
2021-06-18 09:40:41,982.4,904914
2021-06-18 09:40:42,982.3,905375
2021-06-18 09:40:43,982.0,905400
2021-06-18 09:40:44,982.4,906172
2021-06-18 09:40:45,982.45,906173
2021-06-18 09:40:46,982.75,906260
2021-06-18 09:40:47,982.9,906777
2021-06-18 09:40:49,982.9,906891
2021-06-18 09:40:48,982.9,906891
2021-06-18 09:40:50,982.8,906911
2021-06-18 09:40:51,982.75,907087
2021-06-18 09:40:52,982.7,907512
2021-06-18 09:40:53,982.7,907513
2021-06-18 09:40:54,982.7,907515
2021-06-18 09:40:55,982.5,907540
2021-06-18 09:40:56,982.5,907931
2021-06-18 09:40:57,982.5,907931
2021-06-18 09:40:58,982.5,908001
2021-06-18 09:40:59,982.5,908002
2021-06-18 09:41:00,982.5,908037
2021-06-18 09:41:01,982.8,909095
2021-06-18 09:41:02,982.3,909145
2021-06-18 09:41:03,982.3,909675
2021-06-18 09:41:04,982.55,909837
2021-06-18 09:41:05,982.55,909837
2021-06-18 09:41:06,982.9,910792
2021-06-18 09:41:07,983.45,913259
2021-06-18 09:41:08,983.5,913279
2021-06-18 09:41:09,983.85,914328
2021-06-18 09:41:10,983.8,914330
2021-06-18 09:41:11,983.8,914630
2021-06-18 09:41:12,983.8,914630
2021-06-18 09:41:13,983.2,914955
2021-06-18 09:41:14,983.2,914955
2021-06-18 09:41:15,983.5,915055
2021-06-18 09:41:16,983.5,915055
2021-06-18 09:41:17,983.35,915137
2021-06-18 09:41:19,983.5,915182
2021-06-18 09:41:18,983.5,915182
2021-06-18 09:41:20,983.5,915182
2021-06-18 09:41:21,983.5,915602
2021-06-18 09:41:22,983.4,915624
2021-06-18 09:41:23,983.55,915724
2021-06-18 09:41:24,983.45,916225
2021-06-18 09:41:25,983.6,916245
2021-06-18 09:41:26,982.9,919968
2021-06-18 09:41:27,982.85,920019
2021-06-18 09:41:28,982.7,920344
2021-06-18 09:41:29,982.7,920354
2021-06-18 09:41:30,982.95,921074
2021-06-18 09:41:31,982.55,921085
2021-06-18 09:41:32,982.95,921090
2021-06-18 09:41:33,982.95,921090
2021-06-18 09:41:34,982.95,921140
2021-06-18 09:41:35,982.75,921190
2021-06-18 09:41:36,982.95,921206
2021-06-18 09:41:37,982.95,921206
2021-06-18 09:41:38,982.6,921259
2021-06-18 09:41:39,982.6,921314
2021-06-18 09:41:40,982.6,921314
2021-06-18 09:41:41,982.55,921324
2021-06-18 09:41:42,982.7,921837
2021-06-18 09:41:43,982.7,921837
2021-06-18 09:41:44,982.7,921947
2021-06-18 09:41:45,982.7,921967
2021-06-18 09:41:46,982.7,921967
2021-06-18 09:41:47,982.95,922967
2021-06-18 09:41:48,982.95,922987
2021-06-18 09:41:49,983.0,923507
2021-06-18 09:41:50,983.0,923507
2021-06-18 09:41:51,983.0,923908
2021-06-18 09:41:52,983.0,923908
2021-06-18 09:41:53,983.0,923908
2021-06-18 09:41:54,983.0,923978
2021-06-18 09:41:55,983.0,924123
2021-06-18 09:41:56,983.2,924207
2021-06-18 09:41:57,983.35,924209
2021-06-18 09:41:59,983.55,924210
2021-06-18 09:41:58,983.55,924210
2021-06-18 09:42:00,983.55,924210
2021-06-18 09:42:01,983.35,924236
2021-06-18 09:42:02,984.0,924400
2021-06-18 09:42:03,984.0,924400
2021-06-18 09:42:04,984.0,924400
2021-06-18 09:42:05,984.0,924404
2021-06-18 09:42:07,984.25,925807
2021-06-18 09:42:08,983.8,925970
2021-06-18 09:42:09,984.4,926141
2021-06-18 09:42:10,984.0,926142
2021-06-18 09:42:11,983.7,926152
2021-06-18 09:42:13,984.15,926210
2021-06-18 09:42:13,984.15,926210
2021-06-18 09:42:14,983.75,926225
2021-06-18 09:42:15,983.75,926226
2021-06-18 09:42:16,983.5,926531
2021-06-18 09:42:17,983.5,926531
2021-06-18 09:42:18,983.75,926532
2021-06-18 09:42:19,983.75,926532
2021-06-18 09:42:21,983.75,926607
2021-06-18 09:42:21,983.75,926607
2021-06-18 09:42:22,983.6,926660
2021-06-18 09:42:23,983.75,926715
2021-06-18 09:42:24,984.0,926771
2021-06-18 09:42:25,983.75,927076
2021-06-18 09:42:27,984.0,927215
2021-06-18 09:42:27,983.9,927157
2021-06-18 09:42:28,983.9,927255
2021-06-18 09:42:29,983.9,927294
2021-06-18 09:42:30,984.0,927297
2021-06-18 09:42:31,984.0,927297
2021-06-18 09:42:32,984.0,927453
2021-06-18 09:42:34,983.75,927795
2021-06-18 09:42:34,983.75,927795
2021-06-18 09:42:35,984.0,927799
2021-06-18 09:42:36,984.0,927799
2021-06-18 09:42:37,983.3,928374
2021-06-18 09:42:38,983.3,928403
2021-06-18 09:42:39,983.35,928571
2021-06-18 09:42:40,983.35,928601
2021-06-18 09:42:42,983.35,928601
2021-06-18 09:42:43,983.35,928611
2021-06-18 09:42:43,983.35,928611
2021-06-18 09:42:44,983.25,928618
2021-06-18 09:42:45,983.55,928818
2021-06-18 09:42:46,983.4,928843
2021-06-18 09:42:47,983.05,929350
2021-06-18 09:42:48,983.5,929365
2021-06-18 09:42:49,983.0,930015
2021-06-18 09:42:50,983.05,930165
2021-06-18 09:42:51,983.35,930166
2021-06-18 09:42:52,983.35,930166
2021-06-18 09:42:54,983.6,930201
2021-06-18 09:42:55,983.6,930426
2021-06-18 09:42:56,983.5,930457
2021-06-18 09:42:56,983.2,930547
2021-06-18 09:42:57,983.0,930828
2021-06-18 09:42:58,982.9,931100
2021-06-18 09:42:59,982.6,931127
2021-06-18 09:43:00,982.45,931349
2021-06-18 09:43:01,982.4,931359
2021-06-18 09:43:03,982.45,931379
2021-06-18 09:43:04,982.45,931438
2021-06-18 09:43:05,982.45,931458
2021-06-18 09:43:06,982.25,931555
2021-06-18 09:43:07,983.0,931626
2021-06-18 09:43:08,982.65,932001
2021-06-18 09:43:09,982.65,932001
2021-06-18 09:43:10,983.0,932158
2021-06-18 09:43:11,982.5,932187
2021-06-18 09:43:11,982.5,932187
2021-06-18 09:43:12,982.45,932237
2021-06-18 09:43:13,982.35,932937
2021-06-18 09:43:15,982.45,932960
2021-06-18 09:43:15,982.5,932950
2021-06-18 09:43:16,982.8,932972
2021-06-18 09:43:17,982.8,932977
2021-06-18 09:43:18,982.65,932981
2021-06-18 09:43:19,982.7,933004
2021-06-18 09:43:20,982.7,933104
2021-06-18 09:43:21,982.5,933254
2021-06-18 09:43:22,982.1,933476
2021-06-18 09:43:23,982.6,933534
2021-06-18 09:43:24,982.4,935079
2021-06-18 09:43:25,982.0,935279
2021-06-18 09:43:26,982.0,935293
2021-06-18 09:43:27,982.0,935309
2021-06-18 09:43:28,981.6,938210
2021-06-18 09:43:29,981.85,938623
2021-06-18 09:43:30,981.95,939983
2021-06-18 09:43:31,981.5,939989
2021-06-18 09:43:32,981.5,939989
2021-06-18 09:43:33,981.15,940670
2021-06-18 09:43:34,981.2,940672
2021-06-18 09:43:35,981.2,940672
2021-06-18 09:43:36,981.45,941244
2021-06-18 09:43:37,981.5,941599
2021-06-18 09:43:38,981.7,941801
2021-06-18 09:43:39,981.7,941801
2021-06-18 09:43:40,981.35,942945
2021-06-18 09:43:41,981.35,942945
2021-06-18 09:43:42,981.9,943035
2021-06-18 09:43:44,982.0,943125
2021-06-18 09:43:45,981.95,943275
2021-06-18 09:43:45,981.95,943275
2021-06-18 09:43:46,981.2,944165
2021-06-18 09:43:48,981.2,944165
2021-06-18 09:43:49,981.2,944345
2021-06-18 09:43:50,981.5,944350
2021-06-18 09:43:51,980.0,957519
2021-06-18 09:43:52,980.25,957520
2021-06-18 09:43:53,980.25,957636
2021-06-18 09:43:54,980.0,957736
2021-06-18 09:43:55,980.0,961361
2021-06-18 09:43:56,979.35,968608
2021-06-18 09:43:57,979.8,968744
2021-06-18 09:43:58,980.0,970213
2021-06-18 09:43:59,979.35,970811
2021-06-18 09:44:00,979.7,970894
2021-06-18 09:44:01,979.5,972748
2021-06-18 09:44:02,979.15,974129
2021-06-18 09:44:03,978.7,974351
2021-06-18 09:44:04,978.0,978806
2021-06-18 09:44:05,978.0,979056
2021-06-18 09:44:06,978.05,980770
2021-06-18 09:44:07,978.05,980770
2021-06-18 09:44:08,977.05,982694
2021-06-18 09:44:09,977.35,983231
2021-06-18 09:44:13,977.6,985630
2021-06-18 09:44:13,978.0,985631
2021-06-18 09:44:15,978.1,986024
2021-06-18 09:44:16,977.45,986805
2021-06-18 09:44:17,977.15,987119
2021-06-18 09:44:18,977.8,987364
2021-06-18 09:44:19,978.0,988276
2021-06-18 09:44:20,978.15,989048
2021-06-18 09:44:21,978.0,989700
2021-06-18 09:44:22,978.25,989740
2021-06-18 09:44:23,978.3,989908
2021-06-18 09:44:24,978.7,990310
2021-06-18 09:44:25,978.25,990579
2021-06-18 09:44:26,979.15,990786
2021-06-18 09:44:27,979.0,990861
2021-06-18 09:44:28,978.45,990971
2021-06-18 09:44:29,978.3,991041
2021-06-18 09:44:30,978.85,992096
2021-06-18 09:44:31,978.8,992155
2021-06-18 09:44:32,978.3,992209
2021-06-18 09:44:33,978.25,992370
2021-06-18 09:44:34,978.65,992440
2021-06-18 09:44:35,978.65,992562
2021-06-18 09:44:36,978.45,993004
2021-06-18 09:44:37,978.85,994544
2021-06-18 09:44:38,978.65,994655
2021-06-18 09:44:39,978.65,994808
2021-06-18 09:44:40,978.3,995067
2021-06-18 09:44:41,978.55,995087
2021-06-18 09:44:42,978.3,995715
2021-06-18 09:44:43,978.3,995715
2021-06-18 09:44:44,978.3,995815
2021-06-18 09:44:45,978.45,995923
2021-06-18 09:44:46,978.75,995982
2021-06-18 09:44:47,978.55,996244
2021-06-18 09:44:48,978.3,996284
2021-06-18 09:44:49,978.5,996294
2021-06-18 09:44:50,978.5,996299
2021-06-18 09:44:51,978.8,996336
2021-06-18 09:44:52,978.8,996367
2021-06-18 09:44:53,978.8,997630
2021-06-18 09:44:54,979.4,999217
2021-06-18 09:44:55,979.2,999888
2021-06-18 09:44:56,979.25,1000116
2021-06-18 09:44:57,979.75,1000817
2021-06-18 09:44:58,979.15,1000840
2021-06-18 09:44:59,979.3,1001293
2021-06-18 09:45:00,979.3,1001333
2021-06-18 09:45:01,978.9,1001334
2021-06-18 09:45:03,978.8,1001481
2021-06-18 09:45:04,978.85,1001501
2021-06-18 09:45:05,978.85,1001505
2021-06-18 09:45:06,978.8,1001807
2021-06-18 09:45:07,977.85,1004505
2021-06-18 09:45:08,977.55,1004676
2021-06-18 09:45:09,977.5,1004908
2021-06-18 09:45:09,977.1,1005925
2021-06-18 09:45:10,977.95,1006000
2021-06-18 09:45:11,978.3,1006253
2021-06-18 09:45:12,978.5,1006667
2021-06-18 09:45:13,978.2,1006825
2021-06-18 09:45:14,977.85,1007007
2021-06-18 09:45:16,978.0,1007142
2021-06-18 09:45:17,977.95,1007297
2021-06-18 09:45:18,977.7,1007673
2021-06-18 09:45:19,978.05,1007863
2021-06-18 09:45:20,977.8,1008073
2021-06-18 09:45:21,978.0,1009085
2021-06-18 09:45:22,977.55,1009303
2021-06-18 09:45:23,977.9,1010432
2021-06-18 09:45:24,978.4,1010943
2021-06-18 09:45:25,978.0,1010988
2021-06-18 09:45:26,978.35,1011055
2021-06-18 09:45:28,978.05,1011632
2021-06-18 09:45:29,978.3,1012042
2021-06-18 09:45:30,978.35,1012072
2021-06-18 09:45:31,978.9,1012889
2021-06-18 09:45:32,978.5,1012900
2021-06-18 09:45:33,979.0,1012921
2021-06-18 09:45:34,978.6,1012943
2021-06-18 09:45:35,978.6,1012943
2021-06-18 09:45:36,979.0,1013498
2021-06-18 09:45:37,978.55,1013645
2021-06-18 09:45:38,979.0,1013752
2021-06-18 09:45:39,979.1,1014326
2021-06-18 09:45:40,979.85,1014601
2021-06-18 09:45:41,979.7,1014622
2021-06-18 09:45:41,979.0,1014623
2021-06-18 09:45:43,979.75,1014973
2021-06-18 09:45:44,979.95,1015137
2021-06-18 09:45:44,979.95,1015137
2021-06-18 09:45:45,980.0,1015528
2021-06-18 09:45:47,979.9,1015880
2021-06-18 09:45:48,980.0,1015980
2021-06-18 09:45:49,979.45,1015981
2021-06-18 09:45:50,979.45,1017268
2021-06-18 09:45:53,979.35,1017844
2021-06-18 09:45:54,979.55,1018435
2021-06-18 09:45:55,979.3,1019728
2021-06-18 09:45:56,979.0,1019753
2021-06-18 09:45:56,979.25,1019763
2021-06-18 09:45:57,979.25,1020013
2021-06-18 09:45:58,979.5,1020150
2021-06-18 09:45:59,979.05,1020342
2021-06-18 09:46:01,979.45,1020469
2021-06-18 09:46:02,978.95,1021188
2021-06-18 09:46:04,978.9,1021878
2021-06-18 09:46:04,978.95,1022142
2021-06-18 09:46:06,978.35,1022541
2021-06-18 09:46:07,978.0,1022852
2021-06-18 09:46:07,978.0,1022852
2021-06-18 09:46:08,978.05,1023650
2021-06-18 09:46:09,977.7,1023825
2021-06-18 09:46:10,978.15,1023843
2021-06-18 09:46:11,977.55,1030588
2021-06-18 09:46:12,978.0,1030688
2021-06-18 09:46:13,978.0,1033129
2021-06-18 09:46:14,977.6,1033131
2021-06-18 09:46:15,977.55,1033942
2021-06-18 09:46:17,977.55,1033962
2021-06-18 09:46:18,977.2,1034433
2021-06-18 09:46:19,977.95,1034463
2021-06-18 09:46:20,977.95,1034463
2021-06-18 09:46:21,978.05,1034783
2021-06-18 09:46:22,977.7,1035043
2021-06-18 09:46:23,977.85,1035118
2021-06-18 09:46:24,978.5,1035728
2021-06-18 09:46:24,977.8,1035831
2021-06-18 09:46:25,977.8,1035831
2021-06-18 09:46:27,977.1,1037396
2021-06-18 09:46:28,977.3,1038398
2021-06-18 09:46:29,976.4,1043272
2021-06-18 09:46:30,976.5,1043876
2021-06-18 09:46:31,976.3,1044332
2021-06-18 09:46:32,976.5,1044448
2021-06-18 09:46:33,976.1,1044583
2021-06-18 09:46:34,976.7,1044983
2021-06-18 09:46:35,976.8,1045958
2021-06-18 09:46:35,976.0,1047291
2021-06-18 09:46:36,976.4,1047354
2021-06-18 09:46:37,976.4,1048141
2021-06-18 09:46:38,976.7,1048283
2021-06-18 09:46:39,976.75,1048846
2021-06-18 09:46:40,976.3,1048946
2021-06-18 09:46:41,977.0,1049101
2021-06-18 09:46:42,977.05,1049832
2021-06-18 09:46:44,977.5,1050012
2021-06-18 09:46:45,977.55,1050207
2021-06-18 09:46:46,977.15,1050208
2021-06-18 09:46:47,977.2,1051068
2021-06-18 09:46:48,977.45,1051388
2021-06-18 09:46:49,977.1,1051393
2021-06-18 09:46:50,977.4,1051420
2021-06-18 09:46:51,977.4,1051420
2021-06-18 09:46:52,977.8,1051606
2021-06-18 09:46:53,977.65,1051705
2021-06-18 09:46:54,977.8,1051716
2021-06-18 09:46:55,977.65,1052175
2021-06-18 09:46:55,977.8,1052117
2021-06-18 09:46:56,977.65,1052176
2021-06-18 09:46:57,977.75,1052276
2021-06-18 09:46:59,977.8,1052682
2021-06-18 09:47:00,978.0,1053002
2021-06-18 09:47:01,978.0,1053133
2021-06-18 09:47:02,978.0,1053133
2021-06-18 09:47:02,977.8,1053254
2021-06-18 09:47:03,978.25,1053847
2021-06-18 09:47:04,978.25,1053899
2021-06-18 09:47:06,977.65,1054442
2021-06-18 09:47:06,977.65,1054442
2021-06-18 09:47:07,978.15,1054473
2021-06-18 09:47:08,978.15,1054537
2021-06-18 09:47:10,978.9,1055686
2021-06-18 09:47:11,979.35,1056742
2021-06-18 09:47:11,979.35,1056742
2021-06-18 09:47:12,979.35,1056742
2021-06-18 09:47:13,979.0,1056767
2021-06-18 09:47:15,979.15,1057093
2021-06-18 09:47:16,979.5,1058096
2021-06-18 09:47:17,979.4,1058196
2021-06-18 09:47:17,979.4,1058196
2021-06-18 09:47:19,978.45,1059810
2021-06-18 09:47:20,978.5,1059938
2021-06-18 09:47:21,978.0,1060161
2021-06-18 09:47:23,978.2,1060182
2021-06-18 09:47:26,978.5,1060320
2021-06-18 09:47:27,978.35,1060495
2021-06-18 09:47:28,978.0,1060552
2021-06-18 09:47:31,978.15,1060787
2021-06-18 09:47:31,978.15,1060785
2021-06-18 09:47:32,978.15,1060812
2021-06-18 09:47:33,978.0,1060937
2021-06-18 09:47:34,978.0,1060937
2021-06-18 09:47:35,978.1,1063462
2021-06-18 09:47:36,978.25,1063478
2021-06-18 09:47:38,977.7,1063517
2021-06-18 09:47:38,977.7,1063517
2021-06-18 09:47:40,978.3,1066013
2021-06-18 09:47:41,979.35,1066513
2021-06-18 09:47:42,978.85,1067139
2021-06-18 09:47:43,978.8,1067188
2021-06-18 09:47:43,978.8,1067188
2021-06-18 09:47:44,979.0,1067199
2021-06-18 09:47:46,979.1,1068554
2021-06-18 09:47:47,979.0,1068932
2021-06-18 09:47:48,979.35,1068957
2021-06-18 09:47:50,979.05,1069622
2021-06-18 09:47:49,979.05,1069597
2021-06-18 09:47:50,979.05,1069622
2021-06-18 09:47:51,979.45,1070062
2021-06-18 09:47:52,979.0,1070122
2021-06-18 09:47:54,979.85,1070692
2021-06-18 09:47:55,979.0,1071224
2021-06-18 09:47:56,978.5,1071423
2021-06-18 09:47:57,978.5,1071603
2021-06-18 09:47:58,978.5,1071603
2021-06-18 09:47:59,978.55,1072513
2021-06-18 09:48:00,978.55,1072513
2021-06-18 09:48:02,978.0,1072811
2021-06-18 09:48:03,978.45,1073052
2021-06-18 09:48:03,978.3,1073189
2021-06-18 09:48:04,978.0,1073242
2021-06-18 09:48:06,978.25,1074190
2021-06-18 09:48:07,977.85,1074624
2021-06-18 09:48:08,977.9,1074675
2021-06-18 09:48:09,977.9,1074675
2021-06-18 09:48:10,977.9,1074880
2021-06-18 09:48:11,977.9,1074924
2021-06-18 09:48:12,978.25,1074949
2021-06-18 09:48:12,978.25,1074949
2021-06-18 09:48:13,978.45,1075090
2021-06-18 09:48:14,978.0,1075091
2021-06-18 09:48:15,977.5,1075159
2021-06-18 09:48:16,977.85,1075226
2021-06-18 09:48:17,977.9,1075296
2021-06-18 09:48:19,977.9,1075307
2021-06-18 09:48:20,978.35,1075367
2021-06-18 09:48:21,978.35,1075368
2021-06-18 09:48:22,978.1,1075370
2021-06-18 09:48:23,978.05,1075420
2021-06-18 09:48:24,978.4,1075440
2021-06-18 09:48:25,978.4,1075450
2021-06-18 09:48:26,978.0,1075685
2021-06-18 09:48:27,977.65,1075890
2021-06-18 09:48:27,977.65,1075890
2021-06-18 09:48:28,978.05,1075901
2021-06-18 09:48:30,978.05,1076871
2021-06-18 09:48:31,977.8,1077081
2021-06-18 09:48:33,978.4,1077116
2021-06-18 09:48:34,978.4,1077116
2021-06-18 09:48:35,977.95,1077156
2021-06-18 09:48:35,978.0,1077157
2021-06-18 09:48:38,978.95,1078116
2021-06-18 09:48:39,978.95,1078116
2021-06-18 09:48:40,978.3,1078126
2021-06-18 09:48:41,978.15,1078326
2021-06-18 09:48:42,978.3,1078345
2021-06-18 09:48:43,979.0,1078370
2021-06-18 09:48:44,978.15,1078372
2021-06-18 09:48:45,978.8,1078824
2021-06-18 09:48:46,978.45,1079040
2021-06-18 09:48:47,978.45,1079040
2021-06-18 09:48:48,978.45,1079040
2021-06-18 09:48:50,978.25,1079150
2021-06-18 09:48:51,978.45,1079660
2021-06-18 09:48:52,978.0,1080640
2021-06-18 09:48:53,978.4,1080749
2021-06-18 09:48:54,978.2,1080950
2021-06-18 09:48:55,978.45,1080954
2021-06-18 09:48:56,978.25,1081075
2021-06-18 09:48:56,978.45,1081081
2021-06-18 09:48:58,978.45,1081138
2021-06-18 09:48:59,978.25,1081183
2021-06-18 09:49:00,978.5,1081260
2021-06-18 09:49:01,978.0,1081613
2021-06-18 09:49:02,978.4,1081764
2021-06-18 09:49:03,978.4,1081764
2021-06-18 09:49:04,978.15,1081865
2021-06-18 09:49:05,978.15,1081865
2021-06-18 09:49:06,978.5,1081975
2021-06-18 09:49:06,978.5,1081975
2021-06-18 09:49:07,978.35,1082035
2021-06-18 09:49:09,978.2,1082177
2021-06-18 09:49:10,978.75,1082192
2021-06-18 09:49:12,978.5,1082268
2021-06-18 09:49:13,978.95,1082336
2021-06-18 09:49:14,978.25,1082533
2021-06-18 09:49:15,978.25,1082533
2021-06-18 09:49:16,978.55,1082574
2021-06-18 09:49:17,978.2,1082654
2021-06-18 09:49:18,978.2,1082654
2021-06-18 09:49:19,978.2,1082654
2021-06-18 09:49:20,978.4,1082668
2021-06-18 09:49:20,978.4,1082668
2021-06-18 09:49:22,978.4,1082676
2021-06-18 09:49:23,978.9,1082682
2021-06-18 09:49:24,978.4,1082687
2021-06-18 09:49:25,978.85,1083288
2021-06-18 09:49:26,978.5,1083335
2021-06-18 09:49:27,978.75,1083416
2021-06-18 09:49:28,978.75,1083446
2021-06-18 09:49:29,978.75,1083446
2021-06-18 09:49:29,978.5,1083521
2021-06-18 09:49:31,978.45,1083559
2021-06-18 09:49:32,978.5,1083569
2021-06-18 09:49:33,978.8,1083709
2021-06-18 09:49:34,978.75,1083720
2021-06-18 09:49:35,978.8,1083825
2021-06-18 09:49:36,978.65,1085218
2021-06-18 09:49:36,978.8,1085486
2021-06-18 09:49:38,978.4,1085595
2021-06-18 09:49:39,978.4,1085658
2021-06-18 09:49:40,978.3,1085688
2021-06-18 09:49:41,979.0,1085708
2021-06-18 09:49:41,978.9,1085717
2021-06-18 09:49:43,979.0,1085787
2021-06-18 09:49:44,979.0,1086054
2021-06-18 09:49:45,979.0,1086121
2021-06-18 09:49:46,978.8,1086131
2021-06-18 09:49:47,979.0,1086286
2021-06-18 09:49:48,978.75,1086287
2021-06-18 09:49:49,979.0,1088036
2021-06-18 09:49:49,979.0,1088036
2021-06-18 09:49:50,979.25,1088053
2021-06-18 09:49:51,978.75,1088170
2021-06-18 09:49:52,978.5,1088210
2021-06-18 09:49:53,978.9,1088221
2021-06-18 09:49:55,978.7,1088233
2021-06-18 09:49:56,978.65,1088508
2021-06-18 09:49:57,978.4,1088601
2021-06-18 09:49:58,978.45,1088605
2021-06-18 09:49:59,978.25,1089225
2021-06-18 09:49:59,978.25,1089225
2021-06-18 09:50:00,977.7,1091209
2021-06-18 09:50:02,978.05,1091255
2021-06-18 09:50:03,978.05,1091255
2021-06-18 09:50:04,978.25,1091314
2021-06-18 09:50:05,978.25,1091314
2021-06-18 09:50:06,978.4,1091354
2021-06-18 09:50:07,978.4,1091355
2021-06-18 09:50:08,978.5,1091555
2021-06-18 09:50:09,978.5,1091555
2021-06-18 09:50:10,978.7,1091556
2021-06-18 09:50:11,979.0,1091757
2021-06-18 09:50:12,978.7,1091759
2021-06-18 09:50:13,978.7,1091769
2021-06-18 09:50:14,978.9,1091770
2021-06-18 09:50:15,978.9,1091771
2021-06-18 09:50:16,979.0,1092286
2021-06-18 09:50:17,978.85,1092288
2021-06-18 09:50:18,978.9,1092289
2021-06-18 09:50:19,979.0,1093005
2021-06-18 09:50:20,979.05,1093090
2021-06-18 09:50:21,979.45,1093123
2021-06-18 09:50:22,979.25,1093148
2021-06-18 09:50:23,979.55,1093178
2021-06-18 09:50:24,979.25,1093179
2021-06-18 09:50:24,979.25,1093179
2021-06-18 09:50:26,979.7,1093879
2021-06-18 09:50:27,979.7,1094479
2021-06-18 09:50:28,980.45,1102021
2021-06-18 09:50:29,980.95,1102756
2021-06-18 09:50:30,980.15,1103310
2021-06-18 09:50:31,980.05,1103360
2021-06-18 09:50:32,980.1,1103472
2021-06-18 09:50:33,979.8,1103773
2021-06-18 09:50:34,979.35,1103804
2021-06-18 09:50:35,979.4,1105329
2021-06-18 09:50:36,979.6,1105403
2021-06-18 09:50:37,979.05,1105615
2021-06-18 09:50:38,979.05,1105633
2021-06-18 09:50:39,979.2,1105667
2021-06-18 09:50:40,979.2,1105677
2021-06-18 09:50:41,979.3,1105687
2021-06-18 09:50:42,979.3,1105698
2021-06-18 09:50:42,979.3,1105698
2021-06-18 09:50:43,979.15,1106431
2021-06-18 09:50:44,979.3,1106582
2021-06-18 09:50:45,979.3,1106754
2021-06-18 09:50:47,979.45,1106814
2021-06-18 09:50:50,979.75,1106912
2021-06-18 09:50:52,979.9,1107267
2021-06-18 09:50:53,979.85,1107311
2021-06-18 09:50:54,979.85,1107312
2021-06-18 09:50:55,979.65,1107318
2021-06-18 09:50:56,979.65,1107333
2021-06-18 09:50:57,979.65,1107333
2021-06-18 09:50:58,979.95,1107464
2021-06-18 09:50:59,980.0,1107559
2021-06-18 09:51:00,979.6,1108665
2021-06-18 09:51:01,979.6,1108665
2021-06-18 09:51:02,980.0,1108773
2021-06-18 09:51:03,979.65,1108804
2021-06-18 09:51:04,979.65,1110194
2021-06-18 09:51:05,980.0,1110587
2021-06-18 09:51:06,980.45,1111445
2021-06-18 09:51:07,980.0,1111551
2021-06-18 09:51:08,980.0,1111551
2021-06-18 09:51:09,980.6,1111655
2021-06-18 09:51:10,980.65,1111775
2021-06-18 09:51:11,980.5,1111955
2021-06-18 09:51:12,980.9,1112025
2021-06-18 09:51:13,980.45,1112177
2021-06-18 09:51:14,980.45,1112177
2021-06-18 09:51:15,980.65,1112189
2021-06-18 09:51:16,980.55,1112194
2021-06-18 09:51:18,980.0,1114454
2021-06-18 09:51:19,979.65,1116418
2021-06-18 09:51:20,980.45,1117002
2021-06-18 09:51:21,980.45,1117922
2021-06-18 09:51:22,980.45,1117922
2021-06-18 09:51:23,980.45,1117922
2021-06-18 09:51:25,980.45,1118690
2021-06-18 09:51:27,980.45,1119803
2021-06-18 09:51:28,979.5,1123201
2021-06-18 09:51:29,979.5,1123201
2021-06-18 09:51:30,980.1,1123218
2021-06-18 09:51:31,980.45,1123286
2021-06-18 09:51:32,979.55,1123294
2021-06-18 09:51:33,979.85,1123440
2021-06-18 09:51:34,979.85,1123440
2021-06-18 09:51:35,980.2,1123455
2021-06-18 09:51:36,980.1,1123755
2021-06-18 09:51:37,980.0,1123780
2021-06-18 09:51:38,979.6,1123952
2021-06-18 09:51:39,979.95,1124002
2021-06-18 09:51:40,979.95,1124002
2021-06-18 09:51:41,980.2,1124003
2021-06-18 09:51:42,980.15,1124138
2021-06-18 09:51:43,979.95,1124237
2021-06-18 09:51:44,980.0,1124257
2021-06-18 09:51:45,980.05,1124265
2021-06-18 09:51:46,980.05,1124265
2021-06-18 09:51:47,980.0,1124426
2021-06-18 09:51:48,980.0,1124652
2021-06-18 09:51:50,980.1,1124967
2021-06-18 09:51:51,979.9,1124987
2021-06-18 09:51:52,979.85,1124998
2021-06-18 09:51:53,979.85,1125078
2021-06-18 09:51:54,979.95,1125379
2021-06-18 09:51:55,979.95,1125379
2021-06-18 09:51:56,979.85,1125380
2021-06-18 09:51:58,979.9,1125680
2021-06-18 09:51:57,979.9,1125680
2021-06-18 09:51:59,979.95,1127730
2021-06-18 09:52:00,979.95,1127730
2021-06-18 09:52:01,979.5,1127760
2021-06-18 09:52:02,979.9,1127824
2021-06-18 09:52:03,979.95,1128113
2021-06-18 09:52:04,980.0,1128133
2021-06-18 09:52:05,980.0,1128162
2021-06-18 09:52:06,980.0,1128163
2021-06-18 09:52:07,980.0,1128263
2021-06-18 09:52:08,980.0,1128273
2021-06-18 09:52:09,980.0,1128273
2021-06-18 09:52:10,980.15,1128884
2021-06-18 09:52:11,980.2,1128889
2021-06-18 09:52:12,979.8,1128989
2021-06-18 09:52:13,979.75,1129425
2021-06-18 09:52:14,979.85,1129485
2021-06-18 09:52:15,979.85,1129485
2021-06-18 09:52:16,979.6,1129693
2021-06-18 09:52:17,979.6,1129763
2021-06-18 09:52:18,979.6,1129763
2021-06-18 09:52:19,979.6,1129929
2021-06-18 09:52:20,979.85,1131002
2021-06-18 09:52:21,979.85,1131002
2021-06-18 09:52:22,979.85,1131002
2021-06-18 09:52:23,979.8,1131022
2021-06-18 09:52:24,979.8,1131022
2021-06-18 09:52:25,979.85,1131032
2021-06-18 09:52:26,979.9,1131037
2021-06-18 09:52:27,979.9,1131037
2021-06-18 09:52:28,979.85,1131047
2021-06-18 09:52:29,979.85,1131097
2021-06-18 09:52:30,979.85,1131097
2021-06-18 09:52:31,979.85,1131097
2021-06-18 09:52:32,979.85,1131097
2021-06-18 09:52:33,979.5,1131297
2021-06-18 09:52:34,979.75,1131313
2021-06-18 09:52:35,979.75,1131313
2021-06-18 09:52:36,979.5,1131323
2021-06-18 09:52:37,979.8,1131329
2021-06-18 09:52:38,979.8,1131370
2021-06-18 09:52:39,979.4,1133542
2021-06-18 09:52:40,979.4,1133542
2021-06-18 09:52:41,979.0,1133692
2021-06-18 09:52:42,979.25,1134445
2021-06-18 09:52:44,978.9,1134883
2021-06-18 09:52:45,979.0,1135333
2021-06-18 09:52:46,979.35,1135334
2021-06-18 09:52:48,979.1,1135469
2021-06-18 09:52:47,979.1,1135469
2021-06-18 09:52:49,979.35,1135518
2021-06-18 09:52:50,979.35,1136987
2021-06-18 09:52:51,978.65,1137089
2021-06-18 09:52:52,978.9,1137115
2021-06-18 09:52:53,978.95,1137215
2021-06-18 09:52:54,977.5,1139985
2021-06-18 09:52:55,978.2,1140148
2021-06-18 09:52:56,977.9,1140161
2021-06-18 09:52:57,978.35,1141101
2021-06-18 09:52:58,978.35,1141101
2021-06-18 09:52:59,978.35,1141131
2021-06-18 09:53:00,979.15,1141320
2021-06-18 09:53:01,978.4,1142981
2021-06-18 09:53:02,978.95,1142991
2021-06-18 09:53:03,979.15,1143096
2021-06-18 09:53:04,978.3,1143248
2021-06-18 09:53:05,978.3,1143248
2021-06-18 09:53:06,978.15,1143249
2021-06-18 09:53:07,978.9,1143274
2021-06-18 09:53:08,979.0,1143280
2021-06-18 09:53:09,978.55,1143336
2021-06-18 09:53:10,978.2,1144033
2021-06-18 09:53:12,978.4,1144124
2021-06-18 09:53:13,978.45,1144129
2021-06-18 09:53:14,978.45,1144129
2021-06-18 09:53:15,978.35,1144379
2021-06-18 09:53:16,978.6,1144439
2021-06-18 09:53:17,978.6,1144439
2021-06-18 09:53:18,978.05,1144682
2021-06-18 09:53:19,978.2,1144714
2021-06-18 09:53:20,978.2,1144714
2021-06-18 09:53:21,978.2,1144729
2021-06-18 09:53:22,978.05,1144829
2021-06-18 09:53:23,978.4,1145152
2021-06-18 09:53:24,978.3,1145162
2021-06-18 09:53:25,978.15,1145163
2021-06-18 09:53:26,978.2,1145168
2021-06-18 09:53:26,978.2,1145168
2021-06-18 09:53:31,978.05,1146520
2021-06-18 09:53:32,977.85,1146987
2021-06-18 09:53:33,977.9,1147322
2021-06-18 09:53:36,977.5,1147359
2021-06-18 09:53:39,977.85,1148724
2021-06-18 09:53:40,977.85,1148724
2021-06-18 09:53:41,977.85,1148724
2021-06-18 09:53:42,977.85,1148734
2021-06-18 09:53:43,977.9,1148907
2021-06-18 09:53:44,978.05,1149016
2021-06-18 09:53:46,977.75,1149245
2021-06-18 09:53:47,977.5,1150245
2021-06-18 09:53:48,977.85,1150250
2021-06-18 09:53:49,977.85,1150250
2021-06-18 09:53:50,977.05,1150769
2021-06-18 09:53:51,977.7,1151065
2021-06-18 09:53:52,977.3,1151536
2021-06-18 09:53:53,977.8,1151557
2021-06-18 09:53:54,977.9,1151593
2021-06-18 09:53:55,977.25,1151993
2021-06-18 09:53:56,977.25,1151993
2021-06-18 09:53:57,977.6,1152065
2021-06-18 09:53:58,977.6,1152065
2021-06-18 09:54:02,977.45,1152827
2021-06-18 09:54:04,977.45,1153372
2021-06-18 09:54:05,977.15,1153493
2021-06-18 09:54:06,977.75,1153553
2021-06-18 09:54:07,977.35,1153568
2021-06-18 09:54:09,977.5,1153708
2021-06-18 09:54:10,977.5,1153753
2021-06-18 09:54:11,977.5,1153753
2021-06-18 09:54:12,977.25,1153938
2021-06-18 09:54:13,977.75,1153949
2021-06-18 09:54:14,977.75,1153949
2021-06-18 09:54:15,977.9,1155047
2021-06-18 09:54:16,978.2,1155057
2021-06-18 09:54:17,977.9,1155757
2021-06-18 09:54:18,978.15,1155762
2021-06-18 09:54:19,978.15,1156067
2021-06-18 09:54:20,978.2,1156075
2021-06-18 09:54:21,978.1,1156708
2021-06-18 09:54:22,978.2,1156719
2021-06-18 09:54:23,978.2,1156719
2021-06-18 09:54:24,977.05,1157432
2021-06-18 09:54:25,977.05,1157432
2021-06-18 09:54:26,977.4,1159166
2021-06-18 09:54:27,977.0,1160070
2021-06-18 09:54:28,977.3,1160363
2021-06-18 09:54:29,977.35,1160570
2021-06-18 09:54:30,977.0,1160600
2021-06-18 09:54:31,977.0,1161090
2021-06-18 09:54:32,977.3,1161279
2021-06-18 09:54:33,977.1,1161329
2021-06-18 09:54:34,978.0,1161442
2021-06-18 09:54:35,977.6,1161477
2021-06-18 09:54:36,977.3,1161752
2021-06-18 09:54:37,977.6,1161877
2021-06-18 09:54:38,977.6,1161877
2021-06-18 09:54:39,977.3,1161892
2021-06-18 09:54:40,977.35,1161893
2021-06-18 09:54:41,977.5,1161906
2021-06-18 09:54:43,977.5,1162084
2021-06-18 09:54:44,977.45,1162104
2021-06-18 09:54:45,977.25,1162244
2021-06-18 09:54:46,977.5,1162264
2021-06-18 09:54:46,977.5,1162264
2021-06-18 09:54:47,977.5,1162337
2021-06-18 09:54:48,977.5,1162409
2021-06-18 09:54:49,977.5,1162414
2021-06-18 09:54:50,977.6,1162424
2021-06-18 09:54:52,977.6,1162619
2021-06-18 09:54:53,977.0,1165843
2021-06-18 09:54:54,977.0,1165843
2021-06-18 09:54:55,977.0,1165843
2021-06-18 09:54:56,977.3,1165874
2021-06-18 09:54:57,977.0,1166129
2021-06-18 09:54:58,977.0,1166166
2021-06-18 09:54:59,976.75,1166216
2021-06-18 09:55:00,977.0,1166598
2021-06-18 09:55:01,976.75,1166700
2021-06-18 09:55:02,976.5,1167029
2021-06-18 09:55:03,976.5,1167042
2021-06-18 09:55:04,976.5,1167048
2021-06-18 09:55:05,976.5,1167048
2021-06-18 09:55:06,976.9,1167224
2021-06-18 09:55:08,976.5,1167524
2021-06-18 09:55:09,976.5,1167530
2021-06-18 09:55:10,976.7,1167741
2021-06-18 09:55:11,976.25,1167909
2021-06-18 09:55:12,976.45,1168009
2021-06-18 09:55:14,976.2,1168114
2021-06-18 09:55:15,976.4,1168217
2021-06-18 09:55:16,975.95,1171146
2021-06-18 09:55:17,975.35,1174636
2021-06-18 09:55:18,975.9,1175004
2021-06-18 09:55:19,975.8,1175114
2021-06-18 09:55:20,975.65,1176546
2021-06-18 09:55:21,975.15,1176979
2021-06-18 09:55:22,975.0,1180385
2021-06-18 09:55:23,975.1,1181294
2021-06-18 09:55:23,975.05,1181383
2021-06-18 09:55:24,974.05,1193511
2021-06-18 09:55:25,974.0,1194747
2021-06-18 09:55:26,974.55,1194960
2021-06-18 09:55:27,974.7,1194967
2021-06-18 09:55:28,974.4,1195111
2021-06-18 09:55:29,974.35,1195495
2021-06-18 09:55:31,974.25,1195598
2021-06-18 09:55:32,974.55,1196178
2021-06-18 09:55:33,974.0,1199522
2021-06-18 09:55:34,974.0,1200528
2021-06-18 09:55:35,974.0,1201104
2021-06-18 09:55:37,974.0,1201587
2021-06-18 09:55:38,974.5,1201629
2021-06-18 09:55:39,974.5,1201697
2021-06-18 09:55:39,974.5,1201682
2021-06-18 09:55:40,974.55,1202353
2021-06-18 09:55:41,974.85,1202439
2021-06-18 09:55:42,974.85,1203080
2021-06-18 09:55:43,974.75,1203126
2021-06-18 09:55:44,975.0,1203794
2021-06-18 09:55:45,975.0,1203906
2021-06-18 09:55:46,974.75,1204552
2021-06-18 09:55:47,974.5,1204607
2021-06-18 09:55:48,975.0,1204877
2021-06-18 09:55:49,974.85,1204892
2021-06-18 09:55:50,974.9,1205180
2021-06-18 09:55:51,974.8,1205250
2021-06-18 09:55:52,974.75,1205546
2021-06-18 09:55:54,974.9,1205697
2021-06-18 09:55:55,974.8,1205739
2021-06-18 09:55:56,974.8,1205762
2021-06-18 09:55:56,974.75,1205772
2021-06-18 09:55:57,974.75,1205822
2021-06-18 09:55:58,974.75,1205827
2021-06-18 09:55:59,974.65,1205873
2021-06-18 09:56:00,974.7,1206061
2021-06-18 09:56:01,974.25,1206132
2021-06-18 09:56:02,974.25,1206132
2021-06-18 09:56:03,974.7,1206137
2021-06-18 09:56:04,974.7,1206237
2021-06-18 09:56:05,974.75,1206947
2021-06-18 09:56:06,974.95,1207045
2021-06-18 09:56:07,974.75,1207185
2021-06-18 09:56:08,974.15,1207363
2021-06-18 09:56:09,974.25,1207418
2021-06-18 09:56:11,973.2,1219122
2021-06-18 09:56:12,973.55,1219837
2021-06-18 09:56:13,972.55,1221307
2021-06-18 09:56:14,972.75,1222088
2021-06-18 09:56:15,972.75,1222248
2021-06-18 09:56:16,973.0,1222511
2021-06-18 09:56:17,972.95,1224038
2021-06-18 09:56:18,972.9,1224094
2021-06-18 09:56:19,972.95,1224099
2021-06-18 09:56:20,972.55,1224632
2021-06-18 09:56:21,972.9,1224729
2021-06-18 09:56:22,972.65,1226129
2021-06-18 09:56:23,972.9,1226741
2021-06-18 09:56:25,973.0,1226870
2021-06-18 09:56:26,972.95,1227030
2021-06-18 09:56:27,972.9,1227162
2021-06-18 09:56:28,972.6,1227196
2021-06-18 09:56:29,972.6,1227311
2021-06-18 09:56:30,972.7,1227563
2021-06-18 09:56:31,972.9,1228704
2021-06-18 09:56:32,972.85,1228717
2021-06-18 09:56:33,972.45,1229235
2021-06-18 09:56:34,973.45,1231628
2021-06-18 09:56:35,973.5,1232000
2021-06-18 09:56:36,973.85,1232633
2021-06-18 09:56:37,973.85,1232963
2021-06-18 09:56:38,973.5,1233013
2021-06-18 09:56:39,973.9,1233363
2021-06-18 09:56:40,973.5,1233554
2021-06-18 09:56:41,973.9,1233725
2021-06-18 09:56:42,973.9,1233788
2021-06-18 09:56:44,973.9,1235308
2021-06-18 09:56:47,973.65,1236072
2021-06-18 09:56:48,974.1,1236292
2021-06-18 09:56:50,973.4,1236823
2021-06-18 09:56:51,973.5,1236828
2021-06-18 09:56:52,973.55,1237454
2021-06-18 09:56:53,973.8,1237954
2021-06-18 09:56:54,973.5,1238104
2021-06-18 09:56:55,973.7,1238135
2021-06-18 09:56:56,973.8,1238294
2021-06-18 09:56:57,973.7,1238806
2021-06-18 09:56:58,973.9,1239093
2021-06-18 09:56:59,973.65,1239101
2021-06-18 09:57:00,973.75,1239415
2021-06-18 09:57:01,973.5,1240181
2021-06-18 09:57:02,973.55,1240371
2021-06-18 09:57:03,972.9,1241525
2021-06-18 09:57:04,972.85,1242513
2021-06-18 09:57:06,972.4,1242802
2021-06-18 09:57:07,972.3,1243022
2021-06-18 09:57:08,972.4,1243272
2021-06-18 09:57:09,972.4,1243284
2021-06-18 09:57:10,972.6,1243306
2021-06-18 09:57:11,972.25,1243448
2021-06-18 09:57:12,972.15,1243539
2021-06-18 09:57:13,972.4,1243550
2021-06-18 09:57:13,972.4,1243565
2021-06-18 09:57:14,972.1,1243761
2021-06-18 09:57:16,971.05,1247102
2021-06-18 09:57:17,971.4,1247331
2021-06-18 09:57:18,971.4,1247435
2021-06-18 09:57:19,972.0,1247558
2021-06-18 09:57:20,972.3,1247802
2021-06-18 09:57:22,972.95,1248401
2021-06-18 09:57:24,972.65,1248677
2021-06-18 09:57:25,972.45,1249015
2021-06-18 09:57:26,971.6,1249547
2021-06-18 09:57:27,972.4,1250086
2021-06-18 09:57:28,972.35,1250287
2021-06-18 09:57:30,972.4,1251246
2021-06-18 09:57:31,972.15,1251256
2021-06-18 09:57:32,972.4,1251409
2021-06-18 09:57:33,972.25,1251484
2021-06-18 09:57:34,972.25,1251484
2021-06-18 09:57:35,972.4,1251785
2021-06-18 09:57:36,972.0,1252035
2021-06-18 09:57:37,971.75,1252052
2021-06-18 09:57:38,972.0,1252307
2021-06-18 09:57:39,972.3,1253029
2021-06-18 09:57:40,972.4,1253045
2021-06-18 09:57:41,972.25,1253216
2021-06-18 09:57:42,972.65,1253676
2021-06-18 09:57:43,972.55,1254168
2021-06-18 09:57:44,972.0,1254248
2021-06-18 09:57:45,972.0,1254375
2021-06-18 09:57:46,972.05,1254532
2021-06-18 09:57:47,972.3,1254842
2021-06-18 09:57:48,972.4,1254882
2021-06-18 09:57:49,972.4,1255047
2021-06-18 09:57:49,972.1,1255057
2021-06-18 09:57:50,972.4,1255957
2021-06-18 09:57:51,972.4,1255957
2021-06-18 09:57:52,972.15,1256148
2021-06-18 09:57:53,972.4,1256310
2021-06-18 09:57:54,972.35,1256500
2021-06-18 09:57:55,972.4,1256800
2021-06-18 09:57:56,972.4,1256860
2021-06-18 09:57:57,972.15,1257266
2021-06-18 09:57:58,972.4,1257444
2021-06-18 09:57:59,973.0,1260150
2021-06-18 09:58:01,972.4,1260306
2021-06-18 09:58:02,972.75,1260460
2021-06-18 09:58:03,973.2,1260487
2021-06-18 09:58:04,973.25,1260797
2021-06-18 09:58:05,973.3,1260991
2021-06-18 09:58:06,973.3,1260991
2021-06-18 09:58:07,973.3,1260991
2021-06-18 09:58:08,973.45,1264206
2021-06-18 09:58:09,974.0,1264406
2021-06-18 09:58:11,973.8,1264411
2021-06-18 09:58:13,974.0,1264998
2021-06-18 09:58:14,974.25,1269585
2021-06-18 09:58:15,974.65,1269970
2021-06-18 09:58:16,974.45,1270484
2021-06-18 09:58:17,974.05,1270516
2021-06-18 09:58:18,974.75,1270617
2021-06-18 09:58:19,974.8,1270682
2021-06-18 09:58:23,974.7,1272358
2021-06-18 09:58:24,974.9,1272465
2021-06-18 09:58:26,973.9,1272872
2021-06-18 09:58:27,974.0,1272899
2021-06-18 09:58:28,973.6,1273003
2021-06-18 09:58:29,973.6,1273143
2021-06-18 09:58:30,973.5,1273243
2021-06-18 09:58:31,973.45,1273321
2021-06-18 09:58:32,973.6,1273434
2021-06-18 09:58:33,973.6,1273494
2021-06-18 09:58:34,973.8,1273669
2021-06-18 09:58:35,973.8,1273689
2021-06-18 09:58:36,973.8,1273853
2021-06-18 09:58:37,973.5,1273914
2021-06-18 09:58:38,973.7,1274019
2021-06-18 09:58:39,973.4,1274302
2021-06-18 09:58:40,973.4,1274302
2021-06-18 09:58:41,973.0,1274956
2021-06-18 09:58:42,973.35,1275523
2021-06-18 09:58:43,973.2,1275633
2021-06-18 09:58:44,973.0,1276792
2021-06-18 09:58:45,973.05,1276992
2021-06-18 09:58:46,973.1,1278054
2021-06-18 09:58:47,972.8,1279365
2021-06-18 09:58:48,972.85,1279382
2021-06-18 09:58:49,972.7,1279387
2021-06-18 09:58:50,972.6,1279992
2021-06-18 09:58:51,973.05,1280107
2021-06-18 09:58:52,972.65,1280109
2021-06-18 09:58:53,972.65,1280115
2021-06-18 09:58:54,972.9,1280411
2021-06-18 09:58:55,972.85,1280461
2021-06-18 09:58:56,972.2,1281258
2021-06-18 09:58:57,973.0,1281811
2021-06-18 09:58:58,972.9,1281821
2021-06-18 09:58:59,972.95,1281941
2021-06-18 09:59:00,973.0,1281998
2021-06-18 09:59:01,973.25,1283102
2021-06-18 09:59:02,973.25,1283102
2021-06-18 09:59:03,973.3,1283127
2021-06-18 09:59:04,972.8,1283135
2021-06-18 09:59:05,973.05,1283166
2021-06-18 09:59:06,972.9,1283179
2021-06-18 09:59:07,973.4,1283284
2021-06-18 09:59:08,973.5,1283286
2021-06-18 09:59:09,973.0,1285326
2021-06-18 09:59:10,973.1,1285578
2021-06-18 09:59:11,973.3,1285687
2021-06-18 09:59:12,973.0,1285692
2021-06-18 09:59:13,972.75,1286056
2021-06-18 09:59:14,973.0,1286058
2021-06-18 09:59:15,973.0,1286291
2021-06-18 09:59:16,973.0,1286316
2021-06-18 09:59:17,973.3,1286416
2021-06-18 09:59:18,973.0,1286619
2021-06-18 09:59:19,973.0,1287697
2021-06-18 09:59:20,973.0,1287883
2021-06-18 09:59:22,973.15,1288568
2021-06-18 09:59:24,972.7,1288916
2021-06-18 09:59:25,972.2,1289093
2021-06-18 09:59:26,972.6,1289644
2021-06-18 09:59:27,972.65,1290349
2021-06-18 09:59:28,972.45,1290560
2021-06-18 09:59:29,972.55,1290675
2021-06-18 09:59:30,972.75,1290681
2021-06-18 09:59:31,972.8,1291675
2021-06-18 09:59:33,973.25,1291750
2021-06-18 09:59:34,972.8,1291825
2021-06-18 09:59:35,972.8,1291840
2021-06-18 09:59:36,972.15,1292163
2021-06-18 09:59:37,972.0,1292543
2021-06-18 09:59:39,972.4,1292702
2021-06-18 09:59:40,972.2,1293682
2021-06-18 09:59:41,972.5,1293684
2021-06-18 09:59:42,972.5,1294409
2021-06-18 09:59:43,972.45,1294425
2021-06-18 09:59:44,972.5,1294426
2021-06-18 09:59:45,972.0,1294636
2021-06-18 09:59:46,972.5,1294638
2021-06-18 09:59:47,973.0,1295943
2021-06-18 09:59:48,972.8,1295997
2021-06-18 09:59:49,972.8,1296018
2021-06-18 09:59:49,972.8,1296018
2021-06-18 09:59:50,972.9,1296048
2021-06-18 09:59:51,972.75,1296057
2021-06-18 09:59:52,972.75,1296057
2021-06-18 09:59:54,973.0,1296094
2021-06-18 09:59:56,973.25,1296353
2021-06-18 09:59:57,972.95,1296403
2021-06-18 09:59:58,973.25,1296475
2021-06-18 09:59:59,972.9,1296727
2021-06-18 10:00:00,973.45,1297628
2021-06-18 10:00:01,973.4,1297649
2021-06-18 10:00:02,973.05,1297662
2021-06-18 10:00:03,973.35,1297875
2021-06-18 10:00:04,973.4,1298075
2021-06-18 10:00:05,973.4,1298075
2021-06-18 10:00:06,973.4,1298127
2021-06-18 10:00:07,973.5,1298238
2021-06-18 10:00:08,973.4,1298445
2021-06-18 10:00:09,973.4,1298502
2021-06-18 10:00:10,973.25,1298515
2021-06-18 10:00:11,973.4,1298859
2021-06-18 10:00:12,973.0,1299288
2021-06-18 10:00:13,973.1,1299333
2021-06-18 10:00:14,973.0,1299805
2021-06-18 10:00:15,972.45,1300386
2021-06-18 10:00:16,972.55,1300560
2021-06-18 10:00:17,972.55,1300560
2021-06-18 10:00:18,972.0,1301632
2021-06-18 10:00:19,971.75,1301732
2021-06-18 10:00:20,971.75,1301732
2021-06-18 10:00:21,972.1,1304181
2021-06-18 10:00:22,972.3,1304191
2021-06-18 10:00:23,972.3,1304191
2021-06-18 10:00:24,972.0,1304303
2021-06-18 10:00:25,972.8,1304305
2021-06-18 10:00:26,972.55,1304364
2021-06-18 10:00:27,972.4,1304502
2021-06-18 10:00:28,971.45,1304757
2021-06-18 10:00:31,972.45,1305737
2021-06-18 10:00:33,972.8,1310079
2021-06-18 10:00:34,972.55,1310479
2021-06-18 10:00:36,972.65,1310490
2021-06-18 10:00:37,972.6,1311741
2021-06-18 10:00:39,974.0,1311876
2021-06-18 10:00:40,973.85,1311893
2021-06-18 10:00:41,973.55,1312023
2021-06-18 10:00:42,973.55,1312023
2021-06-18 10:00:42,973.55,1312023
2021-06-18 10:00:43,973.45,1312616
2021-06-18 10:00:44,973.75,1313269
2021-06-18 10:00:45,974.0,1313420
2021-06-18 10:00:46,974.0,1313450
2021-06-18 10:00:48,973.1,1313567
2021-06-18 10:00:49,974.0,1313930
2021-06-18 10:00:50,973.65,1314138
2021-06-18 10:00:51,974.0,1314213
2021-06-18 10:00:52,974.0,1314223
2021-06-18 10:00:53,973.9,1314273
2021-06-18 10:00:54,973.9,1314624
2021-06-18 10:00:55,973.45,1314635
2021-06-18 10:00:56,973.85,1314640
2021-06-18 10:00:57,973.55,1314660
2021-06-18 10:00:58,973.5,1314897
2021-06-18 10:00:59,973.65,1314907
2021-06-18 10:01:02,973.85,1315047
2021-06-18 10:01:03,973.85,1315047
2021-06-18 10:01:04,973.5,1315067
2021-06-18 10:01:05,973.95,1315069
2021-06-18 10:01:06,974.0,1315094
2021-06-18 10:01:07,973.9,1315172
2021-06-18 10:01:08,973.9,1315172
2021-06-18 10:01:09,974.0,1315232
2021-06-18 10:01:10,973.55,1315257
2021-06-18 10:01:11,973.55,1315257
2021-06-18 10:01:12,973.75,1315677
2021-06-18 10:01:12,973.75,1315677
2021-06-18 10:01:13,973.75,1315692
2021-06-18 10:01:14,973.8,1316147
2021-06-18 10:01:15,973.85,1316247
2021-06-18 10:01:16,973.8,1316347
2021-06-18 10:01:17,973.85,1316354
2021-06-18 10:01:19,973.75,1316457
2021-06-18 10:01:20,973.85,1316532
2021-06-18 10:01:21,973.85,1316535
2021-06-18 10:01:22,973.8,1316538
2021-06-18 10:01:23,973.8,1316638
2021-06-18 10:01:24,973.85,1316739
2021-06-18 10:01:25,974.0,1318967
2021-06-18 10:01:26,974.0,1318967
2021-06-18 10:01:27,974.0,1318967
2021-06-18 10:01:28,973.8,1319467
2021-06-18 10:01:29,973.95,1319610
2021-06-18 10:01:30,974.35,1319615
2021-06-18 10:01:31,974.35,1319616
2021-06-18 10:01:32,974.35,1319616
2021-06-18 10:01:33,974.05,1319785
2021-06-18 10:01:34,973.95,1320831
2021-06-18 10:01:35,973.95,1320831
2021-06-18 10:01:36,974.0,1321056
2021-06-18 10:01:37,973.75,1321057
2021-06-18 10:01:38,974.35,1321100
2021-06-18 10:01:39,974.5,1322320
2021-06-18 10:01:40,974.0,1322546
2021-06-18 10:01:41,974.35,1322741
2021-06-18 10:01:42,974.4,1322841
2021-06-18 10:01:43,974.4,1322841
2021-06-18 10:01:44,974.4,1322841
2021-06-18 10:01:45,974.5,1323490
2021-06-18 10:01:47,974.5,1324209
2021-06-18 10:01:48,974.9,1324226
2021-06-18 10:01:49,975.0,1325360
2021-06-18 10:01:50,974.8,1325561
2021-06-18 10:01:51,975.2,1326612
2021-06-18 10:01:52,975.15,1326618
2021-06-18 10:01:53,975.15,1327718
2021-06-18 10:01:54,975.05,1328156
2021-06-18 10:01:55,975.35,1330876
2021-06-18 10:01:56,975.4,1330889
2021-06-18 10:01:57,975.45,1330997
2021-06-18 10:01:58,975.4,1331027
2021-06-18 10:01:59,975.05,1331028
2021-06-18 10:02:00,975.45,1331432
2021-06-18 10:02:01,975.05,1331452
2021-06-18 10:02:02,975.0,1331519
2021-06-18 10:02:03,974.65,1331755
2021-06-18 10:02:04,974.5,1332250
2021-06-18 10:02:05,974.2,1332262
2021-06-18 10:02:06,974.5,1332442
2021-06-18 10:02:07,974.5,1332442
2021-06-18 10:02:08,974.5,1332442
2021-06-18 10:02:09,974.7,1332895
2021-06-18 10:02:10,974.85,1333395
2021-06-18 10:02:11,974.15,1333523
2021-06-18 10:02:12,974.9,1333944
2021-06-18 10:02:15,974.65,1333956
2021-06-18 10:02:14,974.65,1333956
2021-06-18 10:02:17,974.8,1334046
2021-06-18 10:02:18,974.8,1334096
2021-06-18 10:02:19,974.75,1334106
2021-06-18 10:02:20,974.7,1334136
2021-06-18 10:02:21,974.5,1334174
2021-06-18 10:02:22,974.8,1334300
2021-06-18 10:02:23,974.8,1334340
2021-06-18 10:02:24,974.5,1334350
2021-06-18 10:02:25,974.55,1334494
2021-06-18 10:02:26,974.55,1334587
2021-06-18 10:02:27,974.8,1334597
2021-06-18 10:02:28,974.95,1334757
2021-06-18 10:02:29,974.95,1334757
2021-06-18 10:02:30,975.0,1334957
2021-06-18 10:02:31,975.1,1335401
2021-06-18 10:02:32,975.1,1335401
2021-06-18 10:02:33,975.5,1336424
2021-06-18 10:02:34,975.5,1336424
2021-06-18 10:02:35,975.75,1336590
2021-06-18 10:02:36,975.95,1337713
2021-06-18 10:02:37,975.5,1337777
2021-06-18 10:02:38,975.75,1338200
2021-06-18 10:02:39,975.85,1338220
2021-06-18 10:02:40,975.85,1338250
2021-06-18 10:02:41,975.5,1338252
2021-06-18 10:02:42,976.05,1339475
2021-06-18 10:02:43,976.5,1339819
2021-06-18 10:02:44,976.45,1339884
2021-06-18 10:02:45,976.45,1339884
2021-06-18 10:02:49,976.45,1340402
2021-06-18 10:02:50,976.5,1340702
2021-06-18 10:02:51,976.5,1340702
2021-06-18 10:02:52,976.5,1340754
2021-06-18 10:02:53,976.85,1340964
2021-06-18 10:02:54,976.85,1341064
2021-06-18 10:02:55,977.25,1342692
2021-06-18 10:02:56,977.5,1342742
2021-06-18 10:02:57,977.5,1342742
2021-06-18 10:02:58,977.3,1342762
2021-06-18 10:02:59,977.05,1342892
2021-06-18 10:03:00,977.55,1343193
2021-06-18 10:03:01,977.55,1343228
2021-06-18 10:03:02,977.9,1344171
2021-06-18 10:03:03,977.0,1344381
2021-06-18 10:03:04,977.05,1344426
2021-06-18 10:03:05,976.05,1345413
2021-06-18 10:03:06,976.85,1346059
2021-06-18 10:03:07,978.4,1355953
2021-06-18 10:03:08,977.95,1356104
2021-06-18 10:03:09,978.4,1356775
2021-06-18 10:03:10,978.05,1357726
2021-06-18 10:03:11,977.5,1358108
2021-06-18 10:03:12,977.5,1358108
2021-06-18 10:03:13,978.2,1358790
2021-06-18 10:03:14,977.65,1359022
2021-06-18 10:03:15,978.0,1359284
2021-06-18 10:03:16,977.7,1359289
2021-06-18 10:03:17,977.4,1360302
2021-06-18 10:03:18,977.65,1360347
2021-06-18 10:03:21,977.75,1360539
2021-06-18 10:03:22,978.0,1360556
2021-06-18 10:03:23,978.0,1360556
2021-06-18 10:03:24,978.0,1360850
2021-06-18 10:03:25,978.1,1360970
2021-06-18 10:03:26,977.55,1361950
2021-06-18 10:03:27,977.4,1362067
2021-06-18 10:03:28,977.4,1362167
2021-06-18 10:03:31,977.0,1362748
2021-06-18 10:03:32,977.0,1362748
2021-06-18 10:03:33,977.0,1363645
2021-06-18 10:03:34,977.45,1364743
2021-06-18 10:03:35,977.25,1364904
2021-06-18 10:03:36,976.75,1364907
2021-06-18 10:03:37,976.75,1364907
2021-06-18 10:03:38,976.75,1364907
2021-06-18 10:03:39,977.2,1364936
2021-06-18 10:03:40,977.2,1364971
2021-06-18 10:03:41,977.2,1365003
2021-06-18 10:03:43,977.0,1365068
2021-06-18 10:03:43,977.3,1365080
2021-06-18 10:03:44,977.3,1365136
2021-06-18 10:03:45,977.65,1365188
2021-06-18 10:03:46,977.6,1365288
2021-06-18 10:03:47,977.9,1366049
2021-06-18 10:03:48,977.9,1366049
2021-06-18 10:03:50,977.9,1366049
2021-06-18 10:03:51,978.0,1366062
2021-06-18 10:03:52,977.95,1366201
2021-06-18 10:03:53,977.8,1366266
2021-06-18 10:03:54,977.7,1366576
2021-06-18 10:03:55,977.85,1367134
2021-06-18 10:03:57,978.0,1367634
2021-06-18 10:03:58,978.15,1369214
2021-06-18 10:04:00,978.35,1369444
2021-06-18 10:04:01,977.9,1373638
2021-06-18 10:04:01,977.9,1373638
2021-06-18 10:04:02,977.75,1373758
2021-06-18 10:04:03,977.7,1373808
2021-06-18 10:04:04,977.7,1374122
2021-06-18 10:04:05,977.85,1374218
2021-06-18 10:04:06,978.2,1374251
2021-06-18 10:04:07,978.2,1374377
2021-06-18 10:04:08,977.7,1374399
2021-06-18 10:04:10,977.55,1374467
2021-06-18 10:04:10,977.75,1374777
2021-06-18 10:04:11,977.75,1374827
2021-06-18 10:04:12,978.25,1374832
2021-06-18 10:04:13,977.8,1375047
2021-06-18 10:04:14,978.65,1375122
2021-06-18 10:04:15,978.0,1375142
2021-06-18 10:04:17,977.9,1375643
2021-06-18 10:04:18,978.25,1375754
2021-06-18 10:04:19,978.25,1375754
2021-06-18 10:04:20,978.5,1376058
2021-06-18 10:04:21,978.75,1376108
2021-06-18 10:04:21,978.75,1376108
2021-06-18 10:04:22,978.45,1376151
2021-06-18 10:04:23,978.75,1376176
2021-06-18 10:04:24,978.45,1376501
2021-06-18 10:04:25,978.8,1376711
2021-06-18 10:04:27,978.5,1376768
2021-06-18 10:04:28,978.8,1377186
2021-06-18 10:04:29,978.8,1377215
2021-06-18 10:04:30,979.0,1377650
2021-06-18 10:04:32,979.0,1377680
2021-06-18 10:04:32,979.0,1377680
2021-06-18 10:04:35,978.95,1378348
2021-06-18 10:04:36,979.0,1378371
2021-06-18 10:04:37,979.35,1378780
2021-06-18 10:04:38,978.95,1378884
2021-06-18 10:04:39,978.95,1380947
2021-06-18 10:04:41,979.35,1380949
2021-06-18 10:04:41,979.35,1380949
2021-06-18 10:04:42,979.35,1380949
2021-06-18 10:04:43,979.0,1381888
2021-06-18 10:04:44,979.55,1382693
2021-06-18 10:04:45,979.0,1383245
2021-06-18 10:04:46,979.45,1383356
2021-06-18 10:04:47,979.45,1383406
2021-06-18 10:04:48,979.35,1383466
2021-06-18 10:04:49,979.55,1383614
2021-06-18 10:04:50,978.85,1384268
2021-06-18 10:04:51,978.85,1384328
2021-06-18 10:04:52,978.8,1384650
2021-06-18 10:04:53,979.5,1385444
2021-06-18 10:04:54,979.5,1385444
2021-06-18 10:04:55,979.5,1385464
2021-06-18 10:04:57,979.2,1385465
2021-06-18 10:04:58,979.5,1385504
2021-06-18 10:04:59,979.15,1385574
2021-06-18 10:05:00,979.5,1385583
2021-06-18 10:05:01,978.9,1385721
2021-06-18 10:05:01,979.35,1385921
2021-06-18 10:05:03,979.5,1386137
2021-06-18 10:05:04,979.15,1387152
2021-06-18 10:05:05,979.35,1387163
2021-06-18 10:05:07,979.0,1387319
2021-06-18 10:05:08,979.4,1387364
2021-06-18 10:05:09,979.6,1388492
2021-06-18 10:05:09,979.6,1388492
2021-06-18 10:05:10,979.6,1388718
2021-06-18 10:05:11,979.35,1388907
2021-06-18 10:05:12,979.8,1388990
2021-06-18 10:05:13,980.7,1391765
2021-06-18 10:05:14,980.7,1391958
2021-06-18 10:05:15,980.85,1392409
2021-06-18 10:05:16,980.5,1393054
2021-06-18 10:05:17,981.25,1393935
2021-06-18 10:05:18,980.5,1394085
2021-06-18 10:05:19,981.0,1394100
2021-06-18 10:05:20,979.25,1394375
2021-06-18 10:05:21,980.1,1394575
2021-06-18 10:05:22,980.7,1394756
2021-06-18 10:05:23,981.05,1395069
2021-06-18 10:05:24,981.7,1395563
2021-06-18 10:05:26,981.7,1396328
2021-06-18 10:05:27,981.7,1396328
2021-06-18 10:05:28,982.0,1397934
2021-06-18 10:05:29,980.95,1398551
2021-06-18 10:05:30,981.0,1398751
2021-06-18 10:05:31,981.0,1398751
2021-06-18 10:05:32,980.45,1399012
2021-06-18 10:05:33,980.35,1399117
2021-06-18 10:05:34,980.95,1400038
2021-06-18 10:05:35,981.1,1400301
2021-06-18 10:05:35,981.1,1400301
2021-06-18 10:05:36,981.15,1400389
2021-06-18 10:05:37,981.4,1400611
2021-06-18 10:05:38,981.2,1400664
2021-06-18 10:05:39,981.2,1400664
2021-06-18 10:05:41,981.0,1401414
2021-06-18 10:05:42,981.7,1401744
2021-06-18 10:05:42,981.2,1404178
2021-06-18 10:05:43,981.05,1404208
2021-06-18 10:05:44,980.85,1404226
2021-06-18 10:05:45,981.15,1404336
2021-06-18 10:05:46,980.95,1404543
2021-06-18 10:05:47,980.55,1404755
2021-06-18 10:05:49,980.5,1404961
2021-06-18 10:05:50,980.5,1404981
2021-06-18 10:05:51,980.15,1405996
2021-06-18 10:05:52,980.65,1406142
2021-06-18 10:05:53,980.45,1409130
2021-06-18 10:05:54,980.45,1409130
2021-06-18 10:05:55,980.65,1409585
2021-06-18 10:05:56,980.65,1409586
2021-06-18 10:05:58,980.65,1409586
2021-06-18 10:05:59,981.0,1409686
2021-06-18 10:06:00,980.8,1409802
2021-06-18 10:06:00,980.8,1409802
2021-06-18 10:06:01,980.6,1410025
2021-06-18 10:06:02,980.8,1410027
2021-06-18 10:06:03,980.5,1410051
2021-06-18 10:06:04,980.5,1410052
2021-06-18 10:06:07,980.9,1411966
2021-06-18 10:06:08,980.9,1411966
2021-06-18 10:06:08,980.9,1411976
2021-06-18 10:06:09,980.6,1412052
2021-06-18 10:06:10,980.8,1412207
2021-06-18 10:06:11,980.6,1412247
2021-06-18 10:06:13,980.5,1412367
2021-06-18 10:06:14,980.9,1412372
2021-06-18 10:06:15,980.9,1412373
2021-06-18 10:06:15,980.6,1412383
2021-06-18 10:06:16,980.8,1412404
2021-06-18 10:06:17,980.9,1412419
2021-06-18 10:06:18,980.8,1412420
2021-06-18 10:06:19,980.8,1412515
2021-06-18 10:06:20,980.5,1412736
2021-06-18 10:06:22,980.8,1412790
2021-06-18 10:06:23,980.8,1412793
2021-06-18 10:06:24,980.6,1413279
2021-06-18 10:06:24,980.6,1413279
2021-06-18 10:06:25,980.9,1413347
2021-06-18 10:06:26,980.9,1413347
2021-06-18 10:06:27,980.25,1414685
2021-06-18 10:06:29,980.65,1414705
2021-06-18 10:06:30,980.6,1414745
2021-06-18 10:06:30,980.6,1414745
2021-06-18 10:06:31,980.55,1414972
2021-06-18 10:06:32,980.4,1415441
2021-06-18 10:06:35,980.55,1417757
2021-06-18 10:06:36,980.45,1418555
2021-06-18 10:06:37,980.5,1419066
2021-06-18 10:06:37,980.5,1419066
2021-06-18 10:06:38,980.5,1420205
2021-06-18 10:06:39,980.5,1420205
2021-06-18 10:06:40,980.4,1420388
2021-06-18 10:06:42,980.4,1420388
2021-06-18 10:06:43,980.5,1420513
2021-06-18 10:06:44,980.1,1420913
2021-06-18 10:06:45,980.5,1421772
2021-06-18 10:06:46,980.9,1422853
2021-06-18 10:06:47,980.85,1422923
2021-06-18 10:06:48,980.85,1422923
2021-06-18 10:06:48,981.0,1424785
2021-06-18 10:06:49,980.55,1425821
2021-06-18 10:06:50,981.0,1426516
2021-06-18 10:06:51,981.0,1426516
2021-06-18 10:06:53,981.0,1426516
2021-06-18 10:06:54,980.85,1426568
2021-06-18 10:06:55,981.1,1426928
2021-06-18 10:06:55,981.1,1426928
2021-06-18 10:06:56,980.55,1426978
2021-06-18 10:06:57,980.75,1427078
2021-06-18 10:06:58,980.95,1427108
2021-06-18 10:06:59,980.55,1427128
2021-06-18 10:07:00,980.95,1427331
2021-06-18 10:07:02,981.0,1428136
2021-06-18 10:07:03,980.6,1428216
2021-06-18 10:07:03,980.4,1428616
2021-06-18 10:07:04,980.4,1428616
2021-06-18 10:07:05,980.25,1429216
2021-06-18 10:07:06,980.25,1429379
2021-06-18 10:07:08,981.0,1429381
2021-06-18 10:07:09,981.0,1429507
2021-06-18 10:07:10,980.5,1429568
2021-06-18 10:07:13,980.5,1429954
2021-06-18 10:07:14,980.5,1429954
2021-06-18 10:07:15,980.0,1430295
2021-06-18 10:07:17,980.0,1430371
2021-06-18 10:07:18,980.5,1430421
2021-06-18 10:07:18,980.5,1430421
2021-06-18 10:07:19,980.3,1430721
2021-06-18 10:07:20,980.0,1430971
2021-06-18 10:07:22,979.75,1432966
2021-06-18 10:07:23,979.35,1433116
2021-06-18 10:07:25,979.15,1433209
2021-06-18 10:07:26,978.85,1433334
2021-06-18 10:07:26,978.85,1433334
2021-06-18 10:07:27,979.3,1433559
2021-06-18 10:07:28,979.3,1433559
2021-06-18 10:07:29,979.05,1433703
2021-06-18 10:07:30,979.1,1433780
2021-06-18 10:07:31,978.6,1433882
2021-06-18 10:07:32,979.2,1434357
2021-06-18 10:07:33,978.95,1434362
2021-06-18 10:07:34,978.65,1434378
2021-06-18 10:07:36,978.65,1434379
2021-06-18 10:07:36,978.65,1434379
2021-06-18 10:07:38,977.8,1435552
2021-06-18 10:07:39,977.25,1437347
2021-06-18 10:07:39,977.25,1437347
2021-06-18 10:07:40,977.65,1439416
2021-06-18 10:07:41,977.55,1439834
2021-06-18 10:07:42,978.25,1440257
2021-06-18 10:07:44,977.45,1440358
2021-06-18 10:07:45,977.45,1440390
2021-06-18 10:07:46,977.55,1440490
2021-06-18 10:07:47,977.95,1441031
2021-06-18 10:07:48,977.4,1441201
2021-06-18 10:07:49,976.95,1441901
2021-06-18 10:07:49,976.95,1441901
2021-06-18 10:07:51,976.9,1442046
2021-06-18 10:07:52,976.85,1442074
2021-06-18 10:07:53,977.0,1442084
2021-06-18 10:07:54,977.1,1442985
2021-06-18 10:07:57,977.95,1445381
2021-06-18 10:07:58,977.55,1445391
2021-06-18 10:07:59,977.55,1445391
2021-06-18 10:08:00,977.0,1445471
