timestamp,ltp,volume
2021-06-18 09:16:31,1509.5,247577
2021-06-18 09:16:32,1509.6,248295
2021-06-18 09:16:34,1509.95,249462
2021-06-18 09:16:34,1509.7,250309
2021-06-18 09:16:36,1509.25,251543
2021-06-18 09:16:37,1509.25,252851
2021-06-18 09:16:38,1509.6,253712
2021-06-18 09:16:39,1509.5,254446
2021-06-18 09:16:40,1509.45,255328
2021-06-18 09:16:42,1509.1,259936
2021-06-18 09:16:43,1509.15,260293
2021-06-18 09:16:43,1509.25,260319
2021-06-18 09:16:44,1509.25,260561
2021-06-18 09:16:46,1509.1,260869
2021-06-18 09:16:47,1509.25,261265
2021-06-18 09:16:48,1509.75,262085
2021-06-18 09:16:49,1509.15,262843
2021-06-18 09:16:50,1509.6,263673
2021-06-18 09:16:50,1509.6,263680
2021-06-18 09:16:52,1509.1,264135
2021-06-18 09:16:53,1509.4,265495
2021-06-18 09:16:54,1509.0,266219
2021-06-18 09:16:55,1509.0,267144
2021-06-18 09:16:56,1509.1,268577
2021-06-18 09:16:57,1508.95,271173
2021-06-18 09:16:58,1509.15,272207
2021-06-18 09:16:59,1509.4,272742
2021-06-18 09:17:00,1510.15,277431
2021-06-18 09:17:02,1510.2,279988
2021-06-18 09:17:03,1509.2,281874
2021-06-18 09:17:04,1509.2,282279
2021-06-18 09:17:05,1509.5,282577
2021-06-18 09:17:06,1509.45,283088
2021-06-18 09:17:07,1509.4,283590
2021-06-18 09:17:08,1509.4,283980
2021-06-18 09:17:10,1509.4,285474
2021-06-18 09:17:11,1509.5,285618
2021-06-18 09:17:12,1509.45,287706
2021-06-18 09:17:13,1509.8,289236
2021-06-18 09:17:14,1509.85,290262
2021-06-18 09:17:16,1509.9,290684
2021-06-18 09:17:17,1509.3,291954
2021-06-18 09:17:18,1510.0,292813
2021-06-18 09:17:19,1510.0,293326
2021-06-18 09:17:20,1510.45,293688
2021-06-18 09:17:20,1510.45,293688
2021-06-18 09:17:21,1510.0,293703
2021-06-18 09:17:23,1510.45,294050
2021-06-18 09:17:24,1509.9,294404
2021-06-18 09:17:25,1510.7,295255
2021-06-18 09:17:26,1510.05,295755
2021-06-18 09:17:26,1510.75,295856
2021-06-18 09:17:27,1510.45,296216
2021-06-18 09:17:28,1510.05,296246
2021-06-18 09:17:30,1510.2,297335
2021-06-18 09:17:31,1510.75,297969
2021-06-18 09:17:32,1510.75,299286
2021-06-18 09:17:33,1511.0,303521
2021-06-18 09:17:33,1510.65,302965
2021-06-18 09:17:34,1510.6,304866
2021-06-18 09:17:35,1510.6,309521
2021-06-18 09:17:36,1510.75,310843
2021-06-18 09:17:38,1510.9,311738
2021-06-18 09:17:39,1511.0,312420
2021-06-18 09:17:40,1511.15,312769
2021-06-18 09:17:41,1510.85,313653
2021-06-18 09:17:41,1511.0,313736
2021-06-18 09:17:43,1511.5,315053
2021-06-18 09:17:44,1510.9,315384
2021-06-18 09:17:45,1511.5,316288
2021-06-18 09:17:46,1510.95,319456
2021-06-18 09:17:46,1511.1,319932
2021-06-18 09:17:48,1511.15,323828
2021-06-18 09:17:49,1510.9,327178
2021-06-18 09:17:50,1510.75,329097
2021-06-18 09:17:51,1510.6,330238
2021-06-18 09:17:51,1510.6,330238
2021-06-18 09:17:52,1511.05,330631
2021-06-18 09:17:54,1510.8,330944
2021-06-18 09:17:55,1511.05,331398
2021-06-18 09:17:56,1510.9,331860
2021-06-18 09:17:58,1511.05,334848
2021-06-18 09:17:59,1510.9,335318
2021-06-18 09:18:00,1511.05,335932
2021-06-18 09:18:01,1511.1,336295
2021-06-18 09:18:02,1511.1,336419
2021-06-18 09:18:03,1510.9,337809
2021-06-18 09:18:04,1510.85,339186
2021-06-18 09:18:05,1511.3,340605
2021-06-18 09:18:05,1511.45,341210
2021-06-18 09:18:07,1511.0,342846
2021-06-18 09:18:08,1511.25,343557
2021-06-18 09:18:09,1511.15,346444
2021-06-18 09:18:10,1511.15,346521
2021-06-18 09:18:11,1511.55,348419
2021-06-18 09:18:12,1511.25,348713
2021-06-18 09:18:13,1511.25,355694
2021-06-18 09:18:14,1511.05,357623
2021-06-18 09:18:16,1511.1,358774
2021-06-18 09:18:17,1511.4,358903
2021-06-18 09:18:18,1511.3,360168
2021-06-18 09:18:19,1511.25,361146
2021-06-18 09:18:20,1511.3,364242
2021-06-18 09:18:21,1511.45,364718
2021-06-18 09:18:22,1511.15,364918
2021-06-18 09:18:23,1511.15,366700
2021-06-18 09:18:24,1511.45,367210
2021-06-18 09:18:26,1511.5,370864
2021-06-18 09:18:27,1511.4,371079
2021-06-18 09:18:28,1511.8,372226
2021-06-18 09:18:29,1511.45,372336
2021-06-18 09:18:30,1512.0,374636
2021-06-18 09:18:31,1511.55,374798
2021-06-18 09:18:32,1511.8,374901
2021-06-18 09:18:33,1511.8,375370
2021-06-18 09:18:34,1511.55,375802
2021-06-18 09:18:35,1511.8,377427
2021-06-18 09:18:36,1511.7,378273
2021-06-18 09:18:37,1511.7,379346
2021-06-18 09:18:38,1512.0,382304
2021-06-18 09:18:39,1512.0,382979
2021-06-18 09:18:40,1511.85,385190
2021-06-18 09:18:41,1511.85,386254
2021-06-18 09:18:42,1511.55,387795
2021-06-18 09:18:43,1511.55,388616
2021-06-18 09:18:44,1511.95,388723
2021-06-18 09:18:45,1512.0,389966
2021-06-18 09:18:46,1512.0,391131
2021-06-18 09:18:47,1512.55,393735
2021-06-18 09:18:48,1512.6,394543
2021-06-18 09:18:49,1512.6,394568
2021-06-18 09:18:50,1512.8,395235
2021-06-18 09:18:51,1512.25,395847
2021-06-18 09:18:52,1512.25,396505
2021-06-18 09:18:53,1512.7,397486
2021-06-18 09:18:54,1512.75,397817
2021-06-18 09:18:56,1513.05,400997
2021-06-18 09:18:57,1513.0,401567
2021-06-18 09:18:58,1513.05,404267
2021-06-18 09:18:59,1513.5,404721
2021-06-18 09:19:00,1513.65,405536
2021-06-18 09:19:01,1513.75,406564
2021-06-18 09:19:02,1513.3,407749
2021-06-18 09:19:04,1514.0,412674
2021-06-18 09:19:05,1513.6,415212
2021-06-18 09:19:06,1513.6,415212
2021-06-18 09:19:07,1514.0,416355
2021-06-18 09:19:08,1514.0,418404
2021-06-18 09:19:09,1514.1,418833
2021-06-18 09:19:10,1514.2,419739
2021-06-18 09:19:11,1514.7,421921
2021-06-18 09:19:13,1514.2,422794
2021-06-18 09:19:12,1514.1,422789
2021-06-18 09:19:14,1514.1,423590
2021-06-18 09:19:15,1514.1,424522
2021-06-18 09:19:16,1514.5,425561
2021-06-18 09:19:17,1514.8,426295
2021-06-18 09:19:18,1514.85,427375
2021-06-18 09:19:19,1514.9,428298
2021-06-18 09:19:20,1514.85,429450
2021-06-18 09:19:22,1514.6,433389
2021-06-18 09:19:21,1515.0,433209
2021-06-18 09:19:23,1514.6,434531
2021-06-18 09:19:24,1514.6,435682
2021-06-18 09:19:25,1515.0,437574
2021-06-18 09:19:26,1515.0,445937
2021-06-18 09:19:27,1514.85,448393
2021-06-18 09:19:29,1514.95,458587
2021-06-18 09:19:30,1515.0,458899
2021-06-18 09:19:31,1515.05,459829
2021-06-18 09:19:32,1515.7,461857
2021-06-18 09:19:33,1515.1,466502
2021-06-18 09:19:34,1515.75,467974
2021-06-18 09:19:35,1515.2,468407
2021-06-18 09:19:36,1515.5,469514
2021-06-18 09:19:37,1515.65,470927
2021-06-18 09:19:38,1515.2,472251
2021-06-18 09:19:39,1515.6,472505
2021-06-18 09:19:40,1515.6,473088
2021-06-18 09:19:41,1515.4,473866
2021-06-18 09:19:42,1515.3,476123
2021-06-18 09:19:43,1515.6,478453
2021-06-18 09:19:44,1515.2,484977
2021-06-18 09:19:45,1515.35,486652
2021-06-18 09:19:46,1515.35,487680
2021-06-18 09:19:47,1515.15,489831
2021-06-18 09:19:48,1515.6,491863
2021-06-18 09:19:49,1515.15,493170
2021-06-18 09:19:50,1515.15,493488
2021-06-18 09:19:52,1515.0,495431
2021-06-18 09:19:53,1514.15,502880
2021-06-18 09:19:54,1514.25,503459
2021-06-18 09:19:55,1514.3,505507
2021-06-18 09:19:56,1514.3,505961
2021-06-18 09:19:57,1513.9,507208
2021-06-18 09:19:58,1513.85,508036
2021-06-18 09:20:00,1513.85,508760
2021-06-18 09:19:59,1514.0,508683
2021-06-18 09:20:01,1513.9,509648
2021-06-18 09:20:02,1513.85,510107
2021-06-18 09:20:03,1513.0,512294
2021-06-18 09:20:04,1512.6,513548
2021-06-18 09:20:05,1511.7,518287
2021-06-18 09:20:07,1511.85,519495
2021-06-18 09:20:08,1512.0,519996
2021-06-18 09:20:09,1513.0,522015
2021-06-18 09:20:10,1512.35,523014
2021-06-18 09:20:11,1513.05,523641
2021-06-18 09:20:12,1513.05,524977
2021-06-18 09:20:13,1513.05,525102
2021-06-18 09:20:14,1513.35,526869
2021-06-18 09:20:15,1513.05,527536
2021-06-18 09:20:16,1512.5,528338
2021-06-18 09:20:17,1512.95,528826
2021-06-18 09:20:18,1512.6,528862
2021-06-18 09:20:19,1512.6,529021
2021-06-18 09:20:20,1512.6,529276
2021-06-18 09:20:21,1512.15,529672
2021-06-18 09:20:22,1512.1,529853
2021-06-18 09:20:23,1512.8,530547
2021-06-18 09:20:25,1512.75,530721
2021-06-18 09:20:25,1512.15,530722
2021-06-18 09:20:26,1512.0,531084
2021-06-18 09:20:27,1512.6,531741
2021-06-18 09:20:28,1511.95,532308
2021-06-18 09:20:29,1512.2,533673
2021-06-18 09:20:30,1512.0,534240
2021-06-18 09:20:31,1511.65,534546
2021-06-18 09:20:33,1511.8,535562
2021-06-18 09:20:33,1511.45,535564
2021-06-18 09:20:34,1511.45,536513
2021-06-18 09:20:35,1511.6,537255
2021-06-18 09:20:36,1511.0,541027
2021-06-18 09:20:37,1511.0,541267
2021-06-18 09:20:38,1511.45,542559
2021-06-18 09:20:40,1511.0,544339
2021-06-18 09:20:41,1511.0,544752
2021-06-18 09:20:41,1511.2,544757
2021-06-18 09:20:42,1511.45,544888
2021-06-18 09:20:43,1511.45,546151
2021-06-18 09:20:44,1511.35,548313
2021-06-18 09:20:45,1511.45,549309
2021-06-18 09:20:46,1511.0,549571
2021-06-18 09:20:48,1511.0,549909
2021-06-18 09:20:48,1511.3,549954
2021-06-18 09:20:49,1511.15,550773
2021-06-18 09:20:50,1511.0,551419
2021-06-18 09:20:51,1511.1,551523
2021-06-18 09:20:52,1511.15,552265
2021-06-18 09:20:53,1510.9,552495
2021-06-18 09:20:55,1510.85,553197
2021-06-18 09:20:55,1510.85,553227
2021-06-18 09:20:56,1510.75,554415
2021-06-18 09:20:57,1510.8,555043
2021-06-18 09:20:58,1510.65,556875
2021-06-18 09:21:00,1510.35,557172
2021-06-18 09:21:00,1510.35,557172
2021-06-18 09:21:02,1510.5,558373
2021-06-18 09:21:03,1510.5,558556
2021-06-18 09:21:05,1510.8,559242
2021-06-18 09:21:05,1510.35,559312
2021-06-18 09:21:06,1510.35,559492
2021-06-18 09:21:07,1510.5,559731
2021-06-18 09:21:08,1510.8,559762
2021-06-18 09:21:09,1510.3,560052
2021-06-18 09:21:11,1510.8,560921
2021-06-18 09:21:11,1510.8,561021
2021-06-18 09:21:12,1510.1,561346
2021-06-18 09:21:13,1510.1,561512
2021-06-18 09:21:14,1510.1,561716
2021-06-18 09:21:16,1509.5,574858
2021-06-18 09:21:16,1509.65,574850
2021-06-18 09:21:17,1509.5,575047
2021-06-18 09:21:18,1509.65,577352
2021-06-18 09:21:19,1509.6,578207
2021-06-18 09:21:20,1509.15,579012
2021-06-18 09:21:21,1509.2,580042
2021-06-18 09:21:22,1509.9,581096
2021-06-18 09:21:24,1509.95,581517
2021-06-18 09:21:24,1509.95,582063
2021-06-18 09:21:25,1509.8,583415
2021-06-18 09:21:26,1509.55,584488
2021-06-18 09:21:27,1508.95,584896
2021-06-18 09:21:28,1508.75,585177
2021-06-18 09:21:30,1509.0,585773
2021-06-18 09:21:30,1509.45,586023
2021-06-18 09:21:31,1509.0,586457
2021-06-18 09:21:32,1508.75,588035
2021-06-18 09:21:33,1508.5,588636
2021-06-18 09:21:34,1509.0,589120
2021-06-18 09:21:36,1509.0,589613
2021-06-18 09:21:36,1509.0,589714
2021-06-18 09:21:37,1509.0,590217
2021-06-18 09:21:38,1508.95,590718
2021-06-18 09:21:39,1509.0,591949
2021-06-18 09:21:40,1509.0,596408
2021-06-18 09:21:42,1508.8,597723
2021-06-18 09:21:43,1509.0,598399
2021-06-18 09:21:43,1509.25,598508
2021-06-18 09:21:44,1509.25,598984
2021-06-18 09:21:45,1508.9,599639
2021-06-18 09:21:46,1508.9,600248
2021-06-18 09:21:47,1508.9,602023
2021-06-18 09:21:49,1509.0,602900
2021-06-18 09:21:49,1509.4,602699
2021-06-18 09:21:50,1508.8,604096
2021-06-18 09:21:51,1508.1,605994
2021-06-18 09:21:52,1508.0,606696
2021-06-18 09:21:53,1508.1,607554
2021-06-18 09:21:54,1508.55,609622
2021-06-18 09:21:56,1508.55,610599
2021-06-18 09:21:57,1508.5,611488
2021-06-18 09:21:58,1508.95,612253
2021-06-18 09:21:59,1508.95,613774
2021-06-18 09:22:00,1509.15,614626
2021-06-18 09:22:01,1509.05,615158
2021-06-18 09:22:02,1508.75,615942
2021-06-18 09:22:04,1508.75,616868
2021-06-18 09:22:04,1509.2,616938
2021-06-18 09:22:05,1509.45,617513
2021-06-18 09:22:06,1509.05,617922
2021-06-18 09:22:07,1509.95,618433
2021-06-18 09:22:08,1510.0,618779
2021-06-18 09:22:09,1509.35,619650
2021-06-18 09:22:11,1509.25,620044
2021-06-18 09:22:11,1509.1,620248
2021-06-18 09:22:12,1509.7,620315
2021-06-18 09:22:13,1509.5,620510
2021-06-18 09:22:14,1509.45,620723
2021-06-18 09:22:15,1508.85,622267
2021-06-18 09:22:16,1508.95,622371
2021-06-18 09:22:17,1508.95,622673
2021-06-18 09:22:19,1509.05,623710
2021-06-18 09:22:20,1509.45,624215
2021-06-18 09:22:21,1509.3,624433
2021-06-18 09:22:22,1509.5,624908
2021-06-18 09:22:23,1509.5,624965
2021-06-18 09:22:25,1509.2,625480
2021-06-18 09:22:26,1509.1,625827
2021-06-18 09:22:27,1509.0,626188
2021-06-18 09:22:28,1509.5,626970
2021-06-18 09:22:29,1509.8,627298
2021-06-18 09:22:31,1509.25,627946
2021-06-18 09:22:31,1509.25,627954
2021-06-18 09:22:32,1509.25,627970
2021-06-18 09:22:33,1509.45,628274
2021-06-18 09:22:34,1509.35,628831
2021-06-18 09:22:36,1509.75,629047
2021-06-18 09:22:37,1509.7,629328
2021-06-18 09:22:38,1509.9,631478
2021-06-18 09:22:39,1509.9,632691
2021-06-18 09:22:40,1509.7,634230
2021-06-18 09:22:40,1509.7,634400
2021-06-18 09:22:41,1510.0,634564
2021-06-18 09:22:42,1510.0,634600
2021-06-18 09:22:43,1510.3,636564
2021-06-18 09:22:45,1509.95,637112
2021-06-18 09:22:46,1509.85,638100
2021-06-18 09:22:46,1509.85,638100
2021-06-18 09:22:47,1510.45,638151
2021-06-18 09:22:48,1509.85,638509
2021-06-18 09:22:50,1509.95,639159
2021-06-18 09:22:51,1509.9,639324
2021-06-18 09:22:52,1509.95,639339
2021-06-18 09:22:53,1509.95,640278
2021-06-18 09:22:54,1509.95,640740
2021-06-18 09:22:55,1509.95,642132
2021-06-18 09:22:56,1509.95,642320
2021-06-18 09:22:57,1509.95,642673
2021-06-18 09:22:58,1509.85,643991
2021-06-18 09:22:59,1509.95,646143
2021-06-18 09:23:00,1510.0,646554
2021-06-18 09:23:01,1510.55,646651
2021-06-18 09:23:02,1510.25,646769
2021-06-18 09:23:03,1510.3,646809
2021-06-18 09:23:04,1510.9,647016
2021-06-18 09:23:05,1510.9,647094
2021-06-18 09:23:06,1510.3,647141
2021-06-18 09:23:07,1510.7,647816
2021-06-18 09:23:08,1510.7,650494
2021-06-18 09:23:09,1510.75,651259
2021-06-18 09:23:10,1510.75,652808
2021-06-18 09:23:11,1510.75,653467
2021-06-18 09:23:12,1511.25,653495
2021-06-18 09:23:13,1511.25,653559
2021-06-18 09:23:14,1510.85,655344
2021-06-18 09:23:15,1511.0,655557
2021-06-18 09:23:16,1511.3,655872
2021-06-18 09:23:17,1510.9,655966
2021-06-18 09:23:18,1510.9,656462
2021-06-18 09:23:19,1510.85,656982
2021-06-18 09:23:20,1510.85,657373
2021-06-18 09:23:21,1510.85,657389
2021-06-18 09:23:22,1510.85,657723
2021-06-18 09:23:23,1511.45,657892
2021-06-18 09:23:24,1511.45,657906
2021-06-18 09:23:24,1511.45,657906
2021-06-18 09:23:25,1511.4,658177
2021-06-18 09:23:26,1511.05,658479
2021-06-18 09:23:27,1511.6,658511
2021-06-18 09:23:28,1511.3,658586
2021-06-18 09:23:29,1511.65,658851
2021-06-18 09:23:30,1511.45,659208
2021-06-18 09:23:31,1511.45,659685
2021-06-18 09:23:32,1511.75,659972
2021-06-18 09:23:33,1511.65,661321
2021-06-18 09:23:34,1511.95,662130
2021-06-18 09:23:35,1511.45,663088
2021-06-18 09:23:36,1512.0,663278
2021-06-18 09:23:37,1511.8,663792
2021-06-18 09:23:38,1512.7,668492
2021-06-18 09:23:39,1513.6,669803
2021-06-18 09:23:40,1512.9,670170
2021-06-18 09:23:41,1512.9,670407
2021-06-18 09:23:42,1513.6,670638
2021-06-18 09:23:43,1513.7,671556
2021-06-18 09:23:44,1513.85,671622
2021-06-18 09:23:45,1513.6,672645
2021-06-18 09:23:46,1513.65,672808
2021-06-18 09:23:47,1513.1,673537
2021-06-18 09:23:48,1513.9,674877
2021-06-18 09:23:49,1513.15,675612
2021-06-18 09:23:50,1513.2,676057
2021-06-18 09:23:51,1513.1,677017
2021-06-18 09:23:52,1513.4,677700
2021-06-18 09:23:53,1513.0,679948
2021-06-18 09:23:54,1513.0,680107
2021-06-18 09:23:55,1512.9,681798
2021-06-18 09:23:56,1512.4,681997
2021-06-18 09:23:57,1512.6,682808
2021-06-18 09:23:58,1512.65,683078
2021-06-18 09:23:59,1512.65,683136
2021-06-18 09:24:00,1512.2,683197
2021-06-18 09:24:01,1512.65,683336
2021-06-18 09:24:02,1512.2,683941
2021-06-18 09:24:03,1512.25,684676
2021-06-18 09:24:04,1512.2,685153
2021-06-18 09:24:05,1512.25,687171
2021-06-18 09:24:06,1512.5,687482
2021-06-18 09:24:07,1512.55,687934
2021-06-18 09:24:08,1512.65,688816
2021-06-18 09:24:09,1512.45,689014
2021-06-18 09:24:11,1512.45,689980
2021-06-18 09:24:12,1512.45,690357
2021-06-18 09:24:13,1512.5,691095
2021-06-18 09:24:14,1512.5,691762
2021-06-18 09:24:15,1512.8,695436
2021-06-18 09:24:16,1513.15,696760
2021-06-18 09:24:17,1513.0,699710
2021-06-18 09:24:18,1512.55,704610
2021-06-18 09:24:19,1513.35,705556
2021-06-18 09:24:20,1513.5,706492
2021-06-18 09:24:21,1513.0,706855
2021-06-18 09:24:22,1513.0,707694
2021-06-18 09:24:23,1513.05,707892
2021-06-18 09:24:24,1513.15,707922
2021-06-18 09:24:25,1513.15,708543
2021-06-18 09:24:26,1514.0,710140
2021-06-18 09:24:27,1513.5,710630
2021-06-18 09:24:28,1513.9,710823
2021-06-18 09:24:29,1514.25,713189
2021-06-18 09:24:30,1514.35,714278
2021-06-18 09:24:31,1514.65,714647
2021-06-18 09:24:32,1514.75,715518
2021-06-18 09:24:33,1514.0,715988
2021-06-18 09:24:34,1514.1,716653
2021-06-18 09:24:35,1514.1,717015
2021-06-18 09:24:36,1514.15,717739
2021-06-18 09:24:37,1514.8,718160
2021-06-18 09:24:38,1514.15,718388
2021-06-18 09:24:39,1514.5,718647
2021-06-18 09:24:40,1514.5,719144
2021-06-18 09:24:41,1514.15,719885
2021-06-18 09:24:42,1514.5,720560
2021-06-18 09:24:43,1514.15,720734
2021-06-18 09:24:45,1514.15,720958
2021-06-18 09:24:46,1514.15,721289
2021-06-18 09:24:47,1514.2,722107
2021-06-18 09:24:48,1514.15,726267
2021-06-18 09:24:49,1514.15,727094
2021-06-18 09:24:50,1514.4,727773
2021-06-18 09:24:51,1514.85,728328
2021-06-18 09:24:52,1514.2,728952
2021-06-18 09:24:53,1514.65,729160
2021-06-18 09:24:54,1514.7,729848
2021-06-18 09:24:55,1514.6,730261
2021-06-18 09:24:56,1514.5,730884
2021-06-18 09:24:57,1514.55,731867
2021-06-18 09:24:58,1514.55,732152
2021-06-18 09:24:59,1514.55,732428
2021-06-18 09:25:00,1514.5,733151
2021-06-18 09:25:01,1514.7,733402
2021-06-18 09:25:02,1514.7,733794
2021-06-18 09:25:03,1514.5,734059
2021-06-18 09:25:04,1514.45,734461
2021-06-18 09:25:05,1514.6,735389
2021-06-18 09:25:06,1514.5,736241
2021-06-18 09:25:07,1514.55,736543
2021-06-18 09:25:08,1514.5,737018
2021-06-18 09:25:09,1514.5,738861
2021-06-18 09:25:10,1514.55,739078
2021-06-18 09:25:11,1514.6,739791
2021-06-18 09:25:12,1514.5,740303
2021-06-18 09:25:13,1514.5,740819
2021-06-18 09:25:14,1514.5,741288
2021-06-18 09:25:15,1514.7,741328
2021-06-18 09:25:16,1514.6,741469
2021-06-18 09:25:17,1514.6,743869
2021-06-18 09:25:18,1515.1,756697
2021-06-18 09:25:19,1515.1,757084
2021-06-18 09:25:21,1515.0,758533
2021-06-18 09:25:22,1515.0,760825
2021-06-18 09:25:23,1515.1,760902
2021-06-18 09:25:24,1514.15,766971
2021-06-18 09:25:25,1514.8,768482
2021-06-18 09:25:26,1514.95,768814
2021-06-18 09:25:27,1514.9,769837
2021-06-18 09:25:28,1515.0,770356
2021-06-18 09:25:29,1514.65,770808
2021-06-18 09:25:30,1514.1,771086
2021-06-18 09:25:31,1514.0,771173
2021-06-18 09:25:32,1514.5,771371
2021-06-18 09:25:33,1514.2,771533
2021-06-18 09:25:34,1514.5,771800
2021-06-18 09:25:35,1514.5,772071
2021-06-18 09:25:36,1514.8,772313
2021-06-18 09:25:37,1514.8,773602
2021-06-18 09:25:38,1514.5,774280
2021-06-18 09:25:39,1515.0,774666
2021-06-18 09:25:40,1515.0,774786
2021-06-18 09:25:41,1514.5,776021
2021-06-18 09:25:42,1514.9,776314
2021-06-18 09:25:43,1514.25,777030
2021-06-18 09:25:44,1514.5,777161
2021-06-18 09:25:45,1514.95,777679
2021-06-18 09:25:46,1514.9,778044
2021-06-18 09:25:47,1514.85,780575
2021-06-18 09:25:48,1514.0,781443
2021-06-18 09:25:49,1514.5,781743
2021-06-18 09:25:50,1514.85,782038
2021-06-18 09:25:51,1514.5,782603
2021-06-18 09:25:52,1514.5,782820
2021-06-18 09:25:53,1514.5,783005
2021-06-18 09:25:54,1514.95,783728
2021-06-18 09:25:55,1514.95,783983
2021-06-18 09:25:56,1514.5,784053
2021-06-18 09:25:57,1514.95,784162
2021-06-18 09:25:58,1514.5,784347
2021-06-18 09:25:59,1514.95,784922
2021-06-18 09:26:00,1514.3,785783
2021-06-18 09:26:01,1514.5,785922
2021-06-18 09:26:02,1514.85,786145
2021-06-18 09:26:03,1514.85,786256
2021-06-18 09:26:04,1514.85,786624
2021-06-18 09:26:05,1514.4,787056
2021-06-18 09:26:06,1514.5,787114
2021-06-18 09:26:07,1514.5,787143
2021-06-18 09:26:08,1514.5,787428
2021-06-18 09:26:09,1514.4,787441
2021-06-18 09:26:09,1514.2,787448
2021-06-18 09:26:10,1514.4,787695
2021-06-18 09:26:11,1514.25,788098
2021-06-18 09:26:12,1514.1,799681
2021-06-18 09:26:13,1513.35,802166
2021-06-18 09:26:14,1513.25,802963
2021-06-18 09:26:15,1513.8,803119
2021-06-18 09:26:16,1513.05,804313
2021-06-18 09:26:17,1513.65,805114
2021-06-18 09:26:18,1512.95,805570
2021-06-18 09:26:19,1512.95,805770
2021-06-18 09:26:21,1513.55,805876
2021-06-18 09:26:22,1513.6,806062
2021-06-18 09:26:23,1513.0,806545
2021-06-18 09:26:24,1513.55,806930
2021-06-18 09:26:25,1512.85,807414
2021-06-18 09:26:26,1512.65,808100
2021-06-18 09:26:27,1513.15,808367
2021-06-18 09:26:28,1513.1,808490
2021-06-18 09:26:29,1513.05,808704
2021-06-18 09:26:30,1513.25,808910
2021-06-18 09:26:31,1513.0,809581
2021-06-18 09:26:33,1512.95,810167
2021-06-18 09:26:34,1513.2,810630
2021-06-18 09:26:35,1513.0,810947
2021-06-18 09:26:36,1512.75,811740
2021-06-18 09:26:37,1512.95,811894
2021-06-18 09:26:38,1513.1,813111
2021-06-18 09:26:39,1513.75,813314
2021-06-18 09:26:40,1513.2,813572
2021-06-18 09:26:41,1513.0,813855
2021-06-18 09:26:41,1513.0,813855
2021-06-18 09:26:42,1513.0,814029
2021-06-18 09:26:43,1512.95,814227
2021-06-18 09:26:44,1513.4,814494
2021-06-18 09:26:45,1512.95,815040
2021-06-18 09:26:46,1512.7,815169
2021-06-18 09:26:47,1512.95,815590
2021-06-18 09:26:48,1512.95,815717
2021-06-18 09:26:49,1513.0,815916
2021-06-18 09:26:50,1512.65,816236
2021-06-18 09:26:51,1513.0,816518
2021-06-18 09:26:53,1512.9,817007
2021-06-18 09:26:54,1512.9,817306
2021-06-18 09:26:55,1512.95,817581
2021-06-18 09:26:56,1513.1,820476
2021-06-18 09:26:57,1513.4,820752
2021-06-18 09:26:58,1513.05,820774
2021-06-18 09:26:59,1512.6,825687
2021-06-18 09:27:00,1512.5,826467
2021-06-18 09:27:04,1512.4,827082
2021-06-18 09:27:07,1512.4,828649
2021-06-18 09:27:08,1511.35,829936
2021-06-18 09:27:09,1512.05,830321
2021-06-18 09:27:11,1511.95,830584
2021-06-18 09:27:12,1512.0,830611
2021-06-18 09:27:13,1511.85,831072
2021-06-18 09:27:14,1511.75,832597
2021-06-18 09:27:15,1511.65,832901
2021-06-18 09:27:16,1511.5,832914
2021-06-18 09:27:17,1511.0,833334
2021-06-18 09:27:18,1511.5,833462
2021-06-18 09:27:19,1511.0,833898
2021-06-18 09:27:19,1511.35,833899
2021-06-18 09:27:20,1511.5,834716
2021-06-18 09:27:21,1511.0,835109
2021-06-18 09:27:22,1511.0,835316
2021-06-18 09:27:23,1511.0,835615
2021-06-18 09:27:25,1511.0,837778
2021-06-18 09:27:26,1510.55,838068
2021-06-18 09:27:27,1510.8,838151
2021-06-18 09:27:29,1510.5,838941
2021-06-18 09:27:32,1510.6,845681
2021-06-18 09:27:33,1510.5,846296
2021-06-18 09:27:34,1510.4,849264
2021-06-18 09:27:36,1510.0,850196
2021-06-18 09:27:37,1510.0,850613
2021-06-18 09:27:39,1511.0,862035
2021-06-18 09:27:40,1510.3,862991
2021-06-18 09:27:41,1510.75,863929
2021-06-18 09:27:42,1510.3,864075
2021-06-18 09:27:43,1510.3,864123
2021-06-18 09:27:44,1510.15,864179
2021-06-18 09:27:45,1510.1,864319
2021-06-18 09:27:46,1510.2,864332
2021-06-18 09:27:47,1510.75,864395
2021-06-18 09:27:49,1511.0,864863
2021-06-18 09:27:50,1510.45,865089
2021-06-18 09:27:51,1510.95,865140
2021-06-18 09:27:52,1510.75,865193
2021-06-18 09:27:53,1510.65,865454
2021-06-18 09:27:54,1510.95,865499
2021-06-18 09:27:55,1511.0,865693
2021-06-18 09:27:56,1511.15,866097
2021-06-18 09:27:57,1510.6,866126
2021-06-18 09:27:58,1510.75,866161
2021-06-18 09:27:59,1511.25,866850
2021-06-18 09:28:00,1511.0,866860
2021-06-18 09:28:01,1510.8,866937
2021-06-18 09:28:02,1510.9,867025
2021-06-18 09:28:03,1510.85,867163
2021-06-18 09:28:04,1510.85,867391
2021-06-18 09:28:05,1510.85,867443
2021-06-18 09:28:06,1510.9,867565
2021-06-18 09:28:07,1510.9,868027
2021-06-18 09:28:08,1510.9,868116
2021-06-18 09:28:09,1510.9,868149
2021-06-18 09:28:10,1510.8,868389
2021-06-18 09:28:11,1510.85,868495
2021-06-18 09:28:12,1510.85,868728
2021-06-18 09:28:13,1511.8,869753
2021-06-18 09:28:14,1511.15,869906
2021-06-18 09:28:14,1511.7,869883
2021-06-18 09:28:15,1511.75,870008
2021-06-18 09:28:16,1511.35,870060
2021-06-18 09:28:17,1511.15,870369
2021-06-18 09:28:18,1511.35,870513
2021-06-18 09:28:19,1511.65,870559
2021-06-18 09:28:20,1511.2,870672
2021-06-18 09:28:21,1511.25,872259
2021-06-18 09:28:22,1511.45,872560
2021-06-18 09:28:23,1511.6,872800
2021-06-18 09:28:24,1511.15,873006
2021-06-18 09:28:25,1511.15,873179
2021-06-18 09:28:26,1511.35,873504
2021-06-18 09:28:27,1511.0,874414
2021-06-18 09:28:28,1511.25,874590
2021-06-18 09:28:29,1511.0,874717
2021-06-18 09:28:30,1511.0,874738
2021-06-18 09:28:31,1511.25,874754
2021-06-18 09:28:32,1511.0,875364
2021-06-18 09:28:34,1511.45,876713
2021-06-18 09:28:35,1511.5,877837
2021-06-18 09:28:36,1511.5,877854
2021-06-18 09:28:37,1511.0,877931
2021-06-18 09:28:38,1511.45,877956
2021-06-18 09:28:39,1511.25,878076
2021-06-18 09:28:40,1511.25,878276
2021-06-18 09:28:41,1511.25,878349
2021-06-18 09:28:42,1511.15,878397
2021-06-18 09:28:43,1511.25,878416
2021-06-18 09:28:44,1511.75,878904
2021-06-18 09:28:45,1511.5,878971
2021-06-18 09:28:46,1511.7,879040
2021-06-18 09:28:47,1511.75,879141
2021-06-18 09:28:48,1511.75,879204
2021-06-18 09:28:48,1511.75,879204
2021-06-18 09:28:49,1511.75,879230
2021-06-18 09:28:50,1511.8,880298
2021-06-18 09:28:53,1511.95,880349
2021-06-18 09:28:54,1511.95,880385
2021-06-18 09:28:55,1512.0,880931
2021-06-18 09:28:56,1512.0,880931
2021-06-18 09:28:57,1512.0,881190
2021-06-18 09:28:58,1511.95,881557
2021-06-18 09:28:59,1512.25,881609
2021-06-18 09:29:01,1512.25,881758
2021-06-18 09:29:02,1512.25,881892
2021-06-18 09:29:03,1512.2,882080
2021-06-18 09:29:04,1512.15,882859
2021-06-18 09:29:05,1512.3,883032
2021-06-18 09:29:08,1512.45,884094
2021-06-18 09:29:09,1512.45,884119
2021-06-18 09:29:10,1512.45,884165
2021-06-18 09:29:11,1512.35,884410
2021-06-18 09:29:12,1512.85,884579
2021-06-18 09:29:13,1512.3,884924
2021-06-18 09:29:14,1512.65,885009
2021-06-18 09:29:15,1512.35,885019
2021-06-18 09:29:16,1512.8,885098
2021-06-18 09:29:17,1512.7,885110
2021-06-18 09:29:18,1512.6,886027
2021-06-18 09:29:19,1512.2,888347
2021-06-18 09:29:20,1512.1,891162
2021-06-18 09:29:21,1512.25,891693
2021-06-18 09:29:22,1512.25,891925
2021-06-18 09:29:23,1512.65,893166
2021-06-18 09:29:24,1511.95,895798
2021-06-18 09:29:26,1511.35,896373
2021-06-18 09:29:27,1511.65,896405
2021-06-18 09:29:28,1511.2,897055
2021-06-18 09:29:29,1511.35,897520
2021-06-18 09:29:30,1511.55,897678
2021-06-18 09:29:31,1511.3,897819
2021-06-18 09:29:32,1511.3,897871
2021-06-18 09:29:33,1511.7,899158
2021-06-18 09:29:34,1511.35,899210
2021-06-18 09:29:35,1511.7,899359
2021-06-18 09:29:36,1511.7,899598
2021-06-18 09:29:37,1511.5,899812
2021-06-18 09:29:38,1511.3,899832
2021-06-18 09:29:39,1511.7,900014
2021-06-18 09:29:40,1511.5,900143
2021-06-18 09:29:41,1511.8,900320
2021-06-18 09:29:42,1511.65,900721
2021-06-18 09:29:43,1511.6,900763
2021-06-18 09:29:44,1511.5,901018
2021-06-18 09:29:45,1511.5,901113
2021-06-18 09:29:46,1511.45,901173
2021-06-18 09:29:47,1511.4,902282
2021-06-18 09:29:48,1511.45,902470
2021-06-18 09:29:49,1511.4,902724
2021-06-18 09:29:50,1511.4,902944
2021-06-18 09:29:51,1511.35,903044
2021-06-18 09:29:52,1511.4,903319
2021-06-18 09:29:53,1510.75,908491
2021-06-18 09:29:54,1511.25,909714
2021-06-18 09:29:55,1510.65,910429
2021-06-18 09:29:56,1510.5,911022
2021-06-18 09:29:57,1510.2,912301
2021-06-18 09:29:58,1510.0,913001
2021-06-18 09:29:59,1510.2,914244
2021-06-18 09:30:00,1510.95,914819
2021-06-18 09:30:01,1510.35,914900
2021-06-18 09:30:02,1510.9,915102
2021-06-18 09:30:03,1510.8,915200
2021-06-18 09:30:04,1510.65,915474
2021-06-18 09:30:06,1510.45,915564
2021-06-18 09:30:07,1510.3,915595
2021-06-18 09:30:08,1510.4,916052
2021-06-18 09:30:09,1510.55,916106
2021-06-18 09:30:10,1510.2,916663
2021-06-18 09:30:11,1510.2,916798
2021-06-18 09:30:12,1509.85,925840
2021-06-18 09:30:13,1509.6,927633
2021-06-18 09:30:14,1509.6,928541
2021-06-18 09:30:15,1509.0,929657
2021-06-18 09:30:16,1509.0,930273
2021-06-18 09:30:17,1509.0,930802
2021-06-18 09:30:18,1508.9,931466
2021-06-18 09:30:19,1509.0,931602
2021-06-18 09:30:20,1509.0,931631
2021-06-18 09:30:21,1508.9,931661
2021-06-18 09:30:22,1508.9,932002
2021-06-18 09:30:23,1509.0,932235
2021-06-18 09:30:24,1509.55,932774
2021-06-18 09:30:25,1509.15,933061
2021-06-18 09:30:26,1509.75,933812
2021-06-18 09:30:27,1509.75,933883
2021-06-18 09:30:28,1509.75,933883
2021-06-18 09:30:29,1509.75,934015
2021-06-18 09:30:30,1509.75,934198
2021-06-18 09:30:31,1509.6,934981
2021-06-18 09:30:32,1509.2,935160
2021-06-18 09:30:33,1509.7,935305
2021-06-18 09:30:34,1509.7,935323
2021-06-18 09:30:35,1509.45,935587
2021-06-18 09:30:36,1509.7,935875
2021-06-18 09:30:37,1509.8,937786
2021-06-18 09:30:38,1509.45,938003
2021-06-18 09:30:39,1509.45,938730
2021-06-18 09:30:40,1509.45,939105
2021-06-18 09:30:41,1509.25,939270
2021-06-18 09:30:42,1509.25,939270
2021-06-18 09:30:43,1508.75,941020
2021-06-18 09:30:44,1508.7,941450
2021-06-18 09:30:45,1508.25,941844
2021-06-18 09:30:46,1508.3,941994
2021-06-18 09:30:47,1508.2,942100
2021-06-18 09:30:48,1508.1,943050
2021-06-18 09:30:49,1508.45,944891
2021-06-18 09:30:50,1508.25,945008
2021-06-18 09:30:51,1508.0,945304
2021-06-18 09:30:52,1508.0,945866
2021-06-18 09:30:53,1508.25,946119
2021-06-18 09:30:54,1508.25,946224
2021-06-18 09:30:55,1508.1,946625
2021-06-18 09:30:56,1508.0,946918
2021-06-18 09:30:57,1508.0,947713
2021-06-18 09:30:58,1508.0,947887
2021-06-18 09:30:59,1507.7,948864
2021-06-18 09:31:00,1507.6,949031
2021-06-18 09:31:01,1507.4,950957
2021-06-18 09:31:02,1507.35,951464
2021-06-18 09:31:03,1507.3,951537
2021-06-18 09:31:04,1507.7,952756
2021-06-18 09:31:05,1508.0,953463
2021-06-18 09:31:06,1507.95,953779
2021-06-18 09:31:07,1507.95,953779
2021-06-18 09:31:08,1507.95,954033
2021-06-18 09:31:09,1508.0,954364
2021-06-18 09:31:10,1507.7,954663
2021-06-18 09:31:11,1507.95,954852
2021-06-18 09:31:12,1507.95,955335
2021-06-18 09:31:13,1507.85,955421
2021-06-18 09:31:14,1507.45,955571
2021-06-18 09:31:15,1507.8,956621
2021-06-18 09:31:16,1507.7,957388
2021-06-18 09:31:17,1507.05,957716
2021-06-18 09:31:18,1507.55,959583
2021-06-18 09:31:19,1507.1,960122
2021-06-18 09:31:20,1507.65,960565
2021-06-18 09:31:21,1507.35,961255
2021-06-18 09:31:22,1508.0,961437
2021-06-18 09:31:23,1507.9,961570
2021-06-18 09:31:25,1507.7,961692
2021-06-18 09:31:25,1507.4,961771
2021-06-18 09:31:26,1508.0,962141
2021-06-18 09:31:27,1507.65,962516
2021-06-18 09:31:28,1507.9,962773
2021-06-18 09:31:30,1507.7,964439
2021-06-18 09:31:31,1507.85,964949
2021-06-18 09:31:32,1507.95,965277
2021-06-18 09:31:33,1507.95,965333
2021-06-18 09:31:34,1508.1,965383
2021-06-18 09:31:35,1508.0,965487
2021-06-18 09:31:36,1508.4,965620
2021-06-18 09:31:37,1508.4,965813
2021-06-18 09:31:37,1508.4,965813
2021-06-18 09:31:38,1508.65,965884
2021-06-18 09:31:39,1508.3,966004
2021-06-18 09:31:40,1508.75,966179
2021-06-18 09:31:41,1509.0,966495
2021-06-18 09:31:42,1509.0,966634
2021-06-18 09:31:43,1508.65,967435
2021-06-18 09:31:44,1509.0,967622
2021-06-18 09:31:45,1509.1,967676
2021-06-18 09:31:46,1508.85,968575
2021-06-18 09:31:47,1508.8,968652
2021-06-18 09:31:48,1508.7,969152
2021-06-18 09:31:49,1509.15,969393
2021-06-18 09:31:50,1508.7,969763
2021-06-18 09:31:51,1508.7,970310
2021-06-18 09:31:52,1509.25,970952
2021-06-18 09:31:53,1509.15,971175
2021-06-18 09:31:54,1509.25,971206
2021-06-18 09:31:55,1509.1,972470
2021-06-18 09:31:56,1508.95,972519
2021-06-18 09:31:57,1508.5,973438
2021-06-18 09:31:58,1508.5,974057
2021-06-18 09:31:59,1508.7,974239
2021-06-18 09:32:00,1508.65,974441
2021-06-18 09:32:02,1508.55,975147
2021-06-18 09:32:02,1508.55,974877
2021-06-18 09:32:03,1508.25,975157
2021-06-18 09:32:04,1508.5,975310
2021-06-18 09:32:05,1508.4,975609
2021-06-18 09:32:06,1508.4,975797
2021-06-18 09:32:07,1508.4,976110
2021-06-18 09:32:08,1508.7,976433
2021-06-18 09:32:09,1508.75,976451
2021-06-18 09:32:10,1508.7,976474
2021-06-18 09:32:11,1508.7,976781
2021-06-18 09:32:12,1508.6,976981
2021-06-18 09:32:13,1508.75,977061
2021-06-18 09:32:14,1509.0,977253
2021-06-18 09:32:15,1509.0,977320
2021-06-18 09:32:16,1508.95,977787
2021-06-18 09:32:17,1508.95,977939
2021-06-18 09:32:19,1509.0,978953
2021-06-18 09:32:20,1508.7,979007
2021-06-18 09:32:21,1509.7,981725
2021-06-18 09:32:22,1509.25,982438
2021-06-18 09:32:23,1509.05,983721
2021-06-18 09:32:24,1509.55,984146
2021-06-18 09:32:25,1509.5,984769
2021-06-18 09:32:26,1509.5,985071
2021-06-18 09:32:27,1509.4,985466
2021-06-18 09:32:28,1509.4,985926
2021-06-18 09:32:28,1509.05,986221
2021-06-18 09:32:29,1509.0,986776
2021-06-18 09:32:30,1508.95,987600
2021-06-18 09:32:31,1508.95,988266
2021-06-18 09:32:32,1509.4,988700
2021-06-18 09:32:33,1509.0,988773
2021-06-18 09:32:34,1508.95,989058
2021-06-18 09:32:35,1509.0,989088
2021-06-18 09:32:36,1508.9,989495
2021-06-18 09:32:38,1508.95,990129
2021-06-18 09:32:38,1508.95,990078
2021-06-18 09:32:39,1508.95,993033
2021-06-18 09:32:41,1508.95,994180
2021-06-18 09:32:43,1508.85,994674
2021-06-18 09:32:44,1508.85,994823
2021-06-18 09:32:45,1508.85,994906
2021-06-18 09:32:47,1508.75,995221
2021-06-18 09:32:48,1508.8,995323
2021-06-18 09:32:50,1508.7,997059
2021-06-18 09:32:51,1509.0,997240
2021-06-18 09:32:52,1509.0,997299
2021-06-18 09:32:53,1509.0,997467
2021-06-18 09:32:54,1508.9,997565
2021-06-18 09:32:55,1509.5,998709
2021-06-18 09:32:56,1509.05,998836
2021-06-18 09:32:57,1509.5,998954
2021-06-18 09:32:58,1509.0,998970
2021-06-18 09:32:59,1508.95,999020
2021-06-18 09:33:00,1508.8,1000575
2021-06-18 09:33:01,1508.75,1001118
2021-06-18 09:33:02,1509.05,1001269
2021-06-18 09:33:03,1508.7,1001571
2021-06-18 09:33:04,1508.5,1003713
2021-06-18 09:33:05,1508.9,1004242
2021-06-18 09:33:07,1508.45,1004437
2021-06-18 09:33:08,1508.65,1004470
2021-06-18 09:33:10,1508.7,1004514
2021-06-18 09:33:11,1508.7,1004821
2021-06-18 09:33:12,1508.4,1004882
2021-06-18 09:33:13,1508.4,1004960
2021-06-18 09:33:13,1508.3,1004961
2021-06-18 09:33:14,1508.5,1006205
2021-06-18 09:33:15,1508.9,1006380
2021-06-18 09:33:16,1508.4,1006406
2021-06-18 09:33:17,1508.4,1006523
2021-06-18 09:33:18,1508.3,1006639
2021-06-18 09:33:19,1508.3,1006727
2021-06-18 09:33:20,1508.4,1007093
2021-06-18 09:33:21,1508.3,1007104
2021-06-18 09:33:22,1508.3,1007190
2021-06-18 09:33:23,1508.15,1007843
2021-06-18 09:33:24,1508.15,1007860
2021-06-18 09:33:25,1508.3,1007982
2021-06-18 09:33:26,1508.05,1008282
2021-06-18 09:33:27,1508.3,1008407
2021-06-18 09:33:28,1508.15,1008409
2021-06-18 09:33:29,1508.4,1008781
2021-06-18 09:33:30,1508.35,1009158
2021-06-18 09:33:31,1508.25,1009713
2021-06-18 09:33:32,1508.25,1010524
2021-06-18 09:33:33,1508.5,1011060
2021-06-18 09:33:34,1508.25,1011204
2021-06-18 09:33:35,1508.45,1011255
2021-06-18 09:33:36,1508.6,1011880
2021-06-18 09:33:37,1508.7,1012128
2021-06-18 09:33:38,1509.0,1012253
2021-06-18 09:33:39,1508.8,1012800
2021-06-18 09:33:40,1508.7,1013360
2021-06-18 09:33:41,1508.7,1013626
2021-06-18 09:33:43,1509.0,1013891
2021-06-18 09:33:44,1508.9,1014305
2021-06-18 09:33:45,1509.2,1014400
2021-06-18 09:33:46,1509.2,1015466
2021-06-18 09:33:47,1508.5,1015917
2021-06-18 09:33:48,1509.25,1016014
2021-06-18 09:33:49,1509.25,1016115
2021-06-18 09:33:50,1509.25,1016350
2021-06-18 09:33:51,1509.25,1016584
2021-06-18 09:33:52,1509.25,1016645
2021-06-18 09:33:53,1509.2,1016810
2021-06-18 09:33:54,1509.0,1017425
2021-06-18 09:33:55,1509.3,1017712
2021-06-18 09:33:56,1509.25,1017819
2021-06-18 09:33:57,1509.3,1018069
2021-06-18 09:33:57,1509.3,1018069
2021-06-18 09:33:59,1508.35,1018779
2021-06-18 09:34:00,1509.0,1018849
2021-06-18 09:34:01,1508.7,1018952
2021-06-18 09:34:02,1508.7,1018952
2021-06-18 09:34:03,1508.7,1019078
2021-06-18 09:34:04,1508.7,1019172
2021-06-18 09:34:05,1508.7,1019316
2021-06-18 09:34:06,1508.65,1019948
2021-06-18 09:34:07,1508.9,1020508
2021-06-18 09:34:09,1509.0,1020700
2021-06-18 09:34:10,1509.0,1020712
2021-06-18 09:34:11,1509.0,1020713
2021-06-18 09:34:12,1509.0,1020919
2021-06-18 09:34:13,1508.5,1021290
2021-06-18 09:34:14,1509.0,1021382
2021-06-18 09:34:15,1508.55,1021711
2021-06-18 09:34:15,1508.55,1021773
2021-06-18 09:34:16,1509.2,1022253
2021-06-18 09:34:17,1508.6,1022333
2021-06-18 09:34:18,1509.0,1022683
2021-06-18 09:34:19,1508.9,1022863
2021-06-18 09:34:20,1509.0,1022941
2021-06-18 09:34:21,1509.35,1023102
2021-06-18 09:34:22,1509.0,1023290
2021-06-18 09:34:23,1509.15,1023590
2021-06-18 09:34:25,1508.9,1024494
2021-06-18 09:34:26,1509.25,1024723
2021-06-18 09:34:27,1508.9,1024908
2021-06-18 09:34:28,1508.75,1025512
2021-06-18 09:34:28,1508.85,1025710
2021-06-18 09:34:29,1508.75,1026946
2021-06-18 09:34:30,1509.0,1027192
2021-06-18 09:34:31,1509.0,1027343
2021-06-18 09:34:32,1508.9,1027529
2021-06-18 09:34:33,1508.85,1027530
2021-06-18 09:34:34,1508.85,1027561
2021-06-18 09:34:35,1508.85,1027667
2021-06-18 09:34:36,1508.7,1027759
2021-06-18 09:34:37,1508.7,1028073
2021-06-18 09:34:38,1508.85,1028094
2021-06-18 09:34:39,1508.85,1028094
2021-06-18 09:34:40,1508.85,1028177
2021-06-18 09:34:41,1508.7,1028199
2021-06-18 09:34:42,1508.85,1028214
2021-06-18 09:34:43,1508.65,1028453
2021-06-18 09:34:44,1508.9,1028503
2021-06-18 09:34:45,1508.8,1029193
2021-06-18 09:34:46,1508.65,1029334
2021-06-18 09:34:47,1508.6,1029500
2021-06-18 09:34:48,1508.5,1031359
2021-06-18 09:34:49,1508.5,1031746
2021-06-18 09:34:50,1508.5,1032022
2021-06-18 09:34:51,1508.25,1032110
2021-06-18 09:34:52,1508.45,1032155
2021-06-18 09:34:53,1508.25,1032255
2021-06-18 09:34:54,1508.25,1032266
2021-06-18 09:34:55,1508.25,1032391
2021-06-18 09:34:56,1508.25,1032420
2021-06-18 09:34:57,1508.25,1032504
2021-06-18 09:34:58,1508.3,1032725
2021-06-18 09:34:59,1508.5,1033085
2021-06-18 09:35:01,1508.0,1033412
2021-06-18 09:35:02,1508.25,1033429
2021-06-18 09:35:03,1508.25,1033531
2021-06-18 09:35:04,1507.9,1037382
2021-06-18 09:35:05,1507.6,1037943
2021-06-18 09:35:06,1507.6,1038202
2021-06-18 09:35:07,1507.6,1038294
2021-06-18 09:35:08,1507.7,1038339
2021-06-18 09:35:08,1507.7,1038339
2021-06-18 09:35:09,1507.6,1038524
2021-06-18 09:35:10,1507.5,1038878
2021-06-18 09:35:11,1507.45,1039079
2021-06-18 09:35:13,1507.45,1039187
2021-06-18 09:35:14,1507.5,1039487
2021-06-18 09:35:15,1507.2,1041234
2021-06-18 09:35:16,1507.45,1042041
2021-06-18 09:35:17,1507.6,1042250
2021-06-18 09:35:17,1507.6,1042250
2021-06-18 09:35:18,1507.6,1042250
2021-06-18 09:35:19,1507.2,1042864
2021-06-18 09:35:20,1507.4,1043083
2021-06-18 09:35:21,1507.8,1044430
2021-06-18 09:35:22,1507.7,1044755
2021-06-18 09:35:23,1508.0,1044830
2021-06-18 09:35:24,1508.0,1044830
2021-06-18 09:35:26,1507.8,1044885
2021-06-18 09:35:27,1507.6,1045164
2021-06-18 09:35:28,1508.0,1045174
2021-06-18 09:35:28,1508.0,1045174
2021-06-18 09:35:29,1507.6,1045234
2021-06-18 09:35:30,1507.9,1045345
2021-06-18 09:35:31,1508.0,1045730
2021-06-18 09:35:32,1507.8,1046985
2021-06-18 09:35:33,1508.4,1047287
2021-06-18 09:35:34,1507.75,1047346
2021-06-18 09:35:35,1508.35,1047387
2021-06-18 09:35:36,1507.65,1047979
2021-06-18 09:35:37,1507.8,1047989
2021-06-18 09:35:38,1507.8,1048210
2021-06-18 09:35:39,1508.8,1048421
2021-06-18 09:35:40,1509.6,1056104
2021-06-18 09:35:41,1508.65,1058335
2021-06-18 09:35:42,1508.65,1058669
2021-06-18 09:35:43,1508.75,1059267
2021-06-18 09:35:44,1508.95,1060642
2021-06-18 09:35:45,1508.7,1061002
2021-06-18 09:35:46,1508.75,1061071
2021-06-18 09:35:47,1508.75,1061115
2021-06-18 09:35:48,1508.8,1061226
2021-06-18 09:35:50,1509.0,1061326
2021-06-18 09:35:52,1509.5,1061847
2021-06-18 09:35:54,1509.25,1062542
2021-06-18 09:35:55,1509.25,1062795
2021-06-18 09:35:57,1509.5,1062971
2021-06-18 09:35:58,1509.5,1063431
2021-06-18 09:36:00,1509.7,1063977
2021-06-18 09:36:01,1510.55,1069745
2021-06-18 09:36:02,1509.75,1071052
2021-06-18 09:36:03,1510.0,1071304
2021-06-18 09:36:04,1510.0,1071436
2021-06-18 09:36:05,1510.0,1072034
2021-06-18 09:36:06,1510.1,1072251
2021-06-18 09:36:06,1510.1,1072272
2021-06-18 09:36:07,1510.7,1072429
2021-06-18 09:36:08,1510.85,1074011
2021-06-18 09:36:09,1510.6,1074397
2021-06-18 09:36:10,1510.25,1074608
2021-06-18 09:36:11,1510.25,1074859
2021-06-18 09:36:12,1510.55,1075216
2021-06-18 09:36:13,1510.5,1075326
2021-06-18 09:36:14,1510.4,1075388
2021-06-18 09:36:15,1510.55,1075761
2021-06-18 09:36:16,1510.3,1076679
2021-06-18 09:36:17,1510.55,1076902
2021-06-18 09:36:18,1510.3,1077469
2021-06-18 09:36:19,1510.3,1077852
2021-06-18 09:36:20,1510.3,1078228
2021-06-18 09:36:21,1510.4,1079249
2021-06-18 09:36:22,1510.35,1079518
2021-06-18 09:36:24,1510.15,1079591
2021-06-18 09:36:25,1510.0,1081548
2021-06-18 09:36:27,1509.55,1083446
2021-06-18 09:36:28,1509.45,1084291
2021-06-18 09:36:29,1509.4,1084661
2021-06-18 09:36:30,1509.3,1084664
2021-06-18 09:36:31,1509.0,1084864
2021-06-18 09:36:32,1509.0,1084881
2021-06-18 09:36:33,1508.85,1085144
2021-06-18 09:36:34,1508.85,1085184
2021-06-18 09:36:34,1509.0,1085413
2021-06-18 09:36:35,1509.35,1085666
2021-06-18 09:36:36,1508.85,1085746
2021-06-18 09:36:37,1509.0,1085904
2021-06-18 09:36:38,1509.35,1086017
2021-06-18 09:36:39,1508.85,1086106
2021-06-18 09:36:40,1508.85,1086176
2021-06-18 09:36:41,1509.55,1086516
2021-06-18 09:36:42,1509.4,1086551
2021-06-18 09:36:44,1509.55,1086608
2021-06-18 09:36:44,1510.0,1086917
2021-06-18 09:36:45,1509.7,1086990
2021-06-18 09:36:47,1509.7,1087152
2021-06-18 09:36:48,1510.1,1088024
2021-06-18 09:36:49,1509.9,1089074
2021-06-18 09:36:50,1509.8,1089623
2021-06-18 09:36:51,1509.7,1090235
2021-06-18 09:36:51,1510.3,1091046
2021-06-18 09:36:52,1510.2,1091756
2021-06-18 09:36:53,1510.3,1092226
2021-06-18 09:36:54,1510.2,1093129
2021-06-18 09:36:55,1510.2,1094004
2021-06-18 09:36:57,1510.2,1094451
2021-06-18 09:36:58,1510.3,1094938
2021-06-18 09:36:59,1510.3,1095512
2021-06-18 09:36:59,1510.3,1095823
2021-06-18 09:37:00,1510.25,1095979
2021-06-18 09:37:01,1510.25,1096521
2021-06-18 09:37:02,1510.1,1096738
2021-06-18 09:37:04,1510.0,1097283
2021-06-18 09:37:05,1510.0,1097416
2021-06-18 09:37:06,1509.95,1097879
2021-06-18 09:37:06,1509.95,1098066
2021-06-18 09:37:07,1509.7,1098286
2021-06-18 09:37:08,1509.15,1098456
2021-06-18 09:37:09,1509.3,1098893
2021-06-18 09:37:10,1509.2,1099206
2021-06-18 09:37:12,1509.2,1099557
2021-06-18 09:37:13,1509.85,1100126
2021-06-18 09:37:13,1509.15,1100382
2021-06-18 09:37:14,1509.1,1100796
2021-06-18 09:37:16,1509.1,1103010
2021-06-18 09:37:17,1509.05,1103764
2021-06-18 09:37:18,1508.9,1104019
2021-06-18 09:37:19,1508.9,1104276
2021-06-18 09:37:20,1508.85,1104384
2021-06-18 09:37:21,1508.8,1104721
2021-06-18 09:37:21,1508.75,1104956
2021-06-18 09:37:22,1508.75,1105124
2021-06-18 09:37:23,1509.0,1105299
2021-06-18 09:37:24,1509.0,1105653
2021-06-18 09:37:25,1509.5,1106155
2021-06-18 09:37:26,1509.0,1106312
2021-06-18 09:37:29,1509.5,1106718
2021-06-18 09:37:29,1509.0,1106966
2021-06-18 09:37:30,1508.8,1107116
2021-06-18 09:37:32,1508.7,1107374
2021-06-18 09:37:32,1508.7,1107452
2021-06-18 09:37:33,1508.8,1107453
2021-06-18 09:37:34,1508.7,1107582
2021-06-18 09:37:36,1508.7,1108135
2021-06-18 09:37:37,1508.75,1108587
2021-06-18 09:37:38,1508.8,1109425
2021-06-18 09:37:38,1508.75,1109713
2021-06-18 09:37:39,1508.75,1109786
2021-06-18 09:37:40,1508.7,1109909
2021-06-18 09:37:41,1508.7,1110237
2021-06-18 09:37:42,1508.65,1110309
2021-06-18 09:37:43,1508.7,1110418
2021-06-18 09:37:45,1508.75,1110742
2021-06-18 09:37:45,1508.65,1110934
2021-06-18 09:37:46,1509.5,1111066
2021-06-18 09:37:47,1508.95,1111136
2021-06-18 09:37:48,1509.8,1111483
2021-06-18 09:37:49,1509.65,1111612
2021-06-18 09:37:50,1510.0,1112349
2021-06-18 09:37:52,1509.3,1112645
2021-06-18 09:37:53,1509.3,1112985
2021-06-18 09:37:54,1509.1,1113330
2021-06-18 09:37:54,1509.1,1113674
2021-06-18 09:37:55,1509.05,1114049
2021-06-18 09:37:57,1509.65,1114445
2021-06-18 09:37:58,1509.6,1114572
2021-06-18 09:37:59,1509.6,1114781
2021-06-18 09:38:00,1509.15,1115170
2021-06-18 09:38:01,1509.15,1116448
2021-06-18 09:38:01,1509.15,1117023
2021-06-18 09:38:03,1509.5,1118073
2021-06-18 09:38:04,1508.8,1119606
2021-06-18 09:38:05,1508.7,1120540
2021-06-18 09:38:06,1508.55,1123250
2021-06-18 09:38:07,1508.1,1124581
2021-06-18 09:38:08,1508.0,1125672
2021-06-18 09:38:09,1508.55,1126014
2021-06-18 09:38:10,1508.15,1126629
2021-06-18 09:38:11,1508.75,1127259
2021-06-18 09:38:12,1508.75,1128524
2021-06-18 09:38:12,1508.15,1128770
2021-06-18 09:38:13,1508.75,1129236
2021-06-18 09:38:15,1508.55,1130247
2021-06-18 09:38:17,1509.45,1130982
2021-06-18 09:38:18,1509.1,1131493
2021-06-18 09:38:19,1509.5,1132154
2021-06-18 09:38:20,1509.55,1132608
2021-06-18 09:38:20,1509.5,1132713
2021-06-18 09:38:22,1509.55,1133174
2021-06-18 09:38:23,1510.0,1135234
2021-06-18 09:38:24,1510.0,1136015
2021-06-18 09:38:25,1509.6,1136582
2021-06-18 09:38:26,1509.6,1137137
2021-06-18 09:38:27,1509.45,1137636
2021-06-18 09:38:27,1509.7,1137597
2021-06-18 09:38:29,1509.7,1137988
2021-06-18 09:38:30,1510.0,1139269
2021-06-18 09:38:31,1509.5,1139654
2021-06-18 09:38:32,1509.35,1140226
2021-06-18 09:38:33,1509.5,1140447
2021-06-18 09:38:34,1509.5,1141066
2021-06-18 09:38:35,1509.5,1141382
2021-06-18 09:38:36,1509.5,1141430
2021-06-18 09:38:37,1509.5,1141519
2021-06-18 09:38:38,1509.35,1141625
2021-06-18 09:38:39,1509.4,1141894
2021-06-18 09:38:39,1509.95,1141821
2021-06-18 09:38:41,1509.45,1141986
2021-06-18 09:38:42,1509.45,1142023
2021-06-18 09:38:43,1509.85,1142253
2021-06-18 09:38:44,1509.55,1142328
2021-06-18 09:38:45,1509.6,1142372
2021-06-18 09:38:46,1509.55,1142420
2021-06-18 09:38:46,1509.55,1142439
2021-06-18 09:38:48,1509.45,1142609
2021-06-18 09:38:49,1509.95,1143099
2021-06-18 09:38:50,1509.45,1143248
2021-06-18 09:38:52,1509.5,1144405
2021-06-18 09:38:52,1509.6,1144232
2021-06-18 09:38:54,1509.6,1144793
2021-06-18 09:38:55,1509.95,1145077
2021-06-18 09:38:56,1509.5,1145361
2021-06-18 09:38:57,1509.6,1145601
2021-06-18 09:38:58,1509.5,1145778
2021-06-18 09:38:59,1509.6,1145958
2021-06-18 09:38:59,1509.6,1146032
2021-06-18 09:39:01,1509.5,1146579
2021-06-18 09:39:02,1509.5,1146806
2021-06-18 09:39:03,1509.85,1148556
2021-06-18 09:39:04,1509.8,1149103
2021-06-18 09:39:04,1509.75,1149268
2021-06-18 09:39:05,1509.6,1149765
2021-06-18 09:39:07,1509.6,1149890
2021-06-18 09:39:08,1509.5,1150521
2021-06-18 09:39:09,1509.5,1153693
2021-06-18 09:39:10,1509.5,1154305
2021-06-18 09:39:11,1509.5,1155470
2021-06-18 09:39:12,1509.45,1156754
2021-06-18 09:39:13,1509.45,1158161
2021-06-18 09:39:14,1509.35,1160389
2021-06-18 09:39:14,1509.35,1160965
2021-06-18 09:39:15,1509.05,1161623
2021-06-18 09:39:16,1509.05,1161682
2021-06-18 09:39:18,1509.0,1162171
2021-06-18 09:39:19,1509.0,1162564
2021-06-18 09:39:20,1508.55,1162694
2021-06-18 09:39:21,1508.8,1162745
2021-06-18 09:39:22,1509.0,1164673
2021-06-18 09:39:23,1508.8,1165488
2021-06-18 09:39:23,1508.8,1165733
2021-06-18 09:39:25,1508.8,1166213
2021-06-18 09:39:26,1508.65,1166234
2021-06-18 09:39:27,1508.6,1166248
2021-06-18 09:39:28,1508.6,1166369
2021-06-18 09:39:29,1508.5,1166661
2021-06-18 09:39:29,1508.5,1166749
2021-06-18 09:39:31,1508.65,1168038
2021-06-18 09:39:32,1508.65,1169682
2021-06-18 09:39:33,1508.2,1169969
2021-06-18 09:39:34,1508.2,1170096
2021-06-18 09:39:35,1508.2,1170696
2021-06-18 09:39:35,1508.1,1170876
2021-06-18 09:39:37,1508.55,1171040
2021-06-18 09:39:38,1508.1,1171767
2021-06-18 09:39:39,1508.1,1172037
2021-06-18 09:39:40,1508.05,1172546
2021-06-18 09:39:41,1508.1,1172724
2021-06-18 09:39:42,1508.55,1172794
2021-06-18 09:39:42,1508.1,1172815
2021-06-18 09:39:43,1508.55,1173177
2021-06-18 09:39:44,1508.05,1173548
2021-06-18 09:39:46,1508.1,1174290
2021-06-18 09:39:47,1508.2,1174548
2021-06-18 09:39:48,1508.2,1175159
2021-06-18 09:39:49,1508.1,1175743
2021-06-18 09:39:50,1508.1,1176419
2021-06-18 09:39:51,1508.2,1176761
2021-06-18 09:39:52,1508.2,1176865
2021-06-18 09:39:53,1508.2,1177047
2021-06-18 09:39:55,1508.5,1178660
2021-06-18 09:39:56,1508.2,1180124
2021-06-18 09:39:57,1508.2,1180564
2021-06-18 09:39:58,1508.5,1180751
2021-06-18 09:39:59,1508.2,1181144
2021-06-18 09:40:01,1508.1,1181684
2021-06-18 09:40:02,1508.9,1183503
2021-06-18 09:40:03,1508.15,1184124
2021-06-18 09:40:04,1508.25,1184321
2021-06-18 09:40:05,1508.25,1184380
2021-06-18 09:40:06,1508.35,1184989
2021-06-18 09:40:07,1508.9,1185725
2021-06-18 09:40:08,1508.2,1185956
2021-06-18 09:40:10,1508.15,1186954
2021-06-18 09:40:09,1508.85,1186775
2021-06-18 09:40:12,1508.15,1188215
2021-06-18 09:40:13,1508.15,1188391
2021-06-18 09:40:14,1508.1,1189362
2021-06-18 09:40:15,1508.1,1189783
2021-06-18 09:40:16,1508.15,1190335
2021-06-18 09:40:17,1508.1,1190554
2021-06-18 09:40:18,1508.15,1190623
2021-06-18 09:40:19,1508.5,1190820
2021-06-18 09:40:20,1508.1,1191069
2021-06-18 09:40:21,1508.15,1191624
2021-06-18 09:40:22,1508.25,1191940
2021-06-18 09:40:23,1508.25,1192074
2021-06-18 09:40:24,1508.25,1192171
2021-06-18 09:40:25,1508.25,1192244
2021-06-18 09:40:26,1508.25,1192426
2021-06-18 09:40:27,1508.25,1192666
2021-06-18 09:40:28,1508.5,1192849
2021-06-18 09:40:29,1508.75,1194306
2021-06-18 09:40:30,1508.05,1194608
2021-06-18 09:40:31,1508.05,1195080
2021-06-18 09:40:32,1508.65,1195716
2021-06-18 09:40:33,1508.7,1195908
2021-06-18 09:40:34,1508.1,1196086
2021-06-18 09:40:35,1508.35,1196259
2021-06-18 09:40:36,1508.15,1196604
2021-06-18 09:40:37,1508.15,1196953
2021-06-18 09:40:38,1508.15,1197057
2021-06-18 09:40:39,1508.5,1197276
2021-06-18 09:40:40,1508.5,1197393
2021-06-18 09:40:43,1508.5,1198599
2021-06-18 09:40:44,1508.5,1199017
2021-06-18 09:40:45,1508.5,1199173
2021-06-18 09:40:46,1508.55,1199348
2021-06-18 09:40:47,1508.55,1199543
2021-06-18 09:40:48,1508.5,1199559
2021-06-18 09:40:49,1508.5,1199604
2021-06-18 09:40:50,1508.5,1199853
2021-06-18 09:40:51,1508.5,1200123
2021-06-18 09:40:52,1508.55,1200260
2021-06-18 09:40:53,1508.55,1200336
2021-06-18 09:40:54,1508.55,1200510
2021-06-18 09:40:55,1508.55,1200635
2021-06-18 09:40:56,1508.55,1201046
2021-06-18 09:40:57,1508.5,1201506
2021-06-18 09:40:58,1508.5,1201942
2021-06-18 09:40:59,1508.5,1202719
2021-06-18 09:41:01,1508.45,1207373
2021-06-18 09:41:02,1508.2,1208324
2021-06-18 09:41:03,1508.45,1208675
2021-06-18 09:41:04,1508.3,1208890
2021-06-18 09:41:05,1508.35,1208981
2021-06-18 09:41:06,1508.2,1209621
2021-06-18 09:41:07,1508.3,1209976
2021-06-18 09:41:08,1508.2,1210157
2021-06-18 09:41:09,1508.35,1210820
2021-06-18 09:41:10,1508.2,1211023
2021-06-18 09:41:11,1508.3,1211462
2021-06-18 09:41:12,1508.15,1213695
2021-06-18 09:41:13,1508.2,1215155
2021-06-18 09:41:14,1508.1,1216120
2021-06-18 09:41:15,1508.1,1216244
2021-06-18 09:41:16,1508.1,1216484
2021-06-18 09:41:17,1508.1,1217289
2021-06-18 09:41:18,1508.1,1217666
2021-06-18 09:41:19,1508.1,1218099
2021-06-18 09:41:20,1508.05,1220272
2021-06-18 09:41:21,1508.0,1221226
2021-06-18 09:41:22,1508.0,1221698
2021-06-18 09:41:23,1508.05,1221911
2021-06-18 09:41:24,1508.0,1222231
2021-06-18 09:41:25,1508.0,1223829
2021-06-18 09:41:26,1508.0,1224713
2021-06-18 09:41:27,1508.0,1225532
2021-06-18 09:41:28,1508.05,1226194
2021-06-18 09:41:30,1508.05,1227029
2021-06-18 09:41:32,1508.0,1227154
2021-06-18 09:41:31,1508.0,1227125
2021-06-18 09:41:33,1508.05,1227191
2021-06-18 09:41:34,1508.05,1227680
2021-06-18 09:41:35,1508.35,1227862
2021-06-18 09:41:36,1508.3,1228973
2021-06-18 09:41:37,1508.05,1229338
2021-06-18 09:41:38,1508.25,1229572
2021-06-18 09:41:39,1508.1,1229667
2021-06-18 09:41:40,1508.05,1229746
2021-06-18 09:41:41,1508.05,1229791
2021-06-18 09:41:42,1508.1,1230003
2021-06-18 09:41:43,1508.05,1230105
2021-06-18 09:41:44,1508.1,1230156
2021-06-18 09:41:45,1508.05,1230171
2021-06-18 09:41:46,1508.1,1230458
2021-06-18 09:41:47,1508.2,1231003
2021-06-18 09:41:48,1508.05,1231326
2021-06-18 09:41:49,1508.2,1231644
2021-06-18 09:41:50,1508.2,1232253
2021-06-18 09:41:51,1508.2,1232493
2021-06-18 09:41:52,1508.05,1232775
2021-06-18 09:41:53,1508.1,1233348
2021-06-18 09:41:54,1508.1,1234287
2021-06-18 09:41:56,1508.2,1235261
2021-06-18 09:41:55,1508.45,1234586
2021-06-18 09:41:57,1508.45,1235644
2021-06-18 09:41:58,1508.45,1238112
2021-06-18 09:41:59,1508.4,1239230
2021-06-18 09:42:00,1508.4,1239883
2021-06-18 09:42:01,1508.7,1240317
2021-06-18 09:42:02,1509.0,1240677
2021-06-18 09:42:03,1509.0,1240887
2021-06-18 09:42:04,1509.0,1241071
2021-06-18 09:42:05,1508.7,1241409
2021-06-18 09:42:06,1508.7,1241510
2021-06-18 09:42:07,1509.0,1241764
2021-06-18 09:42:08,1508.9,1241865
2021-06-18 09:42:09,1508.7,1241947
2021-06-18 09:42:10,1508.9,1242085
2021-06-18 09:42:12,1508.8,1242530
2021-06-18 09:42:12,1508.75,1242427
2021-06-18 09:42:13,1508.9,1242638
2021-06-18 09:42:14,1508.8,1243124
2021-06-18 09:42:15,1508.9,1243415
2021-06-18 09:42:16,1508.9,1243520
2021-06-18 09:42:17,1508.9,1243659
2021-06-18 09:42:18,1508.9,1243756
2021-06-18 09:42:20,1508.85,1243822
2021-06-18 09:42:20,1508.85,1243842
2021-06-18 09:42:21,1508.9,1244441
2021-06-18 09:42:22,1508.9,1245026
2021-06-18 09:42:23,1508.9,1245225
2021-06-18 09:42:24,1508.9,1245486
2021-06-18 09:42:26,1508.85,1246148
2021-06-18 09:42:26,1508.85,1245678
2021-06-18 09:42:27,1508.9,1246406
2021-06-18 09:42:28,1508.9,1246548
2021-06-18 09:42:29,1508.9,1246808
2021-06-18 09:42:30,1508.9,1247044
2021-06-18 09:42:31,1508.9,1251491
2021-06-18 09:42:33,1508.85,1264356
2021-06-18 09:42:33,1508.9,1262042
2021-06-18 09:42:34,1508.85,1265458
2021-06-18 09:42:35,1508.85,1266170
2021-06-18 09:42:36,1508.65,1268279
2021-06-18 09:42:37,1508.7,1275419
2021-06-18 09:42:38,1508.7,1278708
2021-06-18 09:42:39,1508.65,1280680
2021-06-18 09:42:41,1508.6,1281773
2021-06-18 09:42:41,1508.6,1281520
2021-06-18 09:42:42,1508.25,1282453
2021-06-18 09:42:43,1508.25,1282707
2021-06-18 09:42:44,1508.05,1289080
2021-06-18 09:42:45,1508.0,1289451
2021-06-18 09:42:46,1508.0,1289633
2021-06-18 09:42:48,1508.0,1291408
2021-06-18 09:42:49,1507.7,1293395
2021-06-18 09:42:50,1507.7,1293997
2021-06-18 09:42:51,1508.0,1294608
2021-06-18 09:42:53,1508.0,1296631
2021-06-18 09:42:52,1507.7,1295295
2021-06-18 09:42:53,1508.0,1296631
2021-06-18 09:42:54,1507.75,1298178
2021-06-18 09:42:55,1507.75,1299171
2021-06-18 09:42:56,1507.75,1299815
2021-06-18 09:42:57,1507.75,1301994
2021-06-18 09:42:58,1508.0,1303392
2021-06-18 09:42:59,1508.45,1307455
2021-06-18 09:43:01,1508.45,1309016
2021-06-18 09:43:02,1508.4,1309589
2021-06-18 09:43:02,1508.15,1309761
2021-06-18 09:43:03,1508.35,1310803
2021-06-18 09:43:04,1507.75,1312767
2021-06-18 09:43:05,1507.75,1312916
2021-06-18 09:43:06,1508.0,1313130
2021-06-18 09:43:07,1507.95,1313456
2021-06-18 09:43:08,1508.0,1313675
2021-06-18 09:43:09,1507.85,1313678
2021-06-18 09:43:10,1507.75,1313844
2021-06-18 09:43:11,1507.7,1314312
2021-06-18 09:43:12,1507.75,1314355
2021-06-18 09:43:14,1507.75,1314430
2021-06-18 09:43:14,1507.75,1314430
2021-06-18 09:43:15,1507.75,1314568
2021-06-18 09:43:16,1507.75,1314629
2021-06-18 09:43:17,1507.75,1316631
2021-06-18 09:43:18,1507.65,1317049
2021-06-18 09:43:19,1507.6,1317115
2021-06-18 09:43:20,1507.7,1317232
2021-06-18 09:43:21,1507.7,1317354
2021-06-18 09:43:22,1507.6,1317807
2021-06-18 09:43:23,1507.65,1318651
2021-06-18 09:43:24,1507.65,1319888
2021-06-18 09:43:25,1507.6,1319943
2021-06-18 09:43:26,1507.6,1320115
2021-06-18 09:43:27,1507.55,1320434
2021-06-18 09:43:28,1507.6,1320784
2021-06-18 09:43:29,1507.6,1320940
2021-06-18 09:43:30,1507.6,1321134
2021-06-18 09:43:31,1507.6,1322579
2021-06-18 09:43:32,1507.55,1323823
2021-06-18 09:43:33,1507.35,1324004
2021-06-18 09:43:34,1507.55,1324107
2021-06-18 09:43:35,1507.05,1324740
2021-06-18 09:43:37,1507.05,1324787
2021-06-18 09:43:38,1507.05,1324948
2021-06-18 09:43:39,1507.5,1325070
2021-06-18 09:43:40,1507.05,1325082
2021-06-18 09:43:41,1507.35,1325377
2021-06-18 09:43:42,1507.35,1325485
2021-06-18 09:43:43,1507.1,1325800
2021-06-18 09:43:43,1507.35,1325690
2021-06-18 09:43:44,1507.05,1325801
2021-06-18 09:43:45,1507.05,1326101
2021-06-18 09:43:46,1507.35,1326180
2021-06-18 09:43:47,1507.35,1326564
2021-06-18 09:43:48,1507.05,1327081
2021-06-18 09:43:49,1507.05,1327181
2021-06-18 09:43:50,1507.3,1327256
2021-06-18 09:43:51,1507.3,1327359
2021-06-18 09:43:52,1507.1,1327509
2021-06-18 09:43:53,1507.1,1327540
2021-06-18 09:43:54,1507.1,1328227
2021-06-18 09:43:55,1507.1,1328323
2021-06-18 09:43:56,1507.3,1329330
2021-06-18 09:43:57,1508.05,1332481
2021-06-18 09:43:59,1508.0,1334702
2021-06-18 09:44:00,1508.05,1336043
2021-06-18 09:44:01,1508.7,1336754
2021-06-18 09:44:02,1508.6,1337068
2021-06-18 09:44:03,1508.15,1337236
2021-06-18 09:44:04,1508.6,1337301
2021-06-18 09:44:05,1508.2,1337435
2021-06-18 09:44:06,1508.5,1337612
2021-06-18 09:44:07,1508.2,1337767
2021-06-18 09:44:08,1508.1,1338144
2021-06-18 09:44:09,1508.0,1340573
2021-06-18 09:44:10,1508.0,1341681
2021-06-18 09:44:12,1507.45,1342551
2021-06-18 09:44:12,1507.1,1342815
2021-06-18 09:44:13,1507.45,1344339
2021-06-18 09:44:15,1507.5,1345895
2021-06-18 09:44:16,1507.5,1346150
2021-06-18 09:44:17,1507.5,1346687
2021-06-18 09:44:18,1507.5,1346927
2021-06-18 09:44:19,1507.7,1347547
2021-06-18 09:44:20,1507.55,1347748
2021-06-18 09:44:21,1507.55,1348357
2021-06-18 09:44:22,1507.7,1348690
2021-06-18 09:44:23,1507.55,1348949
2021-06-18 09:44:24,1507.7,1349266
2021-06-18 09:44:25,1507.5,1349861
2021-06-18 09:44:26,1507.55,1350111
2021-06-18 09:44:27,1507.55,1350459
2021-06-18 09:44:28,1507.55,1351626
2021-06-18 09:44:29,1507.5,1352040
2021-06-18 09:44:30,1507.15,1352434
2021-06-18 09:44:31,1507.1,1352527
2021-06-18 09:44:32,1507.35,1352650
2021-06-18 09:44:33,1507.4,1353366
2021-06-18 09:44:34,1507.55,1354275
2021-06-18 09:44:35,1507.35,1354945
2021-06-18 09:44:36,1507.5,1355291
2021-06-18 09:44:37,1507.15,1355495
2021-06-18 09:44:38,1507.1,1355631
2021-06-18 09:44:39,1507.5,1355793
2021-06-18 09:44:40,1507.45,1355857
2021-06-18 09:44:41,1507.2,1355938
2021-06-18 09:44:43,1507.45,1357114
2021-06-18 09:44:43,1507.1,1357321
2021-06-18 09:44:44,1507.1,1358270
2021-06-18 09:44:46,1507.1,1358331
2021-06-18 09:44:48,1507.0,1365194
2021-06-18 09:44:49,1506.9,1365385
2021-06-18 09:44:50,1507.0,1366160
2021-06-18 09:44:51,1507.0,1366314
2021-06-18 09:44:52,1507.0,1368408
2021-06-18 09:44:53,1507.0,1368584
2021-06-18 09:44:54,1507.1,1371128
2021-06-18 09:44:55,1507.1,1371298
2021-06-18 09:44:56,1506.85,1371563
2021-06-18 09:44:57,1506.85,1371677
2021-06-18 09:44:58,1507.0,1371812
2021-06-18 09:44:59,1507.0,1371897
2021-06-18 09:45:00,1506.85,1371974
2021-06-18 09:45:01,1507.0,1372040
2021-06-18 09:45:02,1506.85,1372182
2021-06-18 09:45:03,1506.85,1372215
2021-06-18 09:45:04,1506.85,1372215
2021-06-18 09:45:05,1506.85,1372319
2021-06-18 09:45:05,1506.85,1372219
2021-06-18 09:45:06,1506.85,1372909
2021-06-18 09:45:07,1506.7,1378391
2021-06-18 09:45:08,1506.7,1378416
2021-06-18 09:45:09,1506.8,1378995
2021-06-18 09:45:10,1506.8,1379134
2021-06-18 09:45:11,1506.85,1380167
2021-06-18 09:45:12,1506.7,1380371
2021-06-18 09:45:13,1507.0,1380445
2021-06-18 09:45:14,1506.7,1380514
2021-06-18 09:45:15,1506.7,1380748
2021-06-18 09:45:16,1506.7,1380804
2021-06-18 09:45:17,1507.0,1381079
2021-06-18 09:45:18,1506.7,1381264
2021-06-18 09:45:19,1507.0,1381512
2021-06-18 09:45:20,1507.0,1381696
2021-06-18 09:45:21,1506.7,1382244
2021-06-18 09:45:22,1506.7,1382346
2021-06-18 09:45:24,1507.0,1382440
2021-06-18 09:45:25,1506.7,1382617
2021-06-18 09:45:26,1506.85,1382872
2021-06-18 09:45:27,1506.85,1383142
2021-06-18 09:45:28,1506.75,1383559
2021-06-18 09:45:28,1506.8,1383562
2021-06-18 09:45:30,1506.8,1383589
2021-06-18 09:45:31,1506.75,1383658
2021-06-18 09:45:32,1506.7,1384571
2021-06-18 09:45:33,1506.7,1385143
2021-06-18 09:45:34,1506.65,1385669
2021-06-18 09:45:34,1506.65,1385669
2021-06-18 09:45:35,1506.7,1385797
2021-06-18 09:45:36,1506.6,1387302
2021-06-18 09:45:37,1506.7,1388100
2021-06-18 09:45:38,1506.65,1388802
2021-06-18 09:45:39,1506.8,1388835
2021-06-18 09:45:40,1506.7,1389171
2021-06-18 09:45:41,1507.4,1390899
2021-06-18 09:45:42,1506.7,1390999
2021-06-18 09:45:43,1506.7,1391367
2021-06-18 09:45:44,1507.0,1391845
2021-06-18 09:45:46,1507.05,1393185
2021-06-18 09:45:48,1507.05,1393692
2021-06-18 09:45:49,1508.0,1396480
2021-06-18 09:45:50,1507.4,1397152
2021-06-18 09:45:51,1507.4,1397847
2021-06-18 09:45:52,1507.9,1398025
2021-06-18 09:45:52,1507.9,1398025
2021-06-18 09:45:53,1507.45,1398126
2021-06-18 09:45:54,1507.45,1399380
2021-06-18 09:45:56,1507.45,1401290
2021-06-18 09:45:57,1507.45,1401747
2021-06-18 09:45:58,1507.45,1402208
2021-06-18 09:45:59,1507.6,1402990
2021-06-18 09:46:00,1507.6,1403873
2021-06-18 09:46:01,1507.4,1404076
2021-06-18 09:46:02,1507.4,1404102
2021-06-18 09:46:03,1507.4,1404297
2021-06-18 09:46:04,1507.45,1404870
2021-06-18 09:46:05,1507.35,1405465
2021-06-18 09:46:06,1507.45,1405536
2021-06-18 09:46:07,1507.6,1406513
2021-06-18 09:46:08,1507.35,1406782
2021-06-18 09:46:09,1507.4,1408907
2021-06-18 09:46:11,1507.4,1409392
2021-06-18 09:46:12,1507.35,1409448
2021-06-18 09:46:13,1507.3,1409472
2021-06-18 09:46:14,1507.35,1414318
2021-06-18 09:46:15,1507.3,1414334
2021-06-18 09:46:16,1507.85,1414381
2021-06-18 09:46:17,1507.95,1415206
2021-06-18 09:46:18,1507.95,1415248
2021-06-18 09:46:18,1507.95,1415248
2021-06-18 09:46:19,1507.45,1415310
2021-06-18 09:46:21,1507.9,1415964
2021-06-18 09:46:22,1507.85,1416149
2021-06-18 09:46:22,1507.45,1416153
2021-06-18 09:46:23,1507.85,1416353
2021-06-18 09:46:25,1507.85,1416503
2021-06-18 09:46:26,1507.45,1416518
2021-06-18 09:46:27,1507.45,1416919
2021-06-18 09:46:28,1507.35,1417957
2021-06-18 09:46:29,1507.65,1418110
2021-06-18 09:46:30,1507.45,1418415
2021-06-18 09:46:31,1507.5,1418504
2021-06-18 09:46:32,1507.4,1418614
2021-06-18 09:46:33,1507.4,1418651
2021-06-18 09:46:34,1507.5,1419066
2021-06-18 09:46:35,1507.5,1419069
2021-06-18 09:46:36,1507.4,1419250
2021-06-18 09:46:37,1507.4,1419383
2021-06-18 09:46:38,1507.4,1420758
2021-06-18 09:46:39,1507.5,1421258
2021-06-18 09:46:40,1507.65,1421308
2021-06-18 09:46:41,1507.5,1421688
2021-06-18 09:46:42,1507.65,1423396
2021-06-18 09:46:44,1507.6,1424942
2021-06-18 09:46:45,1507.6,1426034
2021-06-18 09:46:45,1507.6,1426084
2021-06-18 09:46:47,1508.1,1427751
2021-06-18 09:46:48,1507.85,1427771
2021-06-18 09:46:48,1507.85,1427771
2021-06-18 09:46:49,1507.8,1428432
2021-06-18 09:46:50,1508.0,1428537
2021-06-18 09:46:51,1508.0,1428752
2021-06-18 09:46:52,1508.0,1429318
2021-06-18 09:46:53,1508.0,1431297
2021-06-18 09:46:54,1508.0,1431387
2021-06-18 09:46:55,1508.0,1432207
2021-06-18 09:46:56,1508.2,1432257
2021-06-18 09:46:58,1508.2,1432257
2021-06-18 09:46:59,1508.1,1432333
2021-06-18 09:47:00,1508.15,1432514
2021-06-18 09:47:01,1508.0,1432543
2021-06-18 09:47:01,1508.0,1434809
2021-06-18 09:47:02,1508.05,1435117
2021-06-18 09:47:03,1508.0,1438048
2021-06-18 09:47:04,1507.9,1439181
2021-06-18 09:47:05,1507.9,1441445
2021-06-18 09:47:06,1507.9,1442456
2021-06-18 09:47:07,1507.9,1442823
2021-06-18 09:47:08,1507.85,1443083
2021-06-18 09:47:09,1507.85,1443480
2021-06-18 09:47:10,1507.8,1444893
2021-06-18 09:47:11,1507.9,1445682
2021-06-18 09:47:12,1507.8,1445925
2021-06-18 09:47:13,1507.75,1446011
2021-06-18 09:47:14,1507.8,1446076
2021-06-18 09:47:15,1507.45,1449684
2021-06-18 09:47:16,1507.45,1449697
2021-06-18 09:47:17,1507.15,1449783
2021-06-18 09:47:18,1507.1,1450171
2021-06-18 09:47:19,1507.6,1450431
2021-06-18 09:47:20,1507.1,1450616
2021-06-18 09:47:22,1507.5,1450766
2021-06-18 09:47:23,1507.1,1450969
2021-06-18 09:47:24,1507.5,1451556
2021-06-18 09:47:24,1507.5,1451556
2021-06-18 09:47:25,1507.5,1451789
2021-06-18 09:47:26,1507.1,1451852
2021-06-18 09:47:27,1507.1,1451884
2021-06-18 09:47:28,1507.05,1451920
2021-06-18 09:47:29,1507.05,1454672
2021-06-18 09:47:30,1507.1,1454760
2021-06-18 09:47:32,1507.0,1455585
2021-06-18 09:47:33,1507.0,1456302
2021-06-18 09:47:34,1507.0,1457793
2021-06-18 09:47:35,1507.0,1458467
2021-06-18 09:47:36,1506.9,1458588
2021-06-18 09:47:37,1507.0,1458873
2021-06-18 09:47:38,1506.9,1459884
2021-06-18 09:47:39,1506.85,1460336
2021-06-18 09:47:40,1506.8,1460838
2021-06-18 09:47:41,1506.8,1460908
2021-06-18 09:47:42,1506.8,1463167
2021-06-18 09:47:43,1506.75,1463481
2021-06-18 09:47:44,1506.65,1463729
2021-06-18 09:47:45,1506.1,1466223
2021-06-18 09:47:46,1506.0,1469587
2021-06-18 09:47:47,1506.0,1471603
2021-06-18 09:47:48,1505.8,1473725
2021-06-18 09:47:49,1505.85,1474775
2021-06-18 09:47:50,1505.7,1475736
2021-06-18 09:47:51,1505.7,1476159
2021-06-18 09:47:52,1505.55,1477032
2021-06-18 09:47:53,1505.5,1477246
2021-06-18 09:47:54,1505.5,1478944
2021-06-18 09:47:55,1505.45,1479328
2021-06-18 09:47:56,1505.5,1480173
2021-06-18 09:47:57,1505.65,1480679
2021-06-18 09:47:58,1505.65,1480954
2021-06-18 09:48:00,1505.55,1481185
2021-06-18 09:48:01,1505.55,1481455
2021-06-18 09:48:02,1505.55,1481841
2021-06-18 09:48:03,1505.55,1482082
2021-06-18 09:48:03,1505.65,1482469
2021-06-18 09:48:05,1505.65,1485325
2021-06-18 09:48:06,1505.6,1485929
2021-06-18 09:48:08,1505.55,1487009
2021-06-18 09:48:09,1505.5,1487655
2021-06-18 09:48:10,1505.5,1487962
2021-06-18 09:48:11,1505.55,1488056
2021-06-18 09:48:12,1505.55,1488252
2021-06-18 09:48:13,1506.0,1488740
2021-06-18 09:48:14,1506.0,1489186
2021-06-18 09:48:15,1505.95,1489563
2021-06-18 09:48:15,1505.95,1489563
2021-06-18 09:48:16,1505.45,1489988
2021-06-18 09:48:17,1505.9,1490168
2021-06-18 09:48:18,1505.65,1490376
2021-06-18 09:48:19,1505.95,1490507
2021-06-18 09:48:20,1506.0,1490972
2021-06-18 09:48:21,1505.65,1491762
2021-06-18 09:48:22,1506.25,1500485
2021-06-18 09:48:23,1506.25,1502342
2021-06-18 09:48:24,1506.05,1502604
2021-06-18 09:48:26,1506.45,1503369
2021-06-18 09:48:27,1506.45,1503624
2021-06-18 09:48:28,1506.0,1504363
2021-06-18 09:48:29,1506.05,1505103
2021-06-18 09:48:30,1506.1,1505636
2021-06-18 09:48:31,1506.05,1505955
2021-06-18 09:48:31,1506.05,1505987
2021-06-18 09:48:33,1506.05,1506375
2021-06-18 09:48:35,1506.1,1506761
2021-06-18 09:48:36,1506.15,1507641
2021-06-18 09:48:37,1506.2,1507906
2021-06-18 09:48:37,1506.2,1507933
2021-06-18 09:48:40,1506.15,1508729
2021-06-18 09:48:41,1506.0,1509546
2021-06-18 09:48:42,1506.0,1510513
2021-06-18 09:48:43,1506.0,1510987
2021-06-18 09:48:44,1506.0,1511218
2021-06-18 09:48:45,1506.0,1511305
2021-06-18 09:48:46,1506.0,1511565
2021-06-18 09:48:47,1506.1,1511901
2021-06-18 09:48:48,1506.1,1513133
2021-06-18 09:48:49,1506.5,1515170
2021-06-18 09:48:50,1506.4,1515780
2021-06-18 09:48:51,1506.4,1516805
2021-06-18 09:48:52,1506.4,1517189
2021-06-18 09:48:52,1506.4,1517226
2021-06-18 09:48:54,1506.35,1517382
2021-06-18 09:48:56,1506.35,1518525
2021-06-18 09:48:57,1506.25,1518761
2021-06-18 09:48:58,1506.2,1518996
2021-06-18 09:48:58,1506.2,1518975
2021-06-18 09:48:59,1506.1,1519768
2021-06-18 09:49:00,1506.05,1521337
2021-06-18 09:49:02,1505.6,1521909
2021-06-18 09:49:03,1505.6,1522125
2021-06-18 09:49:04,1505.6,1522213
2021-06-18 09:49:05,1506.0,1522391
2021-06-18 09:49:06,1506.0,1522690
2021-06-18 09:49:07,1506.0,1522900
2021-06-18 09:49:08,1506.3,1526304
2021-06-18 09:49:09,1506.0,1527751
2021-06-18 09:49:09,1506.0,1527851
2021-06-18 09:49:10,1506.0,1528377
2021-06-18 09:49:11,1505.6,1528964
2021-06-18 09:49:12,1505.6,1530225
2021-06-18 09:49:14,1505.6,1530881
2021-06-18 09:49:15,1505.6,1531341
2021-06-18 09:49:16,1505.6,1531676
2021-06-18 09:49:17,1505.6,1532324
2021-06-18 09:49:19,1505.95,1532845
2021-06-18 09:49:20,1505.65,1533067
2021-06-18 09:49:21,1505.95,1534914
2021-06-18 09:49:22,1505.6,1536010
2021-06-18 09:49:22,1505.6,1536126
2021-06-18 09:49:24,1505.8,1536352
2021-06-18 09:49:26,1505.8,1538271
2021-06-18 09:49:27,1505.6,1538627
2021-06-18 09:49:28,1505.5,1540244
2021-06-18 09:49:29,1505.5,1541088
2021-06-18 09:49:30,1505.95,1542136
2021-06-18 09:49:31,1505.8,1542473
2021-06-18 09:49:31,1505.8,1542352
2021-06-18 09:49:33,1505.8,1543281
2021-06-18 09:49:34,1505.65,1544013
2021-06-18 09:49:35,1505.95,1545956
2021-06-18 09:49:36,1505.9,1549518
2021-06-18 09:49:38,1505.5,1552176
2021-06-18 09:49:38,1505.5,1552176
2021-06-18 09:49:40,1505.35,1553372
2021-06-18 09:49:41,1505.65,1554807
2021-06-18 09:49:42,1505.65,1556893
2021-06-18 09:49:43,1505.2,1557380
2021-06-18 09:49:44,1505.2,1558133
2021-06-18 09:49:45,1505.15,1559022
2021-06-18 09:49:45,1505.15,1559112
2021-06-18 09:49:47,1505.15,1560126
2021-06-18 09:49:48,1505.35,1561302
2021-06-18 09:49:49,1505.1,1561507
2021-06-18 09:49:51,1505.1,1566346
2021-06-18 09:49:52,1505.1,1567155
2021-06-18 09:49:53,1505.0,1569168
2021-06-18 09:49:54,1504.8,1578889
2021-06-18 09:49:54,1504.45,1579166
2021-06-18 09:49:55,1504.5,1583704
2021-06-18 09:49:57,1504.2,1583984
2021-06-18 09:49:58,1504.55,1584090
2021-06-18 09:49:59,1504.6,1584179
2021-06-18 09:50:00,1504.8,1584272
2021-06-18 09:50:01,1504.65,1587491
2021-06-18 09:50:01,1504.65,1587491
2021-06-18 09:50:02,1504.5,1589132
2021-06-18 09:50:04,1505.0,1590801
2021-06-18 09:50:05,1505.0,1591702
2021-06-18 09:50:06,1505.3,1593942
2021-06-18 09:50:07,1505.0,1597112
2021-06-18 09:50:08,1505.0,1597596
2021-06-18 09:50:09,1505.15,1601325
2021-06-18 09:50:09,1505.6,1605069
2021-06-18 09:50:10,1505.05,1607754
2021-06-18 09:50:12,1505.2,1611382
2021-06-18 09:50:13,1505.0,1616074
2021-06-18 09:50:14,1505.1,1621098
2021-06-18 09:50:15,1505.0,1621410
2021-06-18 09:50:16,1505.0,1625479
2021-06-18 09:50:17,1504.95,1628355
2021-06-18 09:50:19,1504.95,1628598
2021-06-18 09:50:20,1504.9,1628876
2021-06-18 09:50:21,1506.0,1632238
2021-06-18 09:50:22,1505.0,1633481
2021-06-18 09:50:23,1504.95,1634816
2021-06-18 09:50:24,1505.0,1636760
2021-06-18 09:50:25,1505.0,1639348
2021-06-18 09:50:25,1504.95,1637527
2021-06-18 09:50:26,1504.95,1641130
2021-06-18 09:50:27,1504.95,1642359
2021-06-18 09:50:28,1505.0,1643760
2021-06-18 09:50:29,1505.0,1644174
2021-06-18 09:50:30,1504.95,1644611
2021-06-18 09:50:31,1505.05,1645496
2021-06-18 09:50:32,1504.95,1645820
2021-06-18 09:50:33,1504.95,1646034
2021-06-18 09:50:34,1504.95,1646817
2021-06-18 09:50:35,1504.95,1647480
2021-06-18 09:50:36,1504.85,1648302
2021-06-18 09:50:38,1505.45,1650148
2021-06-18 09:50:39,1505.9,1651657
2021-06-18 09:50:40,1505.0,1652469
2021-06-18 09:50:41,1505.7,1652858
2021-06-18 09:50:42,1505.2,1653471
2021-06-18 09:50:43,1505.2,1654176
2021-06-18 09:50:44,1505.3,1655000
2021-06-18 09:50:45,1505.1,1655598
2021-06-18 09:50:46,1505.3,1656015
2021-06-18 09:50:47,1505.2,1656295
2021-06-18 09:50:48,1505.1,1656893
2021-06-18 09:50:49,1505.1,1659775
2021-06-18 09:50:50,1505.1,1663782
2021-06-18 09:50:51,1505.0,1664655
2021-06-18 09:50:52,1505.0,1664900
2021-06-18 09:50:54,1504.95,1667442
2021-06-18 09:50:55,1505.0,1668450
2021-06-18 09:50:56,1504.85,1668819
2021-06-18 09:50:57,1505.0,1670024
2021-06-18 09:50:58,1505.0,1670630
2021-06-18 09:50:59,1505.0,1673293
2021-06-18 09:51:00,1505.0,1674622
2021-06-18 09:51:01,1504.85,1675177
2021-06-18 09:51:02,1504.85,1675648
2021-06-18 09:51:03,1505.0,1676435
2021-06-18 09:51:04,1505.0,1676435
2021-06-18 09:51:05,1504.85,1676677
2021-06-18 09:51:06,1504.85,1676960
2021-06-18 09:51:07,1504.8,1677258
2021-06-18 09:51:08,1504.8,1677962
2021-06-18 09:51:09,1504.85,1678001
2021-06-18 09:51:10,1504.85,1678407
2021-06-18 09:51:11,1504.85,1678558
2021-06-18 09:51:12,1504.8,1678752
2021-06-18 09:51:13,1504.85,1679379
2021-06-18 09:51:14,1504.85,1680063
2021-06-18 09:51:15,1504.85,1680505
2021-06-18 09:51:16,1504.85,1680640
2021-06-18 09:51:17,1504.85,1680640
2021-06-18 09:51:18,1504.85,1680654
2021-06-18 09:51:19,1505.0,1680978
2021-06-18 09:51:20,1504.95,1683332
2021-06-18 09:51:21,1504.95,1684299
2021-06-18 09:51:22,1504.7,1684743
2021-06-18 09:51:23,1504.7,1685745
2021-06-18 09:51:24,1504.7,1685968
2021-06-18 09:51:25,1504.7,1685968
2021-06-18 09:51:26,1504.65,1686666
2021-06-18 09:51:27,1504.6,1687293
2021-06-18 09:51:28,1504.6,1687874
2021-06-18 09:51:29,1504.6,1688418
2021-06-18 09:51:30,1504.6,1688674
2021-06-18 09:51:31,1504.6,1689378
2021-06-18 09:51:32,1504.5,1689658
2021-06-18 09:51:33,1504.5,1690142
2021-06-18 09:51:34,1504.5,1690873
2021-06-18 09:51:35,1504.5,1691049
2021-06-18 09:51:36,1504.6,1691370
2021-06-18 09:51:37,1504.6,1691994
2021-06-18 09:51:38,1504.6,1692272
2021-06-18 09:51:39,1504.85,1692477
2021-06-18 09:51:40,1504.6,1692634
2021-06-18 09:51:41,1504.6,1692960
2021-06-18 09:51:42,1505.0,1693560
2021-06-18 09:51:43,1504.65,1694341
2021-06-18 09:51:45,1504.6,1695371
2021-06-18 09:51:46,1504.6,1695978
2021-06-18 09:51:47,1504.6,1696513
2021-06-18 09:51:48,1504.55,1696987
2021-06-18 09:51:49,1504.65,1697062
2021-06-18 09:51:50,1504.65,1697160
2021-06-18 09:51:51,1504.6,1697245
2021-06-18 09:51:52,1504.6,1698115
2021-06-18 09:51:53,1504.6,1698255
2021-06-18 09:51:54,1504.65,1702442
2021-06-18 09:51:55,1504.55,1704839
2021-06-18 09:51:56,1504.5,1705435
2021-06-18 09:51:57,1504.55,1706111
2021-06-18 09:51:58,1504.5,1707287
2021-06-18 09:51:59,1504.5,1707287
2021-06-18 09:52:00,1504.55,1707885
2021-06-18 09:52:01,1504.5,1708719
2021-06-18 09:52:02,1504.5,1709599
2021-06-18 09:52:03,1504.5,1709944
2021-06-18 09:52:04,1504.5,1710161
2021-06-18 09:52:05,1504.5,1710254
2021-06-18 09:52:07,1504.5,1711079
2021-06-18 09:52:06,1504.5,1711079
2021-06-18 09:52:08,1504.5,1711936
2021-06-18 09:52:09,1504.5,1712641
2021-06-18 09:52:10,1504.4,1714954
2021-06-18 09:52:11,1504.0,1724140
2021-06-18 09:52:12,1504.0,1726809
2021-06-18 09:52:13,1503.85,1727436
2021-06-18 09:52:14,1503.7,1727559
2021-06-18 09:52:15,1503.7,1727780
2021-06-18 09:52:16,1503.45,1728347
2021-06-18 09:52:17,1503.35,1728713
2021-06-18 09:52:18,1503.45,1728714
2021-06-18 09:52:19,1503.35,1728875
2021-06-18 09:52:20,1503.1,1729558
2021-06-18 09:52:21,1503.1,1731240
2021-06-18 09:52:23,1503.05,1733695
2021-06-18 09:52:24,1503.1,1733820
2021-06-18 09:52:25,1503.2,1738229
2021-06-18 09:52:26,1503.6,1741006
2021-06-18 09:52:27,1503.6,1741942
2021-06-18 09:52:28,1503.6,1742206
2021-06-18 09:52:29,1503.6,1742455
2021-06-18 09:52:30,1503.6,1742665
2021-06-18 09:52:31,1503.55,1742828
2021-06-18 09:52:33,1503.45,1742936
2021-06-18 09:52:34,1503.45,1742988
2021-06-18 09:52:36,1503.45,1743109
2021-06-18 09:52:37,1503.45,1743530
2021-06-18 09:52:38,1503.4,1745486
2021-06-18 09:52:39,1503.5,1746572
2021-06-18 09:52:40,1503.35,1746758
2021-06-18 09:52:41,1503.55,1746767
2021-06-18 09:52:43,1503.35,1747331
2021-06-18 09:52:44,1503.05,1748749
2021-06-18 09:52:45,1503.05,1750344
2021-06-18 09:52:46,1503.0,1752080
2021-06-18 09:52:47,1503.0,1752700
2021-06-18 09:52:49,1503.0,1753295
2021-06-18 09:52:48,1503.0,1753295
2021-06-18 09:52:50,1502.85,1753743
2021-06-18 09:52:51,1503.0,1754407
2021-06-18 09:52:52,1502.95,1754630
2021-06-18 09:52:53,1502.95,1754702
2021-06-18 09:52:54,1503.0,1755767
2021-06-18 09:52:55,1504.1,1758660
2021-06-18 09:52:56,1503.3,1759029
2021-06-18 09:52:57,1503.65,1762315
2021-06-18 09:52:58,1503.65,1764245
2021-06-18 09:52:59,1504.3,1765864
2021-06-18 09:53:00,1504.3,1766517
2021-06-18 09:53:01,1503.95,1767147
2021-06-18 09:53:02,1504.05,1767560
2021-06-18 09:53:03,1503.8,1767821
2021-06-18 09:53:04,1503.8,1767874
2021-06-18 09:53:05,1503.8,1768018
2021-06-18 09:53:06,1503.8,1768129
2021-06-18 09:53:07,1503.8,1768491
2021-06-18 09:53:08,1503.8,1768648
2021-06-18 09:53:09,1503.8,1768783
2021-06-18 09:53:11,1504.0,1769367
2021-06-18 09:53:11,1503.8,1769313
2021-06-18 09:53:12,1503.8,1769719
2021-06-18 09:53:13,1503.8,1770217
2021-06-18 09:53:14,1504.0,1771004
2021-06-18 09:53:15,1504.0,1773634
2021-06-18 09:53:16,1503.8,1774808
2021-06-18 09:53:17,1504.55,1774975
2021-06-18 09:53:18,1504.05,1775035
2021-06-18 09:53:19,1504.0,1775433
2021-06-18 09:53:20,1504.0,1775862
2021-06-18 09:53:21,1504.0,1776042
2021-06-18 09:53:22,1504.05,1776300
2021-06-18 09:53:23,1504.1,1776610
2021-06-18 09:53:24,1504.2,1776908
2021-06-18 09:53:25,1504.2,1777157
2021-06-18 09:53:26,1504.2,1777420
2021-06-18 09:53:27,1504.2,1778327
2021-06-18 09:53:28,1504.2,1779572
2021-06-18 09:53:29,1504.5,1780186
2021-06-18 09:53:30,1504.2,1781351
2021-06-18 09:53:31,1504.5,1782140
2021-06-18 09:53:32,1504.2,1782354
2021-06-18 09:53:33,1504.2,1782395
2021-06-18 09:53:35,1504.2,1786101
2021-06-18 09:53:37,1504.1,1786711
2021-06-18 09:53:38,1504.9,1787417
2021-06-18 09:53:39,1504.7,1788442
2021-06-18 09:53:40,1505.15,1790473
2021-06-18 09:53:41,1505.15,1791861
2021-06-18 09:53:42,1504.4,1792281
2021-06-18 09:53:43,1504.65,1792399
2021-06-18 09:53:44,1504.6,1792519
2021-06-18 09:53:45,1505.45,1793277
2021-06-18 09:53:46,1505.1,1793726
2021-06-18 09:53:47,1505.1,1794011
2021-06-18 09:53:48,1505.0,1794209
2021-06-18 09:53:49,1504.95,1794229
2021-06-18 09:53:50,1504.95,1794396
2021-06-18 09:53:51,1504.95,1794466
2021-06-18 09:53:52,1505.6,1796334
2021-06-18 09:53:54,1505.05,1797709
2021-06-18 09:53:55,1505.05,1798626
2021-06-18 09:53:56,1505.05,1801413
2021-06-18 09:53:56,1505.45,1801764
2021-06-18 09:53:57,1505.1,1803984
2021-06-18 09:53:58,1505.05,1805488
2021-06-18 09:53:59,1505.0,1805875
2021-06-18 09:54:00,1505.9,1806746
2021-06-18 09:54:01,1505.25,1808299
2021-06-18 09:54:02,1505.25,1809459
2021-06-18 09:54:03,1505.25,1812210
2021-06-18 09:54:04,1505.2,1814091
2021-06-18 09:54:05,1505.2,1816221
2021-06-18 09:54:06,1505.2,1818858
2021-06-18 09:54:07,1505.2,1821540
2021-06-18 09:54:08,1505.1,1825301
2021-06-18 09:54:09,1505.1,1827874
2021-06-18 09:54:10,1505.1,1829910
2021-06-18 09:54:11,1505.1,1830514
2021-06-18 09:54:12,1505.1,1831362
2021-06-18 09:54:13,1505.05,1833087
2021-06-18 09:54:14,1505.15,1833564
2021-06-18 09:54:15,1505.0,1834764
2021-06-18 09:54:16,1505.0,1835244
2021-06-18 09:54:17,1504.95,1836054
2021-06-18 09:54:18,1505.05,1837234
2021-06-18 09:54:19,1504.95,1837883
2021-06-18 09:54:20,1504.95,1839331
2021-06-18 09:54:21,1504.9,1839585
2021-06-18 09:54:23,1504.75,1839722
2021-06-18 09:54:24,1504.75,1840121
2021-06-18 09:54:25,1504.85,1841561
2021-06-18 09:54:26,1504.6,1842556
2021-06-18 09:54:27,1505.0,1843011
2021-06-18 09:54:28,1504.5,1843558
2021-06-18 09:54:29,1505.0,1843578
2021-06-18 09:54:30,1504.75,1843681
2021-06-18 09:54:31,1505.0,1843789
2021-06-18 09:54:32,1504.8,1843799
2021-06-18 09:54:33,1505.0,1843826
2021-06-18 09:54:34,1505.0,1844082
2021-06-18 09:54:35,1505.0,1844274
2021-06-18 09:54:36,1505.0,1844275
2021-06-18 09:54:37,1505.3,1844425
2021-06-18 09:54:38,1505.3,1844465
2021-06-18 09:54:39,1505.0,1844483
2021-06-18 09:54:40,1505.25,1844587
2021-06-18 09:54:41,1505.5,1845008
2021-06-18 09:54:42,1505.5,1845270
2021-06-18 09:54:42,1505.5,1845296
2021-06-18 09:54:43,1505.8,1845339
2021-06-18 09:54:44,1505.25,1846548
2021-06-18 09:54:45,1505.35,1846829
2021-06-18 09:54:46,1505.35,1847094
2021-06-18 09:54:47,1505.65,1847179
2021-06-18 09:54:48,1505.55,1847208
2021-06-18 09:54:49,1505.5,1847234
2021-06-18 09:54:50,1505.45,1847860
2021-06-18 09:54:51,1505.75,1848540
2021-06-18 09:54:52,1505.75,1848925
2021-06-18 09:54:53,1505.7,1849435
2021-06-18 09:54:54,1505.85,1850226
2021-06-18 09:54:55,1505.75,1850910
2021-06-18 09:54:56,1505.7,1851673
2021-06-18 09:54:57,1505.7,1851930
2021-06-18 09:54:58,1505.7,1852515
2021-06-18 09:54:59,1505.7,1854302
2021-06-18 09:55:00,1505.65,1855827
2021-06-18 09:55:01,1505.3,1857284
2021-06-18 09:55:02,1505.6,1858401
2021-06-18 09:55:03,1505.3,1859146
2021-06-18 09:55:04,1505.4,1859541
2021-06-18 09:55:05,1505.5,1860097
2021-06-18 09:55:06,1505.6,1860439
2021-06-18 09:55:07,1505.55,1861383
2021-06-18 09:55:08,1505.55,1861606
2021-06-18 09:55:09,1505.5,1861883
2021-06-18 09:55:10,1505.6,1862078
2021-06-18 09:55:11,1505.55,1862222
2021-06-18 09:55:13,1505.8,1862734
2021-06-18 09:55:14,1505.55,1863500
2021-06-18 09:55:15,1505.65,1864088
2021-06-18 09:55:16,1506.4,1865874
2021-06-18 09:55:17,1505.85,1866337
2021-06-18 09:55:18,1505.85,1866516
2021-06-18 09:55:19,1506.0,1867056
2021-06-18 09:55:20,1506.0,1867642
2021-06-18 09:55:20,1505.9,1867755
2021-06-18 09:55:22,1505.85,1869061
2021-06-18 09:55:22,1506.45,1869195
2021-06-18 09:55:23,1506.25,1869413
2021-06-18 09:55:24,1506.15,1869487
2021-06-18 09:55:25,1506.3,1870297
2021-06-18 09:55:27,1506.15,1871478
2021-06-18 09:55:28,1506.0,1872233
2021-06-18 09:55:29,1506.0,1873006
2021-06-18 09:55:30,1505.85,1873332
2021-06-18 09:55:31,1505.85,1873577
2021-06-18 09:55:32,1505.8,1874253
2021-06-18 09:55:33,1505.75,1875042
2021-06-18 09:55:34,1505.75,1875776
2021-06-18 09:55:36,1505.75,1877783
2021-06-18 09:55:37,1505.75,1879513
2021-06-18 09:55:38,1505.75,1881287
2021-06-18 09:55:38,1505.65,1882493
2021-06-18 09:55:39,1505.65,1882829
2021-06-18 09:55:40,1505.55,1885419
2021-06-18 09:55:41,1505.25,1886669
2021-06-18 09:55:42,1505.25,1886867
2021-06-18 09:55:43,1505.3,1889595
2021-06-18 09:55:44,1505.3,1892440
2021-06-18 09:55:45,1505.3,1893080
2021-06-18 09:55:46,1505.3,1894176
2021-06-18 09:55:47,1505.3,1894824
2021-06-18 09:55:48,1505.2,1895592
2021-06-18 09:55:49,1505.2,1896028
2021-06-18 09:55:50,1505.2,1897187
2021-06-18 09:55:51,1505.2,1897580
2021-06-18 09:55:53,1505.1,1898175
2021-06-18 09:55:54,1505.2,1899238
2021-06-18 09:55:54,1505.1,1899244
2021-06-18 09:55:55,1505.0,1899714
2021-06-18 09:55:56,1505.1,1900430
2021-06-18 09:55:57,1505.75,1901390
2021-06-18 09:55:58,1505.65,1901705
2021-06-18 09:56:00,1505.4,1901733
2021-06-18 09:56:01,1505.35,1903207
2021-06-18 09:56:02,1505.15,1903790
2021-06-18 09:56:03,1505.05,1904402
2021-06-18 09:56:04,1505.0,1908928
2021-06-18 09:56:05,1504.95,1910022
2021-06-18 09:56:06,1504.7,1912018
2021-06-18 09:56:09,1504.55,1914855
2021-06-18 09:56:09,1504.25,1915755
2021-06-18 09:56:11,1504.2,1916674
2021-06-18 09:56:12,1504.2,1917387
2021-06-18 09:56:13,1504.0,1918474
2021-06-18 09:56:15,1504.05,1919087
2021-06-18 09:56:16,1504.15,1919966
2021-06-18 09:56:17,1504.2,1921302
2021-06-18 09:56:18,1504.25,1921740
2021-06-18 09:56:19,1504.2,1921915
2021-06-18 09:56:20,1504.2,1921987
2021-06-18 09:56:21,1504.1,1922096
2021-06-18 09:56:22,1504.05,1922189
2021-06-18 09:56:23,1504.2,1924071
2021-06-18 09:56:24,1504.1,1924794
2021-06-18 09:56:25,1504.0,1925141
2021-06-18 09:56:25,1504.1,1925295
2021-06-18 09:56:27,1504.0,1926353
2021-06-18 09:56:28,1503.9,1927248
2021-06-18 09:56:29,1504.0,1927456
2021-06-18 09:56:30,1504.0,1927653
2021-06-18 09:56:31,1503.4,1928914
2021-06-18 09:56:32,1504.0,1929256
2021-06-18 09:56:33,1503.4,1930018
2021-06-18 09:56:34,1503.4,1930018
2021-06-18 09:56:34,1503.4,1930018
2021-06-18 09:56:35,1503.85,1930089
2021-06-18 09:56:36,1504.55,1931066
2021-06-18 09:56:37,1504.45,1931099
2021-06-18 09:56:38,1505.5,1932621
2021-06-18 09:56:39,1505.0,1932750
2021-06-18 09:56:42,1505.25,1933715
2021-06-18 09:56:43,1505.3,1935016
2021-06-18 09:56:44,1505.3,1935609
2021-06-18 09:56:45,1505.3,1935926
2021-06-18 09:56:46,1505.4,1936106
2021-06-18 09:56:47,1505.25,1936707
2021-06-18 09:56:48,1505.25,1936822
2021-06-18 09:56:49,1504.55,1940531
2021-06-18 09:56:50,1504.55,1940966
2021-06-18 09:56:51,1504.25,1941086
2021-06-18 09:56:52,1504.45,1941497
2021-06-18 09:56:53,1504.2,1941500
2021-06-18 09:56:54,1503.95,1941702
2021-06-18 09:56:55,1503.85,1941799
2021-06-18 09:56:56,1504.05,1942040
2021-06-18 09:56:57,1504.05,1942334
2021-06-18 09:56:58,1504.0,1942570
2021-06-18 09:56:59,1503.85,1942587
2021-06-18 09:57:00,1503.85,1942741
2021-06-18 09:57:01,1503.85,1944672
2021-06-18 09:57:02,1503.85,1944710
2021-06-18 09:57:03,1503.85,1944811
2021-06-18 09:57:05,1503.9,1944820
2021-06-18 09:57:06,1503.85,1944840
2021-06-18 09:57:07,1504.0,1944985
2021-06-18 09:57:08,1503.85,1945102
2021-06-18 09:57:08,1503.85,1945098
2021-06-18 09:57:09,1503.85,1945167
2021-06-18 09:57:10,1503.95,1945615
2021-06-18 09:57:11,1504.0,1946263
2021-06-18 09:57:12,1503.95,1946293
2021-06-18 09:57:13,1504.0,1946386
2021-06-18 09:57:14,1503.9,1946406
2021-06-18 09:57:15,1503.9,1946946
2021-06-18 09:57:16,1504.0,1947112
2021-06-18 09:57:17,1503.85,1948274
2021-06-18 09:57:18,1503.5,1948301
2021-06-18 09:57:21,1503.9,1948539
2021-06-18 09:57:22,1503.9,1948590
2021-06-18 09:57:23,1504.0,1949018
2021-06-18 09:57:24,1503.6,1949021
2021-06-18 09:57:25,1504.0,1949172
2021-06-18 09:57:26,1503.5,1949242
2021-06-18 09:57:27,1504.0,1949392
2021-06-18 09:57:28,1503.5,1949407
2021-06-18 09:57:29,1503.55,1949419
2021-06-18 09:57:30,1503.5,1949475
2021-06-18 09:57:31,1504.4,1950376
2021-06-18 09:57:32,1503.5,1950401
2021-06-18 09:57:33,1503.65,1950471
2021-06-18 09:57:34,1503.65,1950638
2021-06-18 09:57:35,1504.0,1950682
2021-06-18 09:57:36,1504.0,1950743
2021-06-18 09:57:37,1503.95,1950859
2021-06-18 09:57:38,1503.95,1950904
2021-06-18 09:57:39,1504.0,1951030
2021-06-18 09:57:40,1503.65,1951719
2021-06-18 09:57:41,1503.65,1951719
2021-06-18 09:57:43,1504.0,1952069
2021-06-18 09:57:44,1503.55,1952119
2021-06-18 09:57:45,1503.55,1953032
2021-06-18 09:57:46,1503.55,1953734
2021-06-18 09:57:47,1504.0,1954348
2021-06-18 09:57:50,1504.0,1954503
2021-06-18 09:57:50,1504.0,1954805
2021-06-18 09:57:51,1504.0,1955684
2021-06-18 09:57:52,1504.0,1956452
2021-06-18 09:57:53,1504.0,1956504
2021-06-18 09:57:54,1503.85,1956606
2021-06-18 09:57:55,1503.85,1956641
2021-06-18 09:57:56,1503.7,1956646
2021-06-18 09:57:57,1503.9,1956659
2021-06-18 09:57:58,1504.0,1957108
2021-06-18 09:57:59,1503.5,1959729
2021-06-18 09:58:00,1504.0,1960653
2021-06-18 09:58:01,1504.0,1960653
2021-06-18 09:58:02,1503.7,1961684
2021-06-18 09:58:03,1503.6,1962094
2021-06-18 09:58:04,1503.7,1962234
2021-06-18 09:58:05,1503.9,1963772
2021-06-18 09:58:06,1503.6,1964122
2021-06-18 09:58:07,1503.5,1964242
2021-06-18 09:58:09,1503.5,1964404
2021-06-18 09:58:10,1503.0,1964554
2021-06-18 09:58:11,1503.25,1964696
2021-06-18 09:58:12,1503.25,1964741
2021-06-18 09:58:13,1503.3,1965089
2021-06-18 09:58:14,1503.1,1965789
2021-06-18 09:58:15,1503.7,1966650
2021-06-18 09:58:15,1503.65,1966668
2021-06-18 09:58:16,1503.5,1966686
2021-06-18 09:58:17,1503.55,1966932
2021-06-18 09:58:18,1504.0,1968589
2021-06-18 09:58:19,1503.6,1968609
2021-06-18 09:58:20,1503.6,1968939
2021-06-18 09:58:21,1503.5,1969172
2021-06-18 09:58:22,1503.65,1969424
2021-06-18 09:58:24,1504.2,1972989
2021-06-18 09:58:25,1504.2,1974656
2021-06-18 09:58:26,1504.4,1975309
2021-06-18 09:58:27,1504.65,1976780
2021-06-18 09:58:28,1504.35,1978106
2021-06-18 09:58:29,1504.35,1978580
2021-06-18 09:58:30,1504.3,1979661
2021-06-18 09:58:31,1504.05,1981413
2021-06-18 09:58:32,1504.6,1983260
2021-06-18 09:58:33,1504.0,1983356
2021-06-18 09:58:34,1503.9,1983674
2021-06-18 09:58:35,1503.9,1983856
2021-06-18 09:58:36,1504.05,1984620
2021-06-18 09:58:37,1504.5,1984928
2021-06-18 09:58:38,1504.15,1985155
2021-06-18 09:58:39,1504.05,1986201
2021-06-18 09:58:40,1503.95,1986337
2021-06-18 09:58:41,1503.95,1986963
2021-06-18 09:58:42,1504.0,1987120
2021-06-18 09:58:43,1503.8,1987528
2021-06-18 09:58:44,1503.9,1987560
2021-06-18 09:58:45,1503.7,1987756
2021-06-18 09:58:46,1503.7,1987899
2021-06-18 09:58:47,1503.7,1988115
2021-06-18 09:58:48,1503.7,1988332
2021-06-18 09:58:49,1503.7,1988707
2021-06-18 09:58:50,1503.7,1988992
2021-06-18 09:58:51,1503.6,1990922
2021-06-18 09:58:52,1503.65,1992051
2021-06-18 09:58:53,1504.05,1992122
2021-06-18 09:58:54,1503.8,1992287
2021-06-18 09:58:55,1503.8,1992587
2021-06-18 09:58:56,1503.8,1992804
2021-06-18 09:58:57,1503.55,1993920
2021-06-18 09:58:58,1503.6,1994850
2021-06-18 09:58:59,1503.65,1996018
2021-06-18 09:59:00,1503.2,1996456
2021-06-18 09:59:01,1503.4,1996734
2021-06-18 09:59:02,1503.4,1998222
2021-06-18 09:59:05,1503.6,2001383
2021-06-18 09:59:04,1503.6,2000237
2021-06-18 09:59:06,1503.6,2001710
2021-06-18 09:59:07,1503.9,2001818
2021-06-18 09:59:08,1503.7,2001916
2021-06-18 09:59:09,1503.7,2002048
2021-06-18 09:59:10,1503.7,2002185
2021-06-18 09:59:11,1503.7,2002495
2021-06-18 09:59:12,1503.75,2003578
2021-06-18 09:59:14,1503.6,2004324
2021-06-18 09:59:13,1503.75,2003852
2021-06-18 09:59:15,1503.6,2004542
2021-06-18 09:59:16,1503.6,2005199
2021-06-18 09:59:17,1503.5,2006085
2021-06-18 09:59:17,1503.5,2006084
2021-06-18 09:59:18,1503.6,2006420
2021-06-18 09:59:19,1503.55,2006676
2021-06-18 09:59:20,1503.45,2006874
2021-06-18 09:59:21,1503.5,2007167
2021-06-18 09:59:22,1503.35,2007288
2021-06-18 09:59:23,1503.35,2007367
2021-06-18 09:59:24,1503.25,2008050
2021-06-18 09:59:25,1503.25,2009187
2021-06-18 09:59:26,1503.25,2009844
2021-06-18 09:59:27,1503.2,2010562
2021-06-18 09:59:28,1503.2,2010735
2021-06-18 09:59:29,1503.1,2011038
2021-06-18 09:59:30,1503.25,2011165
2021-06-18 09:59:31,1503.25,2011285
2021-06-18 09:59:32,1504.0,2012949
2021-06-18 09:59:33,1503.25,2013872
2021-06-18 09:59:34,1503.25,2014380
2021-06-18 09:59:35,1503.5,2015973
2021-06-18 09:59:36,1503.0,2016647
2021-06-18 09:59:37,1503.2,2016989
2021-06-18 09:59:38,1503.2,2017204
2021-06-18 09:59:39,1503.25,2017311
2021-06-18 09:59:40,1503.25,2017473
2021-06-18 09:59:41,1503.25,2017663
2021-06-18 09:59:42,1503.25,2017744
2021-06-18 09:59:43,1503.2,2017806
2021-06-18 09:59:44,1503.25,2018608
2021-06-18 09:59:45,1503.25,2019005
2021-06-18 09:59:46,1503.2,2019109
2021-06-18 09:59:47,1503.2,2019299
2021-06-18 09:59:48,1503.45,2020337
2021-06-18 09:59:50,1503.35,2020566
2021-06-18 09:59:51,1503.2,2021374
2021-06-18 09:59:52,1503.2,2021952
2021-06-18 09:59:53,1503.2,2022020
2021-06-18 09:59:54,1503.0,2022210
2021-06-18 09:59:55,1503.0,2022494
2021-06-18 09:59:57,1503.0,2022790
2021-06-18 10:00:00,1503.0,2023693
2021-06-18 10:00:01,1503.0,2023759
2021-06-18 10:00:02,1503.0,2027178
2021-06-18 10:00:03,1502.75,2027717
2021-06-18 10:00:04,1502.4,2028419
2021-06-18 10:00:05,1502.4,2029374
2021-06-18 10:00:06,1502.75,2029691
2021-06-18 10:00:07,1503.0,2029785
2021-06-18 10:00:08,1502.9,2030032
2021-06-18 10:00:09,1502.6,2030628
2021-06-18 10:00:10,1502.5,2030826
2021-06-18 10:00:11,1502.5,2031210
2021-06-18 10:00:12,1502.5,2031289
2021-06-18 10:00:13,1502.75,2031444
2021-06-18 10:00:14,1502.75,2031493
2021-06-18 10:00:15,1502.8,2033657
2021-06-18 10:00:16,1502.65,2034911
2021-06-18 10:00:17,1502.65,2035330
2021-06-18 10:00:18,1502.8,2036768
2021-06-18 10:00:19,1502.25,2038785
2021-06-18 10:00:20,1502.0,2038904
2021-06-18 10:00:21,1501.7,2042235
2021-06-18 10:00:22,1501.55,2042347
2021-06-18 10:00:24,1501.5,2043093
2021-06-18 10:00:25,1501.1,2043460
2021-06-18 10:00:26,1501.1,2043580
2021-06-18 10:00:27,1501.2,2043806
2021-06-18 10:00:29,1501.1,2044614
2021-06-18 10:00:30,1501.3,2045011
2021-06-18 10:00:31,1500.85,2054634
2021-06-18 10:00:32,1500.55,2054914
2021-06-18 10:00:33,1500.85,2055946
2021-06-18 10:00:34,1500.55,2056048
2021-06-18 10:00:35,1500.3,2056832
2021-06-18 10:00:36,1501.05,2057267
2021-06-18 10:00:37,1500.45,2057416
2021-06-18 10:00:38,1500.85,2057587
2021-06-18 10:00:39,1500.95,2057741
2021-06-18 10:00:39,1500.55,2057780
2021-06-18 10:00:40,1501.0,2058343
2021-06-18 10:00:41,1500.55,2058945
2021-06-18 10:00:43,1501.0,2059083
2021-06-18 10:00:44,1500.35,2059142
2021-06-18 10:00:45,1500.5,2059257
2021-06-18 10:00:46,1500.9,2059695
2021-06-18 10:00:47,1500.9,2059958
2021-06-18 10:00:48,1500.5,2060198
2021-06-18 10:00:49,1500.1,2061590
2021-06-18 10:00:50,1499.2,2081872
2021-06-18 10:00:51,1500.0,2082719
2021-06-18 10:00:52,1499.95,2083000
2021-06-18 10:00:53,1500.15,2083239
2021-06-18 10:00:54,1499.45,2083556
2021-06-18 10:00:55,1499.9,2083606
2021-06-18 10:00:56,1500.0,2085907
2021-06-18 10:00:57,1500.0,2086354
2021-06-18 10:00:58,1500.0,2087413
2021-06-18 10:00:59,1499.85,2087758
2021-06-18 10:00:59,1500.0,2087872
2021-06-18 10:01:00,1499.8,2088437
2021-06-18 10:01:01,1499.9,2088571
2021-06-18 10:01:03,1499.85,2089071
2021-06-18 10:01:05,1499.8,2089643
2021-06-18 10:01:06,1500.0,2090016
2021-06-18 10:01:06,1499.8,2090072
2021-06-18 10:01:07,1500.0,2090838
2021-06-18 10:01:08,1499.8,2091168
2021-06-18 10:01:09,1499.8,2091206
2021-06-18 10:01:10,1500.0,2091403
2021-06-18 10:01:11,1499.8,2091887
2021-06-18 10:01:13,1500.0,2093338
2021-06-18 10:01:14,1500.0,2093603
2021-06-18 10:01:15,1500.25,2095642
2021-06-18 10:01:16,1500.45,2096143
2021-06-18 10:01:17,1501.0,2098128
2021-06-18 10:01:18,1500.4,2098656
2021-06-18 10:01:19,1500.45,2098931
2021-06-18 10:01:20,1500.55,2099469
2021-06-18 10:01:21,1500.85,2099950
2021-06-18 10:01:22,1500.25,2100263
2021-06-18 10:01:23,1500.25,2100405
2021-06-18 10:01:24,1500.85,2101450
2021-06-18 10:01:25,1500.9,2101628
2021-06-18 10:01:26,1500.9,2102293
2021-06-18 10:01:27,1500.9,2102717
2021-06-18 10:01:28,1500.45,2103278
2021-06-18 10:01:29,1500.8,2103546
2021-06-18 10:01:30,1500.6,2104846
2021-06-18 10:01:31,1500.45,2105794
2021-06-18 10:01:32,1500.1,2106354
2021-06-18 10:01:33,1500.0,2108620
2021-06-18 10:01:34,1500.35,2109790
2021-06-18 10:01:35,1499.9,2109972
2021-06-18 10:01:36,1500.0,2109982
2021-06-18 10:01:37,1500.05,2110034
2021-06-18 10:01:38,1500.05,2110414
2021-06-18 10:01:39,1499.85,2110565
2021-06-18 10:01:40,1500.0,2110664
2021-06-18 10:01:41,1499.8,2111390
2021-06-18 10:01:42,1499.7,2112275
2021-06-18 10:01:43,1499.7,2112473
2021-06-18 10:01:44,1499.8,2113010
2021-06-18 10:01:45,1499.8,2113010
2021-06-18 10:01:46,1500.05,2113692
2021-06-18 10:01:47,1500.55,2115532
2021-06-18 10:01:48,1500.2,2115641
2021-06-18 10:01:49,1500.0,2116201
2021-06-18 10:01:50,1499.8,2117182
2021-06-18 10:01:51,1499.8,2117241
2021-06-18 10:01:52,1499.7,2117641
2021-06-18 10:01:53,1499.5,2118914
2021-06-18 10:01:54,1499.45,2120509
2021-06-18 10:01:55,1499.0,2120907
2021-06-18 10:01:56,1499.0,2121417
2021-06-18 10:01:58,1499.0,2122009
2021-06-18 10:01:57,1499.0,2122009
2021-06-18 10:01:59,1499.2,2122286
2021-06-18 10:02:00,1499.8,2122372
2021-06-18 10:02:01,1499.9,2122739
2021-06-18 10:02:02,1500.0,2122864
2021-06-18 10:02:03,1499.9,2123001
2021-06-18 10:02:04,1500.0,2124573
2021-06-18 10:02:05,1500.0,2124698
2021-06-18 10:02:06,1500.0,2125234
2021-06-18 10:02:07,1500.0,2125448
2021-06-18 10:02:08,1500.0,2126049
2021-06-18 10:02:09,1499.95,2126054
2021-06-18 10:02:10,1499.95,2126146
2021-06-18 10:02:11,1499.95,2126458
2021-06-18 10:02:12,1500.05,2129625
2021-06-18 10:02:13,1500.0,2130874
2021-06-18 10:02:14,1500.0,2132078
2021-06-18 10:02:16,1500.0,2132970
2021-06-18 10:02:17,1500.1,2133235
2021-06-18 10:02:18,1500.2,2133936
2021-06-18 10:02:19,1500.25,2134389
2021-06-18 10:02:20,1499.95,2134856
2021-06-18 10:02:21,1499.3,2136091
2021-06-18 10:02:22,1500.0,2136715
2021-06-18 10:02:23,1500.6,2138330
2021-06-18 10:02:24,1500.5,2138408
2021-06-18 10:02:25,1500.4,2139076
2021-06-18 10:02:26,1500.0,2139846
2021-06-18 10:02:27,1500.4,2140648
2021-06-18 10:02:28,1500.25,2140955
2021-06-18 10:02:29,1500.25,2141326
2021-06-18 10:02:30,1500.15,2141548
2021-06-18 10:02:31,1500.25,2141976
2021-06-18 10:02:32,1500.4,2142597
2021-06-18 10:02:33,1500.15,2143647
2021-06-18 10:02:34,1500.0,2144940
2021-06-18 10:02:35,1500.1,2145350
2021-06-18 10:02:36,1500.1,2145853
2021-06-18 10:02:37,1500.0,2146567
2021-06-18 10:02:38,1500.1,2146902
2021-06-18 10:02:39,1500.05,2147286
2021-06-18 10:02:40,1500.0,2147788
2021-06-18 10:02:41,1500.1,2148292
2021-06-18 10:02:42,1500.05,2149058
2021-06-18 10:02:43,1500.0,2149557
2021-06-18 10:02:44,1500.0,2149995
2021-06-18 10:02:45,1500.35,2150176
2021-06-18 10:02:46,1500.1,2150360
2021-06-18 10:02:47,1500.15,2150612
2021-06-18 10:02:48,1500.05,2150677
2021-06-18 10:02:49,1500.05,2151225
2021-06-18 10:02:51,1500.15,2151841
2021-06-18 10:02:50,1500.15,2151745
2021-06-18 10:02:52,1500.35,2152605
2021-06-18 10:02:53,1500.9,2154183
2021-06-18 10:02:54,1500.25,2154512
2021-06-18 10:02:55,1500.55,2155134
2021-06-18 10:02:56,1500.1,2155930
2021-06-18 10:02:57,1500.15,2157342
2021-06-18 10:02:58,1500.35,2158291
2021-06-18 10:02:59,1500.4,2158928
2021-06-18 10:03:00,1500.9,2159320
2021-06-18 10:03:01,1500.9,2159490
2021-06-18 10:03:03,1501.4,2161106
2021-06-18 10:03:04,1501.4,2161619
2021-06-18 10:03:05,1501.4,2162955
2021-06-18 10:03:06,1501.55,2163782
2021-06-18 10:03:07,1501.55,2164542
2021-06-18 10:03:08,1502.0,2166566
2021-06-18 10:03:09,1502.0,2167875
2021-06-18 10:03:10,1501.95,2168247
2021-06-18 10:03:11,1502.5,2169459
2021-06-18 10:03:12,1502.9,2169665
2021-06-18 10:03:13,1502.2,2169887
2021-06-18 10:03:14,1502.65,2170352
2021-06-18 10:03:15,1502.65,2170479
2021-06-18 10:03:16,1503.0,2171150
2021-06-18 10:03:17,1502.9,2172526
2021-06-18 10:03:18,1502.9,2173013
2021-06-18 10:03:21,1503.6,2173834
2021-06-18 10:03:22,1502.9,2174561
2021-06-18 10:03:23,1503.0,2174634
2021-06-18 10:03:24,1503.0,2175277
2021-06-18 10:03:25,1503.45,2175758
2021-06-18 10:03:26,1503.55,2176117
2021-06-18 10:03:27,1503.55,2176425
2021-06-18 10:03:28,1504.0,2177097
2021-06-18 10:03:29,1503.45,2177100
2021-06-18 10:03:31,1503.3,2178145
2021-06-18 10:03:32,1503.45,2178503
2021-06-18 10:03:33,1503.9,2178810
2021-06-18 10:03:34,1503.35,2179170
2021-06-18 10:03:35,1503.35,2179560
2021-06-18 10:03:36,1503.45,2179610
2021-06-18 10:03:37,1503.45,2179804
2021-06-18 10:03:38,1503.5,2179930
2021-06-18 10:03:39,1503.5,2179978
2021-06-18 10:03:40,1503.45,2181010
2021-06-18 10:03:41,1504.35,2181752
2021-06-18 10:03:43,1504.0,2182177
2021-06-18 10:03:43,1503.7,2182136
2021-06-18 10:03:44,1504.05,2182763
2021-06-18 10:03:45,1503.7,2183303
2021-06-18 10:03:46,1504.45,2184192
2021-06-18 10:03:47,1504.45,2185229
2021-06-18 10:03:48,1504.4,2185335
2021-06-18 10:03:50,1504.4,2185429
2021-06-18 10:03:51,1505.0,2186986
2021-06-18 10:03:52,1504.5,2187855
2021-06-18 10:03:53,1505.0,2188447
2021-06-18 10:03:54,1504.25,2188849
2021-06-18 10:03:55,1504.9,2188984
2021-06-18 10:03:57,1504.3,2189364
2021-06-18 10:03:58,1504.75,2192013
2021-06-18 10:03:59,1504.75,2192471
2021-06-18 10:04:00,1505.45,2195223
2021-06-18 10:04:02,1504.75,2196361
2021-06-18 10:04:02,1504.75,2196045
2021-06-18 10:04:03,1504.75,2197709
2021-06-18 10:04:04,1504.85,2199046
2021-06-18 10:04:05,1505.55,2200395
2021-06-18 10:04:06,1505.45,2201488
2021-06-18 10:04:07,1504.8,2202245
2021-06-18 10:04:08,1504.85,2204268
2021-06-18 10:04:09,1504.9,2207658
2021-06-18 10:04:11,1504.8,2208139
2021-06-18 10:04:11,1504.75,2208219
2021-06-18 10:04:12,1504.8,2209291
2021-06-18 10:04:13,1504.8,2210928
2021-06-18 10:04:14,1504.65,2211232
2021-06-18 10:04:15,1504.6,2211868
2021-06-18 10:04:17,1504.4,2212725
2021-06-18 10:04:18,1504.45,2213747
2021-06-18 10:04:19,1504.45,2214469
2021-06-18 10:04:20,1504.3,2214950
2021-06-18 10:04:21,1505.0,2216709
2021-06-18 10:04:21,1504.3,2217169
2021-06-18 10:04:22,1504.25,2218194
2021-06-18 10:04:23,1504.2,2218786
2021-06-18 10:04:24,1504.15,2219079
2021-06-18 10:04:25,1504.05,2219379
2021-06-18 10:04:28,1504.0,2220773
2021-06-18 10:04:29,1504.7,2221453
2021-06-18 10:04:30,1504.7,2222286
2021-06-18 10:04:31,1504.0,2222572
2021-06-18 10:04:33,1504.0,2222823
2021-06-18 10:04:34,1504.0,2223418
2021-06-18 10:04:35,1504.15,2224152
2021-06-18 10:04:36,1504.0,2224773
2021-06-18 10:04:37,1503.85,2225084
2021-06-18 10:04:38,1503.8,2225674
2021-06-18 10:04:39,1503.8,2225840
2021-06-18 10:04:41,1503.8,2226305
2021-06-18 10:04:41,1503.75,2226121
2021-06-18 10:04:42,1503.8,2226491
2021-06-18 10:04:43,1503.75,2226734
2021-06-18 10:04:44,1503.75,2227138
2021-06-18 10:04:45,1503.75,2227517
2021-06-18 10:04:46,1504.4,2227955
2021-06-18 10:04:47,1503.7,2228160
2021-06-18 10:04:48,1503.7,2228339
2021-06-18 10:04:49,1503.65,2229545
2021-06-18 10:04:50,1504.3,2230948
2021-06-18 10:04:51,1504.3,2230993
2021-06-18 10:04:52,1504.3,2231418
2021-06-18 10:04:53,1503.9,2231991
2021-06-18 10:04:54,1504.05,2232676
2021-06-18 10:04:55,1503.95,2233070
2021-06-18 10:04:57,1503.95,2233424
2021-06-18 10:04:58,1503.95,2233803
2021-06-18 10:04:59,1503.95,2234135
2021-06-18 10:05:00,1504.25,2234600
2021-06-18 10:05:01,1503.95,2235460
2021-06-18 10:05:01,1503.95,2235804
2021-06-18 10:05:03,1504.05,2236394
2021-06-18 10:05:04,1504.0,2236761
2021-06-18 10:05:05,1504.4,2238150
2021-06-18 10:05:07,1504.05,2238553
2021-06-18 10:05:08,1504.4,2239360
2021-06-18 10:05:09,1504.4,2240154
2021-06-18 10:05:09,1504.05,2240392
2021-06-18 10:05:10,1504.8,2240940
2021-06-18 10:05:11,1504.8,2241255
2021-06-18 10:05:12,1504.2,2241658
2021-06-18 10:05:13,1504.2,2242018
2021-06-18 10:05:14,1504.8,2242396
2021-06-18 10:05:15,1504.8,2242883
2021-06-18 10:05:16,1504.15,2243115
2021-06-18 10:05:17,1504.3,2243321
2021-06-18 10:05:18,1504.8,2243590
2021-06-18 10:05:19,1504.8,2243790
2021-06-18 10:05:20,1504.5,2244027
2021-06-18 10:05:21,1504.5,2244263
2021-06-18 10:05:22,1504.55,2244537
2021-06-18 10:05:23,1505.0,2245685
2021-06-18 10:05:24,1504.5,2246346
2021-06-18 10:05:26,1504.5,2247037
2021-06-18 10:05:27,1504.8,2247649
2021-06-18 10:05:28,1505.0,2248945
2021-06-18 10:05:29,1505.0,2249785
2021-06-18 10:05:30,1504.5,2249825
2021-06-18 10:05:31,1504.5,2250147
2021-06-18 10:05:32,1504.5,2250846
2021-06-18 10:05:33,1505.65,2252548
2021-06-18 10:05:34,1505.25,2253883
2021-06-18 10:05:35,1505.65,2254970
2021-06-18 10:05:35,1505.05,2255296
2021-06-18 10:05:36,1505.05,2255800
2021-06-18 10:05:37,1505.1,2256575
2021-06-18 10:05:38,1505.1,2257260
2021-06-18 10:05:39,1505.1,2257753
2021-06-18 10:05:41,1505.0,2259447
2021-06-18 10:05:42,1505.7,2262673
2021-06-18 10:05:42,1505.15,2262707
2021-06-18 10:05:43,1504.95,2262811
2021-06-18 10:05:44,1504.9,2263605
2021-06-18 10:05:45,1504.75,2266117
2021-06-18 10:05:46,1504.95,2268287
2021-06-18 10:05:47,1504.95,2269635
2021-06-18 10:05:48,1504.95,2270390
2021-06-18 10:05:50,1504.95,2271177
2021-06-18 10:05:51,1504.75,2271389
2021-06-18 10:05:52,1504.55,2271942
2021-06-18 10:05:53,1504.25,2275914
2021-06-18 10:05:53,1504.25,2276799
2021-06-18 10:05:54,1504.2,2278059
2021-06-18 10:05:55,1504.7,2281927
