timestamp,ltp,volume
2021-06-18 09:18:39,114.7,537293
2021-06-18 09:18:43,114.75,542124
2021-06-18 09:18:47,114.7,542828
2021-06-18 09:18:59,114.9,552377
2021-06-18 09:19:04,114.85,553501
2021-06-18 09:19:08,114.9,560546
2021-06-18 09:19:12,114.8,563451
2021-06-18 09:19:16,114.75,566131
2021-06-18 09:19:20,114.7,567904
2021-06-18 09:19:24,114.75,568414
2021-06-18 09:19:28,114.75,569746
2021-06-18 09:19:32,114.75,579382
2021-06-18 09:19:36,114.7,579776
2021-06-18 09:19:40,114.7,585011
2021-06-18 09:19:44,114.7,597541
2021-06-18 09:19:48,114.75,598988
2021-06-18 09:19:52,114.7,600487
2021-06-18 09:19:56,114.75,600554
2021-06-18 09:20:00,114.7,602958
2021-06-18 09:20:04,114.6,608952
2021-06-18 09:20:08,114.5,621601
2021-06-18 09:20:12,114.55,622592
2021-06-18 09:20:16,114.5,649350
2021-06-18 09:20:20,114.45,652420
2021-06-18 09:20:24,114.4,654632
2021-06-18 09:20:28,114.45,656413
2021-06-18 09:20:32,114.4,661059
2021-06-18 09:20:35,114.3,662111
2021-06-18 09:20:39,114.3,662972
2021-06-18 09:20:43,114.3,667749
2021-06-18 09:20:47,114.15,687917
2021-06-18 09:20:51,114.1,689821
2021-06-18 09:20:55,114.15,738953
2021-06-18 09:20:59,114.15,740738
2021-06-18 09:21:02,114.2,742338
2021-06-18 09:21:06,114.1,744692
2021-06-18 09:21:10,114.05,749380
2021-06-18 09:21:14,114.0,770736
2021-06-18 09:21:17,114.05,771022
2021-06-18 09:21:21,114.0,771296
2021-06-18 09:21:25,113.95,783830
2021-06-18 09:21:29,113.85,785127
2021-06-18 09:21:33,113.95,788006
2021-06-18 09:21:37,113.9,799371
2021-06-18 09:21:41,113.95,802205
2021-06-18 09:21:44,114.0,820350
2021-06-18 09:21:49,113.95,826253
2021-06-18 09:21:56,113.95,841125
2021-06-18 09:22:00,113.85,846802
2021-06-18 09:22:04,113.95,847602
2021-06-18 09:22:08,113.9,850679
2021-06-18 09:22:12,114.05,864919
2021-06-18 09:22:16,114.15,864925
2021-06-18 09:22:20,114.1,866494
2021-06-18 09:22:24,114.05,868973
2021-06-18 09:22:28,114.0,883303
2021-06-18 09:22:31,114.0,884253
2021-06-18 09:22:35,114.05,888852
2021-06-18 09:22:39,114.0,896706
2021-06-18 09:22:43,113.95,898420
2021-06-18 09:22:47,114.0,905032
2021-06-18 09:22:51,113.95,905837
2021-06-18 09:22:55,113.95,907437
2021-06-18 09:22:59,114.0,907803
2021-06-18 09:23:03,113.95,910960
2021-06-18 09:23:07,113.9,911532
2021-06-18 09:23:11,113.95,912158
2021-06-18 09:23:15,113.85,933478
2021-06-18 09:23:22,113.8,986937
2021-06-18 09:23:26,113.85,989687
2021-06-18 09:23:30,113.95,990559
2021-06-18 09:23:34,113.95,993387
2021-06-18 09:23:37,113.95,993599
2021-06-18 09:23:41,113.9,1000224
2021-06-18 09:23:45,113.9,1002583
2021-06-18 09:23:49,113.95,1002683
2021-06-18 09:23:53,113.95,1002808
2021-06-18 09:23:57,114.0,1005462
2021-06-18 09:24:01,114.0,1011895
2021-06-18 09:24:05,114.05,1012455
2021-06-18 09:24:13,114.1,1019012
2021-06-18 09:24:17,114.25,1064680
2021-06-18 09:24:21,114.2,1065794
2021-06-18 09:24:25,114.25,1065943
2021-06-18 09:24:29,114.25,1066365
2021-06-18 09:24:32,114.25,1067401
2021-06-18 09:24:36,114.2,1069280
2021-06-18 09:24:40,114.2,1069291
2021-06-18 09:24:44,114.25,1071391
2021-06-18 09:24:48,114.2,1071782
2021-06-18 09:24:52,114.25,1073244
2021-06-18 09:24:56,114.25,1073627
2021-06-18 09:25:00,114.1,1099676
2021-06-18 09:25:04,114.15,1104039
2021-06-18 09:25:07,114.15,1104750
2021-06-18 09:25:11,114.15,1104750
2021-06-18 09:25:15,114.25,1108704
2021-06-18 09:25:19,114.25,1108813
2021-06-18 09:25:23,114.3,1125179
2021-06-18 09:25:27,114.25,1126064
2021-06-18 09:25:31,114.25,1130348
2021-06-18 09:25:34,114.2,1132768
2021-06-18 09:25:38,114.25,1136629
2021-06-18 09:25:42,114.15,1136950
2021-06-18 09:25:46,114.1,1144853
2021-06-18 09:25:50,114.0,1156091
2021-06-18 09:25:54,114.0,1156422
2021-06-18 09:25:58,114.05,1158292
2021-06-18 09:26:02,114.05,1158444
2021-06-18 09:26:06,114.1,1158637
2021-06-18 09:26:09,114.1,1163982
2021-06-18 09:26:13,114.05,1171357
2021-06-18 09:26:17,114.1,1172781
2021-06-18 09:26:21,114.05,1172998
2021-06-18 09:26:25,114.0,1173284
2021-06-18 09:26:28,114.05,1186291
2021-06-18 09:26:32,114.0,1198625
2021-06-18 09:26:36,114.05,1208221
2021-06-18 09:26:40,114.1,1210278
2021-06-18 09:26:43,114.15,1218439
2021-06-18 09:26:47,114.15,1224939
2021-06-18 09:26:51,114.3,1233929
2021-06-18 09:26:55,114.35,1234210
2021-06-18 09:26:58,114.15,1238818
2021-06-18 09:27:02,114.25,1267233
2021-06-18 09:27:06,114.3,1275808
2021-06-18 09:27:10,114.3,1276314
2021-06-18 09:27:14,114.25,1277028
2021-06-18 09:27:17,114.25,1278420
2021-06-18 09:27:21,114.15,1283510
2021-06-18 09:27:25,114.15,1285273
2021-06-18 09:27:29,114.15,1285873
2021-06-18 09:27:33,114.1,1287530
2021-06-18 09:27:36,114.05,1288631
2021-06-18 09:27:40,114.15,1296001
2021-06-18 09:27:44,114.15,1297144
2021-06-18 09:27:48,114.15,1298660
2021-06-18 09:27:52,114.15,1300738
2021-06-18 09:27:55,114.15,1301388
2021-06-18 09:27:59,114.15,1301389
2021-06-18 09:28:03,114.1,1301964
2021-06-18 09:28:07,114.1,1306692
2021-06-18 09:28:11,114.1,1307042
2021-06-18 09:28:14,114.1,1309263
2021-06-18 09:28:18,114.1,1309594
2021-06-18 09:28:22,114.1,1312104
2021-06-18 09:28:26,114.15,1313983
2021-06-18 09:28:29,114.1,1313988
2021-06-18 09:28:33,114.15,1313993
2021-06-18 09:28:36,114.1,1320522
2021-06-18 09:28:40,114.1,1320562
2021-06-18 09:28:44,114.1,1320825
2021-06-18 09:28:47,114.05,1325314
2021-06-18 09:28:51,114.1,1329936
2021-06-18 09:28:54,114.1,1330029
2021-06-18 09:28:58,114.0,1330048
2021-06-18 09:29:01,114.0,1330048
2021-06-18 09:29:05,113.9,1366307
2021-06-18 09:29:09,113.85,1367379
2021-06-18 09:29:13,113.9,1368671
2021-06-18 09:29:16,113.85,1374921
2021-06-18 09:29:20,113.85,1375276
2021-06-18 09:29:23,113.8,1376478
2021-06-18 09:29:27,113.85,1377920
2021-06-18 09:29:30,113.9,1378500
2021-06-18 09:29:34,113.85,1380653
2021-06-18 09:29:38,113.9,1380854
2021-06-18 09:29:41,113.9,1384833
2021-06-18 09:29:45,113.9,1385853
2021-06-18 09:29:49,113.95,1389108
2021-06-18 09:29:52,113.9,1389318
2021-06-18 09:29:56,113.9,1389318
2021-06-18 09:30:00,113.9,1405124
2021-06-18 09:30:03,113.9,1406850
2021-06-18 09:30:07,113.85,1407319
2021-06-18 09:30:11,113.9,1410019
2021-06-18 09:30:15,113.9,1410161
2021-06-18 09:30:18,113.9,1411523
2021-06-18 09:30:22,113.9,1412673
2021-06-18 09:30:26,113.9,1412880
2021-06-18 09:30:30,113.8,1440379
2021-06-18 09:30:33,113.75,1445666
2021-06-18 09:30:37,113.8,1465452
2021-06-18 09:30:41,113.75,1469583
2021-06-18 09:30:44,113.75,1470083
2021-06-18 09:30:48,113.75,1471033
2021-06-18 09:30:52,113.8,1478507
2021-06-18 09:30:55,113.8,1479985
2021-06-18 09:30:59,113.75,1482135
2021-06-18 09:31:02,113.8,1482203
2021-06-18 09:31:06,113.75,1488712
2021-06-18 09:31:09,113.8,1493023
2021-06-18 09:31:13,113.8,1493228
2021-06-18 09:31:16,113.75,1496214
2021-06-18 09:31:19,113.8,1515337
2021-06-18 09:31:23,113.9,1515787
2021-06-18 09:31:27,113.9,1516575
2021-06-18 09:31:31,113.95,1517597
2021-06-18 09:31:35,114.0,1517647
2021-06-18 09:31:42,113.95,1541049
2021-06-18 09:31:46,113.9,1541523
2021-06-18 09:31:49,113.95,1543849
2021-06-18 09:31:53,113.9,1551101
2021-06-18 09:31:56,113.9,1571108
2021-06-18 09:32:00,113.9,1571294
2021-06-18 09:32:03,113.85,1571698
2021-06-18 09:32:10,113.95,1573550
2021-06-18 09:32:14,114.0,1573552
2021-06-18 09:32:17,113.9,1575164
2021-06-18 09:32:21,113.95,1580276
2021-06-18 09:32:24,113.95,1581567
2021-06-18 09:32:27,113.95,1581880
2021-06-18 09:32:31,113.95,1593076
2021-06-18 09:32:34,113.95,1595368
2021-06-18 09:32:38,113.9,1595674
2021-06-18 09:32:41,113.9,1596270
2021-06-18 09:32:44,113.95,1596815
2021-06-18 09:32:48,113.95,1598346
2021-06-18 09:32:51,113.85,1615132
2021-06-18 09:32:55,113.95,1615239
2021-06-18 09:32:58,113.9,1617684
2021-06-18 09:33:02,113.9,1618734
2021-06-18 09:33:05,113.85,1621051
2021-06-18 09:33:09,113.9,1621391
2021-06-18 09:33:12,113.85,1621469
2021-06-18 09:33:15,113.85,1621469
2021-06-18 09:33:19,113.9,1621496
2021-06-18 09:33:22,113.8,1627646
2021-06-18 09:33:25,113.9,1627672
2021-06-18 09:33:28,113.9,1628101
2021-06-18 09:33:32,113.9,1630709
2021-06-18 09:33:35,113.9,1630780
2021-06-18 09:33:39,113.9,1631180
2021-06-18 09:33:42,113.85,1631380
2021-06-18 09:33:45,113.85,1631466
2021-06-18 09:33:49,113.9,1631516
2021-06-18 09:33:52,113.9,1632031
2021-06-18 09:33:56,113.9,1633234
2021-06-18 09:33:59,113.75,1659244
2021-06-18 09:34:03,113.85,1664415
2021-06-18 09:34:06,113.85,1664472
2021-06-18 09:34:10,113.8,1670935
2021-06-18 09:34:13,113.8,1672223
2021-06-18 09:34:16,113.8,1673623
2021-06-18 09:34:20,113.8,1679007
2021-06-18 09:34:23,113.85,1680234
2021-06-18 09:34:26,113.9,1687600
2021-06-18 09:34:30,113.95,1688437
2021-06-18 09:34:33,113.9,1688473
2021-06-18 09:34:37,113.9,1688473
2021-06-18 09:34:40,113.9,1689803
2021-06-18 09:34:44,113.85,1690016
2021-06-18 09:34:48,113.9,1690070
2021-06-18 09:34:51,113.9,1690245
2021-06-18 09:34:54,113.85,1690401
2021-06-18 09:34:57,113.9,1690601
2021-06-18 09:35:00,113.9,1693544
2021-06-18 09:35:04,113.9,1693669
2021-06-18 09:35:07,113.85,1694811
2021-06-18 09:35:11,113.8,1695159
2021-06-18 09:35:14,113.85,1701760
2021-06-18 09:35:18,113.7,1730334
2021-06-18 09:35:21,113.7,1798530
2021-06-18 09:35:25,113.7,1798884
2021-06-18 09:35:28,113.7,1799046
2021-06-18 09:35:31,113.8,1799235
2021-06-18 09:35:34,113.75,1799961
2021-06-18 09:35:41,113.75,1800650
2021-06-18 09:35:45,113.75,1803857
2021-06-18 09:35:48,113.75,1804990
2021-06-18 09:35:52,113.75,1807169
2021-06-18 09:35:55,113.7,1807231
2021-06-18 09:35:58,113.7,1807321
2021-06-18 09:36:01,113.7,1810394
2021-06-18 09:36:04,113.7,1810465
2021-06-18 09:36:07,113.7,1810495
2021-06-18 09:36:10,113.75,1810697
2021-06-18 09:36:14,113.7,1814296
2021-06-18 09:36:17,113.6,1826043
2021-06-18 09:36:20,113.65,1828228
2021-06-18 09:36:23,113.7,1834518
2021-06-18 09:36:26,113.6,1834821
2021-06-18 09:36:29,113.6,1835143
2021-06-18 09:36:33,113.65,1835526
2021-06-18 09:36:36,113.6,1839801
2021-06-18 09:36:39,113.6,1841901
2021-06-18 09:36:42,113.65,1842104
2021-06-18 09:36:45,113.7,1842239
2021-06-18 09:36:49,113.65,1849424
2021-06-18 09:36:52,113.7,1850046
2021-06-18 09:36:55,113.7,1850688
2021-06-18 09:36:59,113.7,1851300
2021-06-18 09:37:03,113.7,1851425
2021-06-18 09:37:06,113.7,1852627
2021-06-18 09:37:09,113.65,1854882
2021-06-18 09:37:13,113.65,1858800
2021-06-18 09:37:16,113.65,1858886
2021-06-18 09:37:20,113.6,1872716
2021-06-18 09:37:23,113.6,1872953
2021-06-18 09:37:26,113.6,1873131
2021-06-18 09:37:30,113.65,1873765
2021-06-18 09:37:33,113.65,1874292
2021-06-18 09:37:37,113.65,1875293
2021-06-18 09:37:40,113.7,1875829
2021-06-18 09:37:43,113.6,1885535
2021-06-18 09:37:46,113.7,1886660
2021-06-18 09:37:49,113.7,1886662
2021-06-18 09:37:52,113.65,1886697
2021-06-18 09:37:55,113.6,1886714
2021-06-18 09:37:59,113.65,1887345
2021-06-18 09:38:02,113.65,1887485
2021-06-18 09:38:06,113.65,1888837
2021-06-18 09:38:09,113.65,1890563
2021-06-18 09:38:12,113.65,1890652
2021-06-18 09:38:16,113.6,1891655
2021-06-18 09:38:19,113.65,1903744
2021-06-18 09:38:22,113.7,1916058
2021-06-18 09:38:25,113.7,1916641
2021-06-18 09:38:29,113.8,1916888
2021-06-18 09:38:32,113.8,1917338
2021-06-18 09:38:36,113.75,1917848
2021-06-18 09:38:39,113.75,1918316
2021-06-18 09:38:43,113.75,1918703
2021-06-18 09:38:46,113.75,1919903
2021-06-18 09:38:49,113.7,1922969
2021-06-18 09:38:52,113.75,1923071
2021-06-18 09:38:55,113.75,1923106
2021-06-18 09:38:58,113.75,1923232
2021-06-18 09:39:02,113.7,1931344
2021-06-18 09:39:05,113.75,1932003
2021-06-18 09:39:08,113.75,1932254
2021-06-18 09:39:12,113.75,1932579
2021-06-18 09:39:15,113.75,1932660
2021-06-18 09:39:19,113.7,1932960
2021-06-18 09:39:22,113.8,1938395
2021-06-18 09:39:26,113.75,1939096
2021-06-18 09:39:29,113.8,1943642
2021-06-18 09:39:32,113.8,1943947
2021-06-18 09:39:35,113.85,1944207
2021-06-18 09:39:38,113.8,1944259
2021-06-18 09:39:41,113.85,1944279
2021-06-18 09:39:44,113.85,1955753
2021-06-18 09:39:47,113.8,1956998
2021-06-18 09:39:51,113.85,1958899
2021-06-18 09:39:54,113.8,1959957
2021-06-18 09:39:57,113.8,1961077
2021-06-18 09:40:01,113.8,1961655
2021-06-18 09:40:04,113.75,1962236
2021-06-18 09:40:07,113.8,1962321
2021-06-18 09:40:10,113.75,1962331
2021-06-18 09:40:13,113.8,1966290
2021-06-18 09:40:16,113.8,1967390
2021-06-18 09:40:20,113.8,1971159
2021-06-18 09:40:23,113.8,1971161
2021-06-18 09:40:27,113.8,1971311
2021-06-18 09:40:30,113.85,1972411
2021-06-18 09:40:33,113.85,1973826
2021-06-18 09:40:36,113.85,1974238
2021-06-18 09:40:40,113.85,1974425
2021-06-18 09:40:43,113.85,1976590
2021-06-18 09:40:46,113.9,1977211
2021-06-18 09:40:50,113.85,1977439
2021-06-18 09:40:53,113.85,1980865
2021-06-18 09:40:56,113.85,1981407
2021-06-18 09:40:59,113.8,1981919
2021-06-18 09:41:02,113.85,1984887
2021-06-18 09:41:06,113.85,1984953
2021-06-18 09:41:09,113.8,1985053
2021-06-18 09:41:12,113.85,1985065
2021-06-18 09:41:15,113.8,1985175
2021-06-18 09:41:18,113.85,1985276
2021-06-18 09:41:22,113.85,1985328
2021-06-18 09:41:25,113.8,1992177
2021-06-18 09:41:28,113.75,1992798
2021-06-18 09:41:31,113.8,1993895
2021-06-18 09:41:34,113.8,1994060
2021-06-18 09:41:37,113.75,1994333
2021-06-18 09:41:40,113.8,1994336
2021-06-18 09:41:43,113.85,1994397
2021-06-18 09:41:46,113.8,1994405
2021-06-18 09:41:49,113.8,1995670
2021-06-18 09:41:51,113.85,1995700
2021-06-18 09:41:55,113.85,1995742
2021-06-18 09:41:58,113.85,1998245
2021-06-18 09:42:01,113.85,1999369
2021-06-18 09:42:05,113.85,1999482
2021-06-18 09:42:08,113.8,2000394
2021-06-18 09:42:11,113.8,2003501
2021-06-18 09:42:14,113.85,2003506
2021-06-18 09:42:17,113.8,2003674
2021-06-18 09:42:21,113.85,2004033
2021-06-18 09:42:24,113.8,2004049
2021-06-18 09:42:27,113.85,2006515
2021-06-18 09:42:30,113.8,2010708
2021-06-18 09:42:33,113.75,2011074
2021-06-18 09:42:36,113.75,2017910
2021-06-18 09:42:39,113.7,2026071
2021-06-18 09:42:43,113.65,2026178
2021-06-18 09:42:46,113.7,2027304
2021-06-18 09:42:50,113.65,2027682
2021-06-18 09:42:53,113.75,2027782
2021-06-18 09:42:56,113.8,2027784
2021-06-18 09:43:00,113.7,2028305
2021-06-18 09:43:04,113.65,2041391
2021-06-18 09:43:07,113.75,2048114
2021-06-18 09:43:11,113.75,2048196
2021-06-18 09:43:14,113.7,2048780
2021-06-18 09:43:18,113.7,2048803
2021-06-18 09:43:21,113.75,2050470
2021-06-18 09:43:25,113.75,2051075
2021-06-18 09:43:28,113.75,2051109
2021-06-18 09:43:31,113.7,2051437
2021-06-18 09:43:34,113.75,2051505
2021-06-18 09:43:38,113.7,2051671
2021-06-18 09:43:41,113.7,2052696
2021-06-18 09:43:44,113.7,2052905
2021-06-18 09:43:48,113.7,2053043
2021-06-18 09:43:51,113.65,2053049
2021-06-18 09:43:54,113.65,2102426
2021-06-18 09:43:57,113.65,2102479
2021-06-18 09:44:01,113.65,2105527
2021-06-18 09:44:04,113.6,2105634
2021-06-18 09:44:08,113.65,2106522
2021-06-18 09:44:11,113.65,2106524
2021-06-18 09:44:15,113.7,2108206
2021-06-18 09:44:19,113.65,2108307
2021-06-18 09:44:22,113.65,2108407
2021-06-18 09:44:26,113.65,2108522
2021-06-18 09:44:30,113.7,2115025
2021-06-18 09:44:33,113.65,2115067
2021-06-18 09:44:37,113.65,2115774
2021-06-18 09:44:40,113.6,2119058
2021-06-18 09:44:43,113.65,2119110
2021-06-18 09:44:47,113.65,2120079
2021-06-18 09:44:50,113.65,2120183
2021-06-18 09:44:54,113.6,2124372
2021-06-18 09:44:57,113.75,2126609
2021-06-18 09:45:01,113.7,2127475
2021-06-18 09:45:04,113.6,2129596
2021-06-18 09:45:08,113.6,2129931
2021-06-18 09:45:14,113.6,2133484
2021-06-18 09:45:21,113.65,2134729
2021-06-18 09:45:25,113.6,2135809
2021-06-18 09:45:28,113.6,2136177
2021-06-18 09:45:31,113.6,2136782
2021-06-18 09:45:35,113.55,2137918
2021-06-18 09:45:38,113.6,2138212
2021-06-18 09:45:42,113.65,2138284
2021-06-18 09:45:45,113.65,2138868
2021-06-18 09:45:48,113.6,2139191
2021-06-18 09:45:52,113.65,2139583
2021-06-18 09:45:55,113.65,2139839
2021-06-18 09:45:58,113.6,2139844
2021-06-18 09:46:02,113.65,2170619
2021-06-18 09:46:05,113.6,2172127
2021-06-18 09:46:08,113.65,2181564
2021-06-18 09:46:12,113.55,2204228
2021-06-18 09:46:15,113.5,2207166
2021-06-18 09:46:18,113.55,2207284
2021-06-18 09:46:21,113.55,2207785
2021-06-18 09:46:24,113.55,2207785
2021-06-18 09:46:28,113.6,2207885
2021-06-18 09:46:31,113.55,2208522
2021-06-18 09:46:35,113.55,2208643
2021-06-18 09:46:38,113.6,2208654
2021-06-18 09:46:41,113.55,2208858
2021-06-18 09:46:44,113.6,2210358
2021-06-18 09:46:47,113.55,2211458
2021-06-18 09:46:50,113.55,2211579
2021-06-18 09:46:53,113.55,2212119
2021-06-18 09:46:57,113.5,2216249
2021-06-18 09:47:00,113.5,2216269
2021-06-18 09:47:03,113.55,2216770
2021-06-18 09:47:06,113.5,2247282
2021-06-18 09:47:09,113.55,2247284
2021-06-18 09:47:12,113.5,2247816
2021-06-18 09:47:15,113.5,2247886
2021-06-18 09:47:19,113.5,2250048
2021-06-18 09:47:22,113.5,2251743
2021-06-18 09:47:25,113.5,2266264
2021-06-18 09:47:29,113.45,2267340
2021-06-18 09:47:32,113.45,2267980
2021-06-18 09:47:35,113.45,2268114
2021-06-18 09:47:38,113.45,2268116
2021-06-18 09:47:42,113.45,2270978
2021-06-18 09:47:45,113.5,2275299
2021-06-18 09:47:49,113.5,2284692
2021-06-18 09:47:52,113.45,2285241
2021-06-18 09:47:55,113.5,2285896
2021-06-18 09:47:59,113.45,2285914
2021-06-18 09:48:02,113.45,2286174
2021-06-18 09:48:06,113.45,2286548
2021-06-18 09:48:09,113.45,2286806
2021-06-18 09:48:12,113.45,2287583
2021-06-18 09:48:16,113.45,2292697
2021-06-18 09:48:19,113.45,2295135
2021-06-18 09:48:22,113.45,2295209
2021-06-18 09:48:26,113.4,2296210
2021-06-18 09:48:29,113.45,2296442
2021-06-18 09:48:32,113.4,2312774
2021-06-18 09:48:35,113.4,2313057
2021-06-18 09:48:39,113.4,2313197
2021-06-18 09:48:42,113.35,2317776
2021-06-18 09:48:46,113.4,2317859
2021-06-18 09:48:49,113.35,2351275
2021-06-18 09:48:53,113.35,2352858
2021-06-18 09:48:56,113.35,2354259
2021-06-18 09:48:59,113.4,2354795
2021-06-18 09:49:02,113.4,2355367
2021-06-18 09:49:05,113.35,2355580
2021-06-18 09:49:09,113.4,2358037
2021-06-18 09:49:12,113.4,2364134
2021-06-18 09:49:15,113.4,2364466
2021-06-18 09:49:19,113.4,2406241
2021-06-18 09:49:22,113.4,2406244
2021-06-18 09:49:25,113.45,2412396
2021-06-18 09:49:29,113.45,2415377
2021-06-18 09:49:32,113.45,2415378
2021-06-18 09:49:35,113.5,2418240
2021-06-18 09:49:39,113.5,2418488
2021-06-18 09:49:43,113.6,2421862
2021-06-18 09:49:49,113.6,2422223
2021-06-18 09:49:53,113.65,2425079
2021-06-18 09:49:56,113.6,2425105
2021-06-18 09:50:00,113.65,2426073
2021-06-18 09:50:04,113.6,2429051
2021-06-18 09:50:07,113.65,2430181
2021-06-18 09:50:11,113.65,2430641
2021-06-18 09:50:14,113.6,2431243
2021-06-18 09:50:17,113.65,2431766
2021-06-18 09:50:21,113.65,2433347
2021-06-18 09:50:24,113.5,2441612
2021-06-18 09:50:28,113.5,2442833
2021-06-18 09:50:32,113.5,2448130
2021-06-18 09:50:35,113.6,2448249
2021-06-18 09:50:39,113.6,2448491
2021-06-18 09:50:42,113.6,2448864
2021-06-18 09:50:45,113.55,2449651
2021-06-18 09:50:52,113.55,2450198
2021-06-18 09:50:55,113.6,2450338
2021-06-18 09:50:58,113.6,2450449
2021-06-18 09:51:01,113.6,2452618
2021-06-18 09:51:05,113.6,2452739
2021-06-18 09:51:08,113.6,2454496
2021-06-18 09:51:11,113.6,2457245
2021-06-18 09:51:15,113.65,2457335
2021-06-18 09:51:18,113.4,2506358
2021-06-18 09:51:22,113.4,2512511
2021-06-18 09:51:25,113.4,2517086
2021-06-18 09:51:29,113.3,2523194
2021-06-18 09:51:32,113.35,2523840
2021-06-18 09:51:35,113.35,2536848
2021-06-18 09:51:39,113.25,2537418
2021-06-18 09:51:42,113.35,2537471
2021-06-18 09:51:46,113.35,2537483
2021-06-18 09:51:52,113.35,2543142
2021-06-18 09:51:55,113.35,2543532
2021-06-18 09:51:59,113.35,2543551
2021-06-18 09:52:02,113.35,2543557
2021-06-18 09:52:05,113.35,2543809
2021-06-18 09:52:09,113.3,2545882
2021-06-18 09:52:12,113.3,2546732
2021-06-18 09:52:15,113.35,2546753
2021-06-18 09:52:18,113.3,2549737
2021-06-18 09:52:22,113.25,2560385
2021-06-18 09:52:25,113.3,2560898
2021-06-18 09:52:28,113.3,2564052
2021-06-18 09:52:32,113.25,2564565
2021-06-18 09:52:35,113.2,2565070
2021-06-18 09:52:38,113.2,2565831
2021-06-18 09:52:44,113.2,2570997
2021-06-18 09:52:48,113.2,2573629
2021-06-18 09:52:51,113.15,2574754
2021-06-18 09:52:54,113.15,2575284
2021-06-18 09:52:57,113.15,2582940
2021-06-18 09:53:04,113.1,2595133
2021-06-18 09:53:08,113.15,2600394
2021-06-18 09:53:11,113.15,2607887
2021-06-18 09:53:15,113.15,2608328
2021-06-18 09:53:18,113.1,2608612
2021-06-18 09:53:22,113.1,2608956
2021-06-18 09:53:25,113.1,2611918
2021-06-18 09:53:28,113.15,2614124
2021-06-18 09:53:32,113.15,2614889
2021-06-18 09:53:41,113.1,2626749
2021-06-18 09:53:44,113.15,2626771
2021-06-18 09:53:48,113.1,2627972
2021-06-18 09:53:51,113.15,2629283
2021-06-18 09:53:54,113.1,2629520
2021-06-18 09:53:58,113.1,2629572
2021-06-18 09:54:02,113.1,2635293
2021-06-18 09:54:05,113.05,2636840
2021-06-18 09:54:08,113.15,2640426
2021-06-18 09:54:11,113.1,2640625
2021-06-18 09:54:14,113.1,2641626
2021-06-18 09:54:17,113.05,2642663
2021-06-18 09:54:21,113.05,2644036
2021-06-18 09:54:24,113.1,2644094
2021-06-18 09:54:27,113.1,2644947
2021-06-18 09:54:31,113.1,2645216
2021-06-18 09:54:34,113.05,2646769
2021-06-18 09:54:37,113.1,2649076
2021-06-18 09:54:40,113.05,2650086
2021-06-18 09:54:44,113.1,2656589
2021-06-18 09:54:47,113.1,2656589
2021-06-18 09:54:50,113.05,2656746
2021-06-18 09:54:53,113.05,2658269
2021-06-18 09:54:56,113.1,2680131
2021-06-18 09:54:59,112.95,2741847
2021-06-18 09:55:03,112.9,2767549
2021-06-18 09:55:10,112.8,2787625
2021-06-18 09:55:13,112.85,2794765
2021-06-18 09:55:17,112.9,2796295
2021-06-18 09:55:20,112.9,2799594
2021-06-18 09:55:23,112.85,2799701
2021-06-18 09:55:27,112.85,2802044
2021-06-18 09:55:30,112.85,2805708
2021-06-18 09:55:34,112.85,2808293
2021-06-18 09:55:37,112.9,2808794
2021-06-18 09:55:40,112.9,2820568
2021-06-18 09:55:44,112.85,2820919
2021-06-18 09:55:48,112.85,2822361
2021-06-18 09:55:51,112.8,2822626
2021-06-18 09:55:54,112.85,2824033
2021-06-18 09:55:58,112.85,2824144
2021-06-18 09:56:01,112.85,2825541
2021-06-18 09:56:04,112.85,2829433
2021-06-18 09:56:07,112.85,2839795
2021-06-18 09:56:11,112.85,2840512
2021-06-18 09:56:14,112.85,2840876
2021-06-18 09:56:17,112.9,2844477
2021-06-18 09:56:20,112.9,2844612
2021-06-18 09:56:24,112.9,2846112
2021-06-18 09:56:27,112.9,2846771
2021-06-18 09:56:30,112.85,2847728
2021-06-18 09:56:34,112.85,2848039
2021-06-18 09:56:38,112.9,2851779
2021-06-18 09:56:41,112.9,2853387
2021-06-18 09:56:45,113.0,2855942
2021-06-18 09:56:48,113.0,2856747
2021-06-18 09:56:51,113.0,2859685
2021-06-18 09:56:55,113.0,2860762
2021-06-18 09:56:58,112.95,2861406
2021-06-18 09:57:01,112.9,2861552
2021-06-18 09:57:05,112.9,2865302
2021-06-18 09:57:08,112.85,2865700
2021-06-18 09:57:12,112.85,2874967
2021-06-18 09:57:15,112.7,2877408
2021-06-18 09:57:18,112.7,2878411
2021-06-18 09:57:22,112.8,2882679
2021-06-18 09:57:26,112.7,2886248
2021-06-18 09:57:29,112.7,2888448
2021-06-18 09:57:33,112.8,2901102
2021-06-18 09:57:36,112.75,2903507
2021-06-18 09:57:40,112.8,2904291
2021-06-18 09:57:44,112.8,2907746
2021-06-18 09:57:47,112.75,2907905
2021-06-18 09:57:51,112.75,2908391
2021-06-18 09:57:54,112.8,2913058
2021-06-18 09:57:58,112.8,2913648
2021-06-18 09:58:01,112.85,2914293
2021-06-18 09:58:05,112.85,2915443
2021-06-18 09:58:09,112.9,2916207
2021-06-18 09:58:13,112.95,2923198
2021-06-18 09:58:16,112.95,2924460
2021-06-18 09:58:20,113.0,2939315
2021-06-18 09:58:23,113.0,2939465
2021-06-18 09:58:31,112.9,2948072
2021-06-18 09:58:34,112.95,2948427
2021-06-18 09:58:38,112.9,2948464
2021-06-18 09:58:41,112.9,2954337
2021-06-18 09:58:45,112.8,2959019
2021-06-18 09:58:48,112.85,2967643
2021-06-18 09:58:52,112.95,2969011
2021-06-18 09:58:55,112.9,2974940
2021-06-18 09:58:59,112.85,2974941
2021-06-18 09:59:02,112.9,2979989
2021-06-18 09:59:06,112.8,2993962
2021-06-18 09:59:10,112.85,2994312
2021-06-18 09:59:14,112.95,2997465
2021-06-18 09:59:17,112.85,2998831
2021-06-18 09:59:20,112.9,2999441
2021-06-18 09:59:24,112.9,3000012
2021-06-18 09:59:31,112.85,3000436
2021-06-18 09:59:35,112.85,3002442
2021-06-18 09:59:42,112.9,3003274
2021-06-18 09:59:45,112.9,3004775
2021-06-18 09:59:49,112.9,3004811
2021-06-18 09:59:52,112.9,3015410
2021-06-18 09:59:56,112.9,3016899
2021-06-18 10:00:03,112.95,3021112
2021-06-18 10:00:07,112.9,3021135
2021-06-18 10:00:10,112.9,3021140
2021-06-18 10:00:13,112.85,3026271
2021-06-18 10:00:17,112.85,3027831
2021-06-18 10:00:20,112.85,3029510
2021-06-18 10:00:24,112.85,3030144
2021-06-18 10:00:28,112.8,3031198
2021-06-18 10:00:31,112.8,3031206
2021-06-18 10:00:35,112.8,3035059
2021-06-18 10:00:38,112.8,3039826
2021-06-18 10:00:42,112.8,3041827
2021-06-18 10:00:46,112.8,3043683
2021-06-18 10:00:49,112.8,3044960
2021-06-18 10:00:53,112.8,3045784
2021-06-18 10:00:57,112.8,3046374
2021-06-18 10:01:04,112.8,3054547
2021-06-18 10:01:07,112.7,3054867
2021-06-18 10:01:11,112.8,3054901
2021-06-18 10:01:14,112.75,3055368
2021-06-18 10:01:18,112.8,3056235
2021-06-18 10:01:21,112.75,3057785
2021-06-18 10:01:25,112.95,3077872
2021-06-18 10:01:28,112.9,3078182
2021-06-18 10:01:32,112.85,3078701
2021-06-18 10:01:36,112.85,3081028
2021-06-18 10:01:40,112.85,3083058
2021-06-18 10:01:43,112.85,3083189
2021-06-18 10:01:47,113.0,3085111
2021-06-18 10:01:50,112.95,3085187
2021-06-18 10:01:53,112.95,3085622
2021-06-18 10:01:57,112.95,3086522
2021-06-18 10:02:00,112.95,3091234
2021-06-18 10:02:04,112.9,3091686
2021-06-18 10:02:07,112.9,3095162
2021-06-18 10:02:11,112.9,3098092
2021-06-18 10:02:14,113.05,3133556
2021-06-18 10:02:17,113.05,3135271
2021-06-18 10:02:21,113.1,3135333
2021-06-18 10:02:25,113.1,3140369
2021-06-18 10:02:28,113.05,3140579
2021-06-18 10:02:32,113.25,3160564
2021-06-18 10:02:35,113.15,3165822
2021-06-18 10:02:39,113.25,3167129
2021-06-18 10:02:42,113.35,3173553
2021-06-18 10:02:46,113.3,3175258
2021-06-18 10:02:49,113.45,3184189
2021-06-18 10:02:52,113.35,3184222
2021-06-18 10:02:56,113.35,3187271
2021-06-18 10:02:59,113.45,3189751
2021-06-18 10:03:03,113.3,3195137
2021-06-18 10:03:07,113.2,3195578
2021-06-18 10:03:10,113.25,3197399
2021-06-18 10:03:13,113.25,3197449
2021-06-18 10:03:17,113.25,3200494
2021-06-18 10:03:20,113.25,3200786
2021-06-18 10:03:24,113.3,3204460
2021-06-18 10:03:27,113.3,3205773
2021-06-18 10:03:31,113.3,3206768
2021-06-18 10:03:34,113.3,3206999
2021-06-18 10:03:38,113.3,3208078
2021-06-18 10:03:41,113.3,3208156
2021-06-18 10:03:44,113.25,3208157
2021-06-18 10:03:51,113.25,3209909
2021-06-18 10:03:54,113.25,3209911
2021-06-18 10:03:58,113.2,3211959
2021-06-18 10:04:05,113.25,3212404
2021-06-18 10:04:08,113.3,3212695
2021-06-18 10:04:11,113.3,3212843
2021-06-18 10:04:15,113.3,3212850
2021-06-18 10:04:18,113.3,3214291
2021-06-18 10:04:22,113.3,3214394
2021-06-18 10:04:25,113.3,3227009
2021-06-18 10:04:29,113.4,3228035
2021-06-18 10:04:32,113.3,3229763
2021-06-18 10:04:36,113.3,3240324
2021-06-18 10:04:39,113.35,3248296
2021-06-18 10:04:43,113.35,3249363
2021-06-18 10:04:46,113.2,3295098
2021-06-18 10:04:50,113.3,3295469
2021-06-18 10:04:53,113.3,3296290
2021-06-18 10:04:57,113.3,3299160
2021-06-18 10:05:00,113.25,3301165
2021-06-18 10:05:04,113.3,3302666
2021-06-18 10:05:08,113.35,3302773
2021-06-18 10:05:11,113.4,3309520
2021-06-18 10:05:15,113.5,3313175
2021-06-18 10:05:18,113.45,3314200
2021-06-18 10:05:22,113.35,3314525
2021-06-18 10:05:26,113.4,3314581
2021-06-18 10:05:29,113.4,3315290
2021-06-18 10:05:33,113.3,3319732
2021-06-18 10:05:36,113.4,3326616
2021-06-18 10:05:40,113.4,3326618
2021-06-18 10:05:43,113.4,3327768
2021-06-18 10:05:46,113.4,3328787
2021-06-18 10:05:50,113.4,3328892
2021-06-18 10:05:53,113.35,3334835
2021-06-18 10:05:57,113.4,3335518
2021-06-18 10:06:01,113.3,3336518
2021-06-18 10:06:04,113.3,3336618
2021-06-18 10:06:07,113.4,3337913
2021-06-18 10:06:10,113.35,3337959
2021-06-18 10:06:14,113.35,3338083
2021-06-18 10:06:20,113.35,3338355
2021-06-18 10:06:23,113.4,3339208
2021-06-18 10:06:27,113.4,3340909
2021-06-18 10:06:30,113.4,3350079
2021-06-18 10:06:33,113.4,3351208
2021-06-18 10:06:36,113.35,3351832
2021-06-18 10:06:39,113.45,3352784
2021-06-18 10:06:42,113.45,3353984
2021-06-18 10:06:46,113.45,3354330
2021-06-18 10:06:49,113.45,3354923
2021-06-18 10:06:52,113.45,3370311
2021-06-18 10:06:56,113.45,3376941
2021-06-18 10:06:58,113.5,3377762
2021-06-18 10:07:02,113.45,3377767
2021-06-18 10:07:05,113.4,3377914
2021-06-18 10:07:09,113.4,3381448
2021-06-18 10:07:12,113.4,3386981
2021-06-18 10:07:16,113.35,3390334
2021-06-18 10:07:19,113.35,3392261
2021-06-18 10:07:23,113.3,3408188
2021-06-18 10:07:26,113.35,3408254
2021-06-18 10:07:30,113.35,3410489
2021-06-18 10:07:33,113.35,3410662
2021-06-18 10:07:37,113.35,3411119
2021-06-18 10:07:40,113.2,3418027
2021-06-18 10:07:43,113.2,3418078
2021-06-18 10:07:47,113.15,3420646
2021-06-18 10:07:50,113.25,3421296
2021-06-18 10:07:54,113.2,3421387
2021-06-18 10:07:57,113.3,3429025
2021-06-18 10:08:01,113.3,3430049
2021-06-18 10:08:04,113.25,3431633
2021-06-18 10:08:08,113.15,3433344
2021-06-18 10:08:11,113.25,3433404
2021-06-18 10:08:14,113.3,3433534
2021-06-18 10:08:21,113.3,3434252
2021-06-18 10:08:28,113.2,3435024
2021-06-18 10:08:31,113.3,3435578
2021-06-18 10:08:35,113.25,3435730
2021-06-18 10:08:38,113.25,3435740
2021-06-18 10:08:41,113.3,3436364
2021-06-18 10:08:44,113.3,3436950
2021-06-18 10:08:47,113.3,3437651
2021-06-18 10:08:50,113.3,3438422
2021-06-18 10:08:54,113.25,3448332
2021-06-18 10:08:57,113.15,3449311
2021-06-18 10:09:01,113.1,3451693
2021-06-18 10:09:04,113.2,3451694
2021-06-18 10:09:08,113.2,3451927
2021-06-18 10:09:11,113.25,3452338
2021-06-18 10:09:15,113.25,3452778
2021-06-18 10:09:18,113.2,3452803
2021-06-18 10:09:21,113.15,3455953
2021-06-18 10:09:25,113.15,3456123
2021-06-18 10:09:31,113.15,3456943
2021-06-18 10:09:34,113.15,3456980
2021-06-18 10:09:38,113.2,3460420
2021-06-18 10:09:40,113.2,3460521
2021-06-18 10:09:43,113.25,3462135
2021-06-18 10:09:46,113.25,3463629
2021-06-18 10:09:49,113.25,3464451
2021-06-18 10:09:53,113.2,3465086
2021-06-18 10:09:56,113.25,3465107
2021-06-18 10:09:58,113.2,3466438
2021-06-18 10:10:02,113.2,3467638
2021-06-18 10:10:05,113.2,3469083
2021-06-18 10:10:09,113.15,3475565
2021-06-18 10:10:12,113.15,3475576
2021-06-18 10:10:15,113.2,3476579
2021-06-18 10:10:18,113.2,3476583
2021-06-18 10:10:21,113.2,3476698
2021-06-18 10:10:24,113.2,3477636
2021-06-18 10:10:27,113.15,3477798
2021-06-18 10:10:30,113.15,3477817
2021-06-18 10:10:33,113.15,3477884
2021-06-18 10:10:37,113.15,3478877
2021-06-18 10:10:40,113.15,3478977
2021-06-18 10:10:44,113.1,3482174
2021-06-18 10:10:47,113.1,3486793
2021-06-18 10:10:51,113.0,3487777
2021-06-18 10:10:54,113.0,3487830
2021-06-18 10:10:58,113.0,3493631
2021-06-18 10:11:01,113.05,3494662
2021-06-18 10:11:05,113.05,3494959
2021-06-18 10:11:08,113.0,3496123
2021-06-18 10:11:12,113.0,3496607
2021-06-18 10:11:15,113.0,3496989
2021-06-18 10:11:18,113.0,3499239
2021-06-18 10:11:21,113.0,3499971
2021-06-18 10:11:24,113.0,3500022
2021-06-18 10:11:27,113.05,3505406
2021-06-18 10:11:34,113.1,3514146
2021-06-18 10:11:37,113.05,3515713
2021-06-18 10:11:40,113.05,3515733
2021-06-18 10:11:43,113.1,3516233
2021-06-18 10:11:46,113.05,3516784
2021-06-18 10:11:50,113.05,3535998
2021-06-18 10:11:53,113.05,3538113
2021-06-18 10:11:57,113.05,3538319
2021-06-18 10:12:00,113.1,3538394
2021-06-18 10:12:03,113.1,3538399
2021-06-18 10:12:10,113.1,3539084
2021-06-18 10:12:17,113.1,3544719
2021-06-18 10:12:20,113.15,3544722
2021-06-18 10:12:23,113.15,3544722
2021-06-18 10:12:26,113.15,3552313
2021-06-18 10:12:30,113.15,3552698
2021-06-18 10:12:33,113.2,3552750
2021-06-18 10:12:36,113.2,3553594
2021-06-18 10:12:39,113.25,3553935
2021-06-18 10:12:43,113.25,3554295
2021-06-18 10:12:46,113.25,3558441
2021-06-18 10:12:49,113.3,3558755
2021-06-18 10:12:52,113.25,3558804
2021-06-18 10:12:55,113.25,3558904
2021-06-18 10:12:59,113.3,3559305
2021-06-18 10:13:02,113.3,3559405
2021-06-18 10:13:05,113.25,3559523
2021-06-18 10:13:07,113.25,3560606
2021-06-18 10:13:10,113.3,3560608
2021-06-18 10:13:13,113.3,3560701
2021-06-18 10:13:16,113.3,3560706
2021-06-18 10:13:20,113.3,3560778
2021-06-18 10:13:23,113.3,3560778
2021-06-18 10:13:26,113.3,3560867
2021-06-18 10:13:29,113.3,3560923
2021-06-18 10:13:32,113.3,3574339
2021-06-18 10:13:35,113.2,3574419
2021-06-18 10:13:38,113.3,3577419
2021-06-18 10:13:45,113.35,3590157
2021-06-18 10:13:48,113.25,3590172
2021-06-18 10:13:51,113.35,3590300
2021-06-18 10:13:54,113.35,3590336
2021-06-18 10:13:57,113.35,3590467
2021-06-18 10:14:00,113.25,3593228
2021-06-18 10:14:03,113.25,3595748
2021-06-18 10:14:07,113.35,3598073
2021-06-18 10:14:10,113.35,3607963
2021-06-18 10:14:13,113.35,3608578
2021-06-18 10:14:17,113.35,3608578
2021-06-18 10:14:20,113.35,3608679
2021-06-18 10:14:23,113.35,3609439
2021-06-18 10:14:26,113.35,3609562
2021-06-18 10:14:29,113.25,3613583
2021-06-18 10:14:32,113.25,3613842
2021-06-18 10:14:36,113.35,3617114
2021-06-18 10:14:39,113.25,3618214
2021-06-18 10:14:43,113.25,3618261
2021-06-18 10:14:46,113.3,3618309
2021-06-18 10:14:49,113.25,3620009
2021-06-18 10:14:52,113.25,3620199
2021-06-18 10:14:56,113.3,3620337
2021-06-18 10:14:59,113.3,3620465
2021-06-18 10:15:02,113.2,3629370
2021-06-18 10:15:06,113.2,3629678
2021-06-18 10:15:09,113.25,3629681
2021-06-18 10:15:12,113.25,3632478
2021-06-18 10:15:15,113.2,3632955
2021-06-18 10:15:19,113.15,3633629
2021-06-18 10:15:22,113.15,3637985
2021-06-18 10:15:25,113.15,3638508
2021-06-18 10:15:28,113.15,3638509
2021-06-18 10:15:31,113.15,3638609
2021-06-18 10:15:35,113.1,3639343
2021-06-18 10:15:38,113.05,3642423
2021-06-18 10:15:40,113.15,3642723
2021-06-18 10:15:43,113.1,3642934
2021-06-18 10:15:46,113.1,3642944
2021-06-18 10:15:49,113.1,3642952
2021-06-18 10:15:52,113.15,3642953
2021-06-18 10:15:54,113.05,3643063
2021-06-18 10:15:57,113.05,3643572
2021-06-18 10:16:00,113.05,3644531
2021-06-18 10:16:03,113.1,3644533
2021-06-18 10:16:06,113.05,3644535
2021-06-18 10:16:12,113.1,3644697
2021-06-18 10:16:15,113.1,3644711
2021-06-18 10:16:18,113.1,3646011
2021-06-18 10:16:21,113.1,3652870
2021-06-18 10:16:24,113.15,3653402
2021-06-18 10:16:27,113.1,3653415
2021-06-18 10:16:30,113.15,3653428
2021-06-18 10:16:33,113.15,3653682
2021-06-18 10:16:36,113.2,3653683
2021-06-18 10:16:42,113.15,3656780
2021-06-18 10:16:44,113.15,3656780
2021-06-18 10:16:47,113.15,3657282
2021-06-18 10:16:50,113.15,3657320
2021-06-18 10:16:52,113.15,3657320
2021-06-18 10:16:55,113.15,3657320
2021-06-18 10:16:59,113.15,3657348
2021-06-18 10:17:02,113.05,3660748
2021-06-18 10:17:05,113.05,3660779
2021-06-18 10:17:09,113.1,3663222
2021-06-18 10:17:12,113.1,3663224
2021-06-18 10:17:15,113.15,3666334
2021-06-18 10:17:18,113.1,3667037
2021-06-18 10:17:22,113.05,3669377
2021-06-18 10:17:25,113.05,3669478
2021-06-18 10:17:28,113.05,3670562
2021-06-18 10:17:31,113.15,3672988
2021-06-18 10:17:33,113.05,3673096
2021-06-18 10:17:36,113.05,3673303
2021-06-18 10:17:39,113.15,3674303
2021-06-18 10:17:42,113.15,3674365
2021-06-18 10:17:45,113.1,3674465
2021-06-18 10:17:48,113.15,3674716
2021-06-18 10:17:50,113.15,3674717
2021-06-18 10:17:56,113.1,3675968
2021-06-18 10:17:59,113.1,3675979
2021-06-18 10:18:01,113.15,3676984
2021-06-18 10:18:04,113.15,3677086
2021-06-18 10:18:07,113.15,3677088
2021-06-18 10:18:10,113.15,3677088
2021-06-18 10:18:12,113.2,3678350
2021-06-18 10:18:15,113.15,3678645
2021-06-18 10:18:18,113.2,3678800
2021-06-18 10:18:21,113.2,3679383
2021-06-18 10:18:23,113.25,3682426
2021-06-18 10:18:28,113.25,3683126
2021-06-18 10:18:31,113.25,3683551
2021-06-18 10:18:35,113.25,3684551
2021-06-18 10:18:38,113.2,3684651
2021-06-18 10:18:41,113.25,3684701
2021-06-18 10:18:43,113.25,3684716
2021-06-18 10:18:46,113.2,3685849
2021-06-18 10:18:49,113.2,3687382
2021-06-18 10:18:53,113.25,3690689
2021-06-18 10:18:59,113.2,3690786
2021-06-18 10:19:02,113.2,3690793
2021-06-18 10:19:05,113.2,3691193
2021-06-18 10:19:08,113.2,3691193
2021-06-18 10:19:11,113.2,3691195
2021-06-18 10:19:13,113.2,3691205
2021-06-18 10:19:16,113.15,3692015
2021-06-18 10:19:19,113.2,3692060
2021-06-18 10:19:22,113.2,3692080
2021-06-18 10:19:25,113.2,3692080
2021-06-18 10:19:28,113.15,3694872
2021-06-18 10:19:32,113.15,3696374
2021-06-18 10:19:35,113.1,3698797
2021-06-18 10:19:38,113.1,3698797
2021-06-18 10:19:41,113.1,3699003
2021-06-18 10:19:44,113.1,3699205
2021-06-18 10:19:47,113.1,3699205
2021-06-18 10:19:50,113.1,3699395
2021-06-18 10:19:53,113.1,3699495
2021-06-18 10:19:56,113.15,3699545
2021-06-18 10:19:59,113.15,3699745
2021-06-18 10:20:02,113.1,3700076
2021-06-18 10:20:05,113.15,3700219
2021-06-18 10:20:08,113.15,3700220
2021-06-18 10:20:10,113.15,3700223
2021-06-18 10:20:13,113.15,3700747
2021-06-18 10:20:16,113.1,3700769
2021-06-18 10:20:18,113.1,3705099
2021-06-18 10:20:21,113.15,3705399
2021-06-18 10:20:24,113.15,3705436
2021-06-18 10:20:27,113.15,3705818
2021-06-18 10:20:31,113.1,3708234
2021-06-18 10:20:34,113.1,3708597
2021-06-18 10:20:37,113.1,3708620
2021-06-18 10:20:39,113.15,3708920
2021-06-18 10:20:42,113.15,3709020
2021-06-18 10:20:44,113.1,3709247
2021-06-18 10:20:47,113.15,3709296
2021-06-18 10:20:51,113.15,3709349
2021-06-18 10:20:54,113.15,3709651
2021-06-18 10:20:56,113.15,3709652
2021-06-18 10:20:59,113.15,3710554
2021-06-18 10:21:03,113.15,3711209
2021-06-18 10:21:06,113.15,3711373
2021-06-18 10:21:09,113.1,3711475
2021-06-18 10:21:12,113.15,3711478
2021-06-18 10:21:15,113.15,3712484
2021-06-18 10:21:18,113.1,3712884
2021-06-18 10:21:23,113.15,3713308
2021-06-18 10:21:26,113.1,3713451
2021-06-18 10:21:29,113.15,3715852
2021-06-18 10:21:31,113.1,3715985
2021-06-18 10:21:34,113.15,3715987
2021-06-18 10:21:38,113.1,3716090
2021-06-18 10:21:41,113.1,3716351
2021-06-18 10:21:44,113.1,3716351
2021-06-18 10:21:47,113.1,3716524
2021-06-18 10:21:50,113.15,3716534
2021-06-18 10:21:54,113.15,3718446
2021-06-18 10:21:56,113.25,3718886
2021-06-18 10:21:59,113.15,3719945
2021-06-18 10:22:02,113.2,3719949
2021-06-18 10:22:05,113.15,3720151
2021-06-18 10:22:07,113.15,3720151
2021-06-18 10:22:10,113.15,3722372
2021-06-18 10:22:13,113.2,3722513
2021-06-18 10:22:16,113.15,3722563
2021-06-18 10:22:18,113.2,3723968
2021-06-18 10:22:21,113.15,3725058
2021-06-18 10:22:24,113.1,3726281
2021-06-18 10:22:27,113.15,3732813
2021-06-18 10:22:30,113.15,3732818
2021-06-18 10:22:33,113.1,3733068
2021-06-18 10:22:36,113.15,3733069
2021-06-18 10:22:39,113.15,3735058
2021-06-18 10:22:42,113.15,3735068
2021-06-18 10:22:45,113.15,3735068
2021-06-18 10:22:47,113.15,3735168
2021-06-18 10:22:50,113.1,3742138
2021-06-18 10:22:53,113.05,3742194
2021-06-18 10:22:56,113.1,3742439
2021-06-18 10:22:59,113.05,3742465
2021-06-18 10:23:02,113.05,3742465
2021-06-18 10:23:04,113.05,3742668
2021-06-18 10:23:07,113.1,3745181
2021-06-18 10:23:09,113.05,3745183
2021-06-18 10:23:12,113.1,3746291
2021-06-18 10:23:15,113.05,3746319
2021-06-18 10:23:17,113.1,3748289
2021-06-18 10:23:20,113.1,3748289
2021-06-18 10:23:22,113.15,3759446
2021-06-18 10:23:25,113.1,3760562
2021-06-18 10:23:28,113.1,3761212
2021-06-18 10:23:31,113.1,3763262
2021-06-18 10:23:33,113.1,3763262
2021-06-18 10:23:38,113.1,3763394
2021-06-18 10:23:41,113.1,3763420
2021-06-18 10:23:43,113.1,3763421
2021-06-18 10:23:46,113.1,3763423
2021-06-18 10:23:49,113.05,3764058
2021-06-18 10:23:52,113.1,3764270
2021-06-18 10:23:55,113.1,3764270
2021-06-18 10:23:57,113.1,3764271
2021-06-18 10:24:00,113.1,3764472
2021-06-18 10:24:03,113.05,3764574
2021-06-18 10:24:05,113.05,3766304
2021-06-18 10:24:08,113.05,3769007
2021-06-18 10:24:11,113.05,3772284
2021-06-18 10:24:14,113.05,3772285
2021-06-18 10:24:17,113.0,3772737
2021-06-18 10:24:19,113.0,3772739
2021-06-18 10:24:22,113.0,3773284
2021-06-18 10:24:25,113.0,3773783
2021-06-18 10:24:28,113.05,3775276
2021-06-18 10:24:31,113.05,3775378
2021-06-18 10:24:37,113.0,3814319
2021-06-18 10:24:40,113.0,3815459
2021-06-18 10:24:42,113.05,3815491
2021-06-18 10:24:45,113.05,3815524
2021-06-18 10:24:48,113.0,3816294
2021-06-18 10:24:51,112.95,3816359
2021-06-18 10:24:53,113.05,3816692
2021-06-18 10:24:57,113.0,3816941
2021-06-18 10:25:00,113.0,3817095
2021-06-18 10:25:03,113.0,3818082
2021-06-18 10:25:06,113.0,3818314
2021-06-18 10:25:09,113.0,3818329
2021-06-18 10:25:12,112.95,3822379
2021-06-18 10:25:15,113.0,3822393
2021-06-18 10:25:18,113.0,3822393
2021-06-18 10:25:21,112.95,3824658
2021-06-18 10:25:24,113.0,3824758
2021-06-18 10:25:26,113.0,3825125
2021-06-18 10:25:29,112.95,3825675
2021-06-18 10:25:32,113.0,3825780
2021-06-18 10:25:35,113.0,3826980
2021-06-18 10:25:38,113.0,3826980
2021-06-18 10:25:41,113.0,3827881
2021-06-18 10:25:44,112.95,3828512
2021-06-18 10:25:47,113.0,3834650
2021-06-18 10:25:50,112.85,3835360
2021-06-18 10:25:54,112.85,3835360
2021-06-18 10:25:57,112.85,3835524
2021-06-18 10:26:00,112.95,3835680
2021-06-18 10:26:04,112.95,3836881
2021-06-18 10:26:07,112.85,3837906
2021-06-18 10:26:13,112.95,3838104
2021-06-18 10:26:16,112.85,3838309
2021-06-18 10:26:19,112.85,3840810
2021-06-18 10:26:22,112.95,3874700
2021-06-18 10:26:25,112.9,3877190
2021-06-18 10:26:29,112.9,3878919
2021-06-18 10:26:32,112.95,3878935
2021-06-18 10:26:35,112.9,3882143
2021-06-18 10:26:38,112.9,3882287
2021-06-18 10:26:41,112.95,3882331
2021-06-18 10:26:44,112.9,3882391
2021-06-18 10:26:47,112.95,3882559
2021-06-18 10:26:50,112.9,3883648
2021-06-18 10:26:53,112.95,3883749
2021-06-18 10:26:56,112.95,3883750
2021-06-18 10:27:00,112.9,3883786
2021-06-18 10:27:03,112.9,3883888
2021-06-18 10:27:06,112.9,3884408
2021-06-18 10:27:09,112.9,3884459
2021-06-18 10:27:12,112.9,3884584
2021-06-18 10:27:15,112.95,3884936
2021-06-18 10:27:18,112.8,3892206
2021-06-18 10:27:21,112.8,3892240
2021-06-18 10:27:25,112.8,3892244
2021-06-18 10:27:28,112.8,3895086
2021-06-18 10:27:31,112.9,3895096
2021-06-18 10:27:34,112.9,3897902
2021-06-18 10:27:37,112.9,3897952
2021-06-18 10:27:40,112.85,3898153
2021-06-18 10:27:44,112.85,3907838
2021-06-18 10:27:47,112.85,3908319
2021-06-18 10:27:50,112.85,3908524
2021-06-18 10:27:53,112.9,3908907
2021-06-18 10:27:56,112.85,3908966
2021-06-18 10:27:59,112.85,3910988
2021-06-18 10:28:02,112.85,3916317
2021-06-18 10:28:05,112.8,3917536
2021-06-18 10:28:09,112.8,3917876
2021-06-18 10:28:12,112.8,3918605
2021-06-18 10:28:15,112.8,3918713
2021-06-18 10:28:19,112.85,3918714
2021-06-18 10:28:22,112.8,3935999
2021-06-18 10:28:25,112.8,3936798
2021-06-18 10:28:29,112.75,3937349
2021-06-18 10:28:32,112.8,3938803
2021-06-18 10:28:36,112.75,3940073
2021-06-18 10:28:39,112.75,3940479
2021-06-18 10:28:42,112.75,3941841
2021-06-18 10:28:45,112.8,3941844
2021-06-18 10:28:48,112.8,3942144
2021-06-18 10:28:51,112.8,3943295
2021-06-18 10:28:54,112.8,3944915
2021-06-18 10:28:57,112.8,3944927
2021-06-18 10:29:00,112.8,3948927
2021-06-18 10:29:03,112.8,3959372
2021-06-18 10:29:06,112.8,3962318
2021-06-18 10:29:09,112.8,3967546
2021-06-18 10:29:12,112.8,3967546
2021-06-18 10:29:15,112.8,3969346
2021-06-18 10:29:19,112.8,3970967
2021-06-18 10:29:22,112.75,3972488
2021-06-18 10:29:25,112.8,3978330
2021-06-18 10:29:29,112.8,3983341
2021-06-18 10:29:36,112.8,3984406
2021-06-18 10:29:39,112.8,3986709
2021-06-18 10:29:42,112.75,3990957
2021-06-18 10:29:46,112.8,3993768
2021-06-18 10:29:49,112.7,3994165
2021-06-18 10:29:52,112.75,3994391
2021-06-18 10:29:55,112.75,3994860
2021-06-18 10:29:58,112.7,3994992
2021-06-18 10:30:02,112.75,3995183
2021-06-18 10:30:05,112.7,4005796
2021-06-18 10:30:08,112.7,4005831
2021-06-18 10:30:12,112.7,4008872
2021-06-18 10:30:15,112.75,4009968
2021-06-18 10:30:18,112.8,4011508
2021-06-18 10:30:21,112.85,4017482
2021-06-18 10:30:25,112.9,4019376
2021-06-18 10:30:28,112.85,4019517
2021-06-18 10:30:32,112.9,4020203
2021-06-18 10:30:36,112.85,4020210
2021-06-18 10:30:39,112.9,4020220
2021-06-18 10:30:43,112.85,4020440
2021-06-18 10:30:46,112.75,4023434
2021-06-18 10:30:50,112.9,4025686
2021-06-18 10:30:53,112.9,4025724
2021-06-18 10:30:56,112.9,4025882
2021-06-18 10:31:00,112.85,4026101
2021-06-18 10:31:03,112.95,4049593
2021-06-18 10:31:07,112.9,4049710
2021-06-18 10:31:10,112.9,4049726
2021-06-18 10:31:13,112.9,4049775
2021-06-18 10:31:16,112.9,4051050
2021-06-18 10:31:18,112.85,4051251
2021-06-18 10:31:22,112.85,4051327
2021-06-18 10:31:25,112.95,4052542
2021-06-18 10:31:28,112.95,4055332
2021-06-18 10:31:31,112.95,4055645
2021-06-18 10:31:35,112.9,4057509
2021-06-18 10:31:38,112.85,4058584
2021-06-18 10:31:41,112.9,4058777
2021-06-18 10:31:44,112.9,4059003
2021-06-18 10:31:47,112.9,4059268
2021-06-18 10:31:51,112.85,4064790
2021-06-18 10:31:54,112.8,4065635
2021-06-18 10:31:58,112.75,4067787
2021-06-18 10:32:01,112.75,4070387
2021-06-18 10:32:04,112.8,4070789
2021-06-18 10:32:07,112.8,4071142
2021-06-18 10:32:10,112.75,4073878
2021-06-18 10:32:13,112.75,4077095
2021-06-18 10:32:17,112.8,4077136
2021-06-18 10:32:20,112.8,4077137
2021-06-18 10:32:24,112.75,4078305
2021-06-18 10:32:27,112.75,4078688
2021-06-18 10:32:30,112.75,4078998
2021-06-18 10:32:33,112.8,4080386
2021-06-18 10:32:37,112.75,4081020
2021-06-18 10:32:41,112.8,4081690
2021-06-18 10:32:44,112.8,4082110
2021-06-18 10:32:47,112.75,4082140
2021-06-18 10:32:50,112.75,4082266
2021-06-18 10:32:54,112.8,4085601
2021-06-18 10:32:57,112.75,4089896
2021-06-18 10:33:00,112.8,4089976
2021-06-18 10:33:03,112.75,4090475
2021-06-18 10:33:06,112.8,4090586
2021-06-18 10:33:10,112.75,4091235
2021-06-18 10:33:13,112.75,4091559
2021-06-18 10:33:16,112.7,4091960
2021-06-18 10:33:20,112.75,4092615
2021-06-18 10:33:23,112.75,4093324
2021-06-18 10:33:26,112.7,4099825
2021-06-18 10:33:30,112.7,4101214
2021-06-18 10:33:33,112.75,4101302
2021-06-18 10:33:37,112.8,4102688
2021-06-18 10:33:40,112.8,4102695
2021-06-18 10:33:43,112.8,4103054
2021-06-18 10:33:46,112.75,4103063
2021-06-18 10:33:50,112.75,4103217
2021-06-18 10:33:53,112.75,4105233
2021-06-18 10:34:00,112.75,4110205
2021-06-18 10:34:03,112.75,4110205
2021-06-18 10:34:06,112.75,4110315
2021-06-18 10:34:09,112.85,4123909
2021-06-18 10:34:13,112.85,4124021
2021-06-18 10:34:16,112.85,4124021
2021-06-18 10:34:19,112.85,4125436
2021-06-18 10:34:22,112.8,4127147
2021-06-18 10:34:25,112.75,4137316
2021-06-18 10:34:28,112.7,4137338
2021-06-18 10:34:31,112.75,4138345
2021-06-18 10:34:34,112.75,4196241
2021-06-18 10:34:37,112.75,4196543
2021-06-18 10:34:40,112.7,4204872
2021-06-18 10:34:43,112.7,4207174
2021-06-18 10:34:46,112.7,4208025
2021-06-18 10:34:50,112.7,4208538
2021-06-18 10:34:53,112.75,4208649
2021-06-18 10:34:56,112.7,4209435
2021-06-18 10:34:59,112.75,4209535
2021-06-18 10:35:02,112.75,4210565
2021-06-18 10:35:05,112.75,4210792
2021-06-18 10:35:08,112.75,4211071
2021-06-18 10:35:11,112.75,4211198
2021-06-18 10:35:14,112.75,4211323
2021-06-18 10:35:17,112.75,4212323
2021-06-18 10:35:20,112.8,4212434
2021-06-18 10:35:24,112.8,4212574
2021-06-18 10:35:27,112.8,4215159
2021-06-18 10:35:30,112.8,4220159
2021-06-18 10:35:33,112.75,4220665
2021-06-18 10:35:36,112.75,4220817
2021-06-18 10:35:39,112.75,4222372
2021-06-18 10:35:43,112.8,4222724
2021-06-18 10:35:46,112.8,4222986
2021-06-18 10:35:49,112.85,4223107
2021-06-18 10:35:52,112.75,4223955
2021-06-18 10:35:55,112.85,4226083
2021-06-18 10:35:59,112.75,4226649
2021-06-18 10:36:02,112.75,4226799
2021-06-18 10:36:05,112.8,4227284
2021-06-18 10:36:08,112.85,4227544
2021-06-18 10:36:11,112.85,4227544
2021-06-18 10:36:14,112.85,4227672
2021-06-18 10:36:18,112.8,4228023
2021-06-18 10:36:21,112.85,4228136
2021-06-18 10:36:24,112.85,4228843
2021-06-18 10:36:27,112.85,4228974
2021-06-18 10:36:30,112.85,4228994
2021-06-18 10:36:33,112.85,4235544
2021-06-18 10:36:36,112.8,4236534
2021-06-18 10:36:39,112.85,4236538
2021-06-18 10:36:42,112.85,4236538
2021-06-18 10:36:45,112.85,4237788
2021-06-18 10:36:48,112.8,4238660
2021-06-18 10:36:51,112.85,4238714
2021-06-18 10:36:54,112.8,4239759
2021-06-18 10:36:57,112.8,4242345
2021-06-18 10:37:00,112.8,4243355
2021-06-18 10:37:03,112.8,4243371
2021-06-18 10:37:06,112.7,4245465
2021-06-18 10:37:09,112.7,4249768
2021-06-18 10:37:12,112.7,4249781
2021-06-18 10:37:15,112.7,4253799
2021-06-18 10:37:18,112.7,4254227
2021-06-18 10:37:21,112.75,4254234
2021-06-18 10:37:24,112.65,4254412
2021-06-18 10:37:27,112.65,4254456
2021-06-18 10:37:30,112.65,4254477
2021-06-18 10:37:33,112.6,4257302
2021-06-18 10:37:36,112.65,4259866
2021-06-18 10:37:39,112.6,4260695
2021-06-18 10:37:42,112.6,4260815
2021-06-18 10:37:45,112.55,4261035
2021-06-18 10:37:48,112.6,4263574
2021-06-18 10:37:50,112.6,4263576
2021-06-18 10:37:50,112.6,4263576
2021-06-18 10:37:52,112.5,4263877
2021-06-18 10:37:53,112.55,4263896
2021-06-18 10:37:54,112.5,4263916
2021-06-18 10:37:55,112.5,4263916
2021-06-18 10:37:56,112.55,4264046
2021-06-18 10:37:58,112.55,4264052
2021-06-18 10:37:58,112.55,4264076
2021-06-18 10:37:59,112.5,4264226
2021-06-18 10:38:00,112.5,4264226
2021-06-18 10:38:01,112.5,4265194
2021-06-18 10:38:02,112.55,4265204
2021-06-18 10:38:03,112.45,4315355
2021-06-18 10:38:04,112.5,4315457
2021-06-18 10:38:06,112.5,4319521
2021-06-18 10:38:07,112.5,4319622
2021-06-18 10:38:08,112.45,4319792
2021-06-18 10:38:09,112.45,4320292
2021-06-18 10:38:10,112.45,4320342
2021-06-18 10:38:10,112.5,4320442
2021-06-18 10:38:13,112.5,4320507
2021-06-18 10:38:14,112.5,4327012
2021-06-18 10:38:15,112.45,4327066
2021-06-18 10:38:17,112.45,4327569
2021-06-18 10:38:17,112.45,4327949
2021-06-18 10:38:18,112.45,4327949
2021-06-18 10:38:19,112.5,4328060
2021-06-18 10:38:21,112.4,4328270
2021-06-18 10:38:22,112.4,4328280
2021-06-18 10:38:22,112.4,4328280
2021-06-18 10:38:23,112.45,4328320
2021-06-18 10:38:25,112.45,4329289
2021-06-18 10:38:27,112.45,4329356
2021-06-18 10:38:26,112.45,4329290
2021-06-18 10:38:28,112.4,4329702
2021-06-18 10:38:30,112.45,4329960
2021-06-18 10:38:31,112.45,4329961
2021-06-18 10:38:32,112.45,4330216
2021-06-18 10:38:33,112.4,4330246
2021-06-18 10:38:35,112.45,4330284
2021-06-18 10:38:36,112.45,4330285
2021-06-18 10:38:37,112.4,4330395
2021-06-18 10:38:39,112.4,4330396
2021-06-18 10:38:40,112.5,4331825
2021-06-18 10:38:41,112.45,4332945
2021-06-18 10:38:42,112.45,4332945
2021-06-18 10:38:43,112.45,4333100
2021-06-18 10:38:44,112.45,4333130
2021-06-18 10:38:46,112.4,4335756
2021-06-18 10:38:46,112.4,4335756
2021-06-18 10:38:47,112.45,4336559
2021-06-18 10:38:50,112.5,4336647
2021-06-18 10:38:51,112.5,4336750
2021-06-18 10:38:52,112.5,4336838
2021-06-18 10:38:53,112.5,4336848
2021-06-18 10:38:54,112.5,4336877
2021-06-18 10:38:54,112.5,4336877
2021-06-18 10:38:56,112.45,4337543
2021-06-18 10:38:56,112.45,4337543
2021-06-18 10:38:58,112.45,4337587
2021-06-18 10:38:59,112.45,4337590
2021-06-18 10:38:59,112.45,4337590
2021-06-18 10:39:00,112.45,4337713
2021-06-18 10:39:01,112.5,4337730
2021-06-18 10:39:02,112.5,4337730
2021-06-18 10:39:03,112.5,4337730
2021-06-18 10:39:04,112.5,4337730
2021-06-18 10:39:05,112.5,4337735
2021-06-18 10:39:06,112.5,4337735
2021-06-18 10:39:07,112.45,4338035
2021-06-18 10:39:08,112.45,4338035
2021-06-18 10:39:10,112.5,4338143
2021-06-18 10:39:11,112.45,4338386
2021-06-18 10:39:12,112.45,4338486
2021-06-18 10:39:13,112.45,4340036
2021-06-18 10:39:14,112.45,4340051
2021-06-18 10:39:15,112.5,4340156
2021-06-18 10:39:16,112.45,4341893
2021-06-18 10:39:17,112.45,4341943
2021-06-18 10:39:19,112.45,4342344
2021-06-18 10:39:20,112.45,4344614
2021-06-18 10:39:21,112.45,4344614
2021-06-18 10:39:22,112.4,4347990
2021-06-18 10:39:23,112.45,4348016
2021-06-18 10:39:24,112.45,4348066
2021-06-18 10:39:25,112.45,4348066
2021-06-18 10:39:26,112.45,4348180
2021-06-18 10:39:27,112.45,4348180
2021-06-18 10:39:29,112.45,4348280
2021-06-18 10:39:30,112.45,4348280
2021-06-18 10:39:31,112.5,4348481
2021-06-18 10:39:31,112.5,4348481
2021-06-18 10:39:32,112.5,4348481
2021-06-18 10:39:33,112.5,4348481
2021-06-18 10:39:35,112.5,4348489
2021-06-18 10:39:35,112.45,4348719
2021-06-18 10:39:36,112.45,4348719
2021-06-18 10:39:38,112.55,4355392
2021-06-18 10:39:39,112.5,4355541
2021-06-18 10:39:40,112.5,4355541
2021-06-18 10:39:40,112.5,4355541
2021-06-18 10:39:42,112.55,4355543
2021-06-18 10:39:42,112.55,4355543
2021-06-18 10:39:43,112.55,4355543
2021-06-18 10:39:45,112.55,4355543
2021-06-18 10:39:46,112.55,4355744
2021-06-18 10:39:47,112.55,4355860
2021-06-18 10:39:47,112.55,4355860
2021-06-18 10:39:48,112.5,4355870
2021-06-18 10:39:51,112.5,4356290
2021-06-18 10:39:52,112.5,4356550
2021-06-18 10:39:53,112.55,4356577
2021-06-18 10:39:54,112.55,4356577
2021-06-18 10:39:55,112.5,4356687
2021-06-18 10:39:56,112.5,4356687
2021-06-18 10:39:58,112.55,4356702
2021-06-18 10:39:59,112.55,4356702
2021-06-18 10:40:00,112.55,4356702
2021-06-18 10:40:01,112.55,4356702
2021-06-18 10:40:01,112.55,4356953
2021-06-18 10:40:02,112.55,4356953
2021-06-18 10:40:04,112.55,4356953
2021-06-18 10:40:06,112.55,4357789
2021-06-18 10:40:08,112.55,4357818
2021-06-18 10:40:09,112.55,4357819
2021-06-18 10:40:10,112.55,4357819
2021-06-18 10:40:12,112.5,4358089
2021-06-18 10:40:13,112.5,4358090
2021-06-18 10:40:14,112.5,4358190
2021-06-18 10:40:16,112.55,4358368
2021-06-18 10:40:17,112.55,4358368
2021-06-18 10:40:18,112.55,4358368
2021-06-18 10:40:19,112.4,4403374
2021-06-18 10:40:19,112.4,4403374
2021-06-18 10:40:21,112.4,4403478
2021-06-18 10:40:21,112.4,4403481
2021-06-18 10:40:22,112.4,4403481
2021-06-18 10:40:23,112.5,4403583
2021-06-18 10:40:24,112.5,4403583
2021-06-18 10:40:25,112.4,4403944
2021-06-18 10:40:26,112.5,4404955
2021-06-18 10:40:27,112.5,4404959
2021-06-18 10:40:29,112.4,4410996
2021-06-18 10:40:31,112.4,4410999
2021-06-18 10:40:32,112.45,4413040
2021-06-18 10:40:33,112.4,4419165
2021-06-18 10:40:34,112.4,4420017
2021-06-18 10:40:35,112.4,4420144
2021-06-18 10:40:36,112.4,4420144
2021-06-18 10:40:37,112.4,4420194
2021-06-18 10:40:38,112.4,4422707
2021-06-18 10:40:39,112.4,4422907
2021-06-18 10:40:40,112.4,4424407
2021-06-18 10:40:41,112.35,4426408
2021-06-18 10:40:42,112.4,4426444
2021-06-18 10:40:43,112.4,4426604
2021-06-18 10:40:44,112.4,4426608
2021-06-18 10:40:45,112.4,4426708
2021-06-18 10:40:46,112.35,4426763
2021-06-18 10:40:46,112.4,4426764
2021-06-18 10:40:47,112.4,4427250
2021-06-18 10:40:48,112.3,4428582
2021-06-18 10:40:49,112.3,4429111
2021-06-18 10:40:50,112.35,4429621
2021-06-18 10:40:51,112.35,4429621
2021-06-18 10:40:52,112.4,4432264
2021-06-18 10:40:53,112.3,4437474
2021-06-18 10:40:56,112.3,4437544
2021-06-18 10:40:57,112.3,4437544
2021-06-18 10:40:59,112.35,4437654
2021-06-18 10:41:00,112.3,4438100
2021-06-18 10:41:00,112.3,4438988
2021-06-18 10:41:01,112.35,4439097
2021-06-18 10:41:02,112.35,4439597
2021-06-18 10:41:03,112.3,4440925
2021-06-18 10:41:06,112.2,4445839
2021-06-18 10:41:07,112.2,4445939
2021-06-18 10:41:08,112.3,4446040
2021-06-18 10:41:09,112.3,4447974
2021-06-18 10:41:09,112.3,4447969
2021-06-18 10:41:10,112.3,4447974
2021-06-18 10:41:12,112.3,4447976
2021-06-18 10:41:13,112.3,4451265
2021-06-18 10:41:15,112.25,4451854
2021-06-18 10:41:16,112.3,4452104
2021-06-18 10:41:17,112.3,4452164
2021-06-18 10:41:18,112.3,4452170
2021-06-18 10:41:19,112.35,4454933
2021-06-18 10:41:20,112.3,4462625
2021-06-18 10:41:21,112.3,4464465
2021-06-18 10:41:22,112.3,4464535
2021-06-18 10:41:22,112.3,4464535
2021-06-18 10:41:23,112.35,4466545
2021-06-18 10:41:24,112.35,4466545
2021-06-18 10:41:25,112.35,4466645
2021-06-18 10:41:26,112.35,4467991
2021-06-18 10:41:27,112.4,4469804
2021-06-18 10:41:28,112.3,4469805
2021-06-18 10:41:29,112.35,4469820
2021-06-18 10:41:30,112.35,4469820
2021-06-18 10:41:31,112.35,4470920
2021-06-18 10:41:32,112.4,4471960
2021-06-18 10:41:33,112.35,4473960
2021-06-18 10:41:35,112.35,4476066
2021-06-18 10:41:36,112.45,4476743
2021-06-18 10:41:37,112.45,4476743
2021-06-18 10:41:37,112.35,4476744
2021-06-18 10:41:39,112.45,4476832
2021-06-18 10:41:40,112.45,4476832
2021-06-18 10:41:41,112.45,4476832
2021-06-18 10:41:42,112.45,4476832
2021-06-18 10:41:43,112.4,4476862
2021-06-18 10:41:44,112.4,4477052
2021-06-18 10:41:45,112.45,4477055
2021-06-18 10:41:45,112.4,4477052
2021-06-18 10:41:46,112.45,4477075
2021-06-18 10:41:47,112.4,4477676
2021-06-18 10:41:48,112.45,4477680
2021-06-18 10:41:50,112.45,4485038
2021-06-18 10:41:51,112.45,4485048
2021-06-18 10:41:52,112.4,4485433
2021-06-18 10:41:53,112.45,4486433
2021-06-18 10:41:53,112.45,4486433
2021-06-18 10:41:54,112.45,4486533
2021-06-18 10:41:55,112.45,4486533
2021-06-18 10:41:56,112.45,4537376
2021-06-18 10:41:57,112.45,4540903
2021-06-18 10:41:58,112.5,4542347
2021-06-18 10:41:59,112.45,4542447
2021-06-18 10:42:00,112.45,4542527
2021-06-18 10:42:01,112.45,4542530
2021-06-18 10:42:03,112.45,4542560
2021-06-18 10:42:04,112.45,4542687
2021-06-18 10:42:04,112.45,4542887
2021-06-18 10:42:06,112.45,4543137
2021-06-18 10:42:06,112.45,4543137
2021-06-18 10:42:07,112.5,4543189
2021-06-18 10:42:10,112.45,4543495
2021-06-18 10:42:11,112.45,4543495
2021-06-18 10:42:12,112.45,4544740
2021-06-18 10:42:13,112.5,4545245
2021-06-18 10:42:13,112.5,4545245
2021-06-18 10:42:14,112.45,4545285
2021-06-18 10:42:15,112.45,4545286
2021-06-18 10:42:16,112.5,4545287
2021-06-18 10:42:18,112.5,4545404
2021-06-18 10:42:19,112.5,4545579
2021-06-18 10:42:19,112.5,4545689
2021-06-18 10:42:20,112.5,4545689
2021-06-18 10:42:21,112.45,4552192
2021-06-18 10:42:23,112.45,4552256
2021-06-18 10:42:24,112.45,4552777
2021-06-18 10:42:25,112.4,4553147
2021-06-18 10:42:25,112.4,4553087
2021-06-18 10:42:26,112.4,4553147
2021-06-18 10:42:27,112.4,4553557
2021-06-18 10:42:28,112.4,4553573
2021-06-18 10:42:29,112.4,4553573
2021-06-18 10:42:30,112.35,4553673
2021-06-18 10:42:31,112.45,4553681
2021-06-18 10:42:33,112.45,4553681
2021-06-18 10:42:33,112.45,4553681
2021-06-18 10:42:34,112.4,4553691
2021-06-18 10:42:36,112.35,4553794
2021-06-18 10:42:36,112.35,4553794
2021-06-18 10:42:37,112.35,4554095
2021-06-18 10:42:38,112.35,4554095
2021-06-18 10:42:39,112.4,4554100
2021-06-18 10:42:40,112.4,4554102
2021-06-18 10:42:42,112.35,4554607
2021-06-18 10:42:43,112.4,4554617
2021-06-18 10:42:44,112.4,4554617
2021-06-18 10:42:45,112.35,4554639
2021-06-18 10:42:46,112.35,4554639
2021-06-18 10:42:47,112.35,4554639
2021-06-18 10:42:48,112.35,4554659
2021-06-18 10:42:49,112.35,4554709
2021-06-18 10:42:52,112.35,4554886
2021-06-18 10:42:54,112.35,4555386
2021-06-18 10:42:58,112.4,4556721
2021-06-18 10:43:01,112.35,4560672
2021-06-18 10:43:04,112.35,4560723
2021-06-18 10:43:07,112.35,4566704
2021-06-18 10:43:10,112.35,4567214
2021-06-18 10:43:14,112.3,4567714
2021-06-18 10:43:17,112.35,4568352
2021-06-18 10:43:20,112.3,4569500
2021-06-18 10:43:23,112.3,4569678
2021-06-18 10:43:26,112.3,4570753
2021-06-18 10:43:29,112.3,4570755
2021-06-18 10:43:32,112.3,4571365
2021-06-18 10:43:35,112.3,4571900
2021-06-18 10:43:38,112.3,4571985
2021-06-18 10:43:41,112.3,4572236
2021-06-18 10:43:44,112.3,4572486
2021-06-18 10:43:48,112.3,4578424
2021-06-18 10:43:50,112.25,4578474
2021-06-18 10:43:54,112.35,4581272
2021-06-18 10:43:57,112.35,4581930
2021-06-18 10:44:00,112.35,4581941
2021-06-18 10:44:03,112.35,4585497
2021-06-18 10:44:06,112.35,4591551
2021-06-18 10:44:09,112.25,4592549
2021-06-18 10:44:13,112.3,4592553
2021-06-18 10:44:16,112.3,4592554
2021-06-18 10:44:19,112.3,4592580
2021-06-18 10:44:23,112.35,4592933
2021-06-18 10:44:26,112.3,4595044
2021-06-18 10:44:29,112.35,4595544
2021-06-18 10:44:33,112.35,4595544
2021-06-18 10:44:36,112.25,4598266
2021-06-18 10:44:39,112.3,4598433
2021-06-18 10:44:42,112.3,4598436
2021-06-18 10:44:45,112.3,4599538
2021-06-18 10:44:48,112.35,4600563
2021-06-18 10:44:51,112.3,4600616
2021-06-18 10:44:54,112.35,4603160
2021-06-18 10:44:57,112.25,4603344
2021-06-18 10:45:00,112.25,4603356
2021-06-18 10:45:03,112.35,4603814
2021-06-18 10:45:06,112.3,4603885
2021-06-18 10:45:09,112.35,4604095
2021-06-18 10:45:12,112.35,4604675
2021-06-18 10:45:14,112.35,4606163
2021-06-18 10:45:17,112.3,4606500
2021-06-18 10:45:20,112.35,4606927
2021-06-18 10:45:23,112.35,4606935
2021-06-18 10:45:27,112.35,4608441
2021-06-18 10:45:30,112.25,4609466
2021-06-18 10:45:33,112.35,4612749
2021-06-18 10:45:36,112.25,4612824
2021-06-18 10:45:39,112.25,4614609
2021-06-18 10:45:42,112.25,4614713
2021-06-18 10:45:45,112.35,4623388
2021-06-18 10:45:48,112.3,4623820
2021-06-18 10:45:52,112.3,4627485
2021-06-18 10:45:57,112.3,4627799
2021-06-18 10:46:00,112.3,4628756
2021-06-18 10:46:03,112.3,4631899
2021-06-18 10:46:06,112.3,4632970
2021-06-18 10:46:09,112.3,4633002
2021-06-18 10:46:12,112.25,4633204
2021-06-18 10:46:18,112.25,4633597
2021-06-18 10:46:21,112.2,4635122
2021-06-18 10:46:25,112.25,4641567
2021-06-18 10:46:28,112.2,4641717
2021-06-18 10:46:31,112.25,4642809
2021-06-18 10:46:35,112.2,4643211
2021-06-18 10:46:37,112.25,4643466
2021-06-18 10:46:41,112.2,4644466
2021-06-18 10:46:43,112.2,4645366
2021-06-18 10:46:46,112.2,4645727
2021-06-18 10:46:49,112.2,4645727
2021-06-18 10:46:52,112.2,4646966
2021-06-18 10:46:55,112.2,4648456
2021-06-18 10:46:58,112.2,4658530
2021-06-18 10:47:01,112.2,4660486
2021-06-18 10:47:05,112.2,4660921
2021-06-18 10:47:08,112.25,4660951
2021-06-18 10:47:10,112.2,4662218
2021-06-18 10:47:13,112.25,4663247
2021-06-18 10:47:16,112.25,4663558
2021-06-18 10:47:19,112.25,4663662
2021-06-18 10:47:22,112.25,4663666
2021-06-18 10:47:25,112.25,4665285
2021-06-18 10:47:28,112.2,4665874
2021-06-18 10:47:31,112.25,4666049
2021-06-18 10:47:34,112.2,4666358
2021-06-18 10:47:37,112.25,4666373
2021-06-18 10:47:39,112.25,4666648
2021-06-18 10:47:42,112.2,4667092
2021-06-18 10:47:45,112.25,4667202
2021-06-18 10:47:48,112.25,4667728
2021-06-18 10:47:51,112.2,4667753
2021-06-18 10:47:54,112.2,4668138
2021-06-18 10:47:57,112.15,4678669
2021-06-18 10:48:00,112.2,4680717
2021-06-18 10:48:03,112.2,4681716
2021-06-18 10:48:06,112.1,4682217
2021-06-18 10:48:09,112.15,4684121
2021-06-18 10:48:13,112.05,4689224
2021-06-18 10:48:16,112.15,4689388
2021-06-18 10:48:20,112.05,4690259
2021-06-18 10:48:23,112.05,4712982
2021-06-18 10:48:27,112.0,4719305
2021-06-18 10:48:30,112.05,4719455
2021-06-18 10:48:33,112.1,4719565
2021-06-18 10:48:37,112.05,4720426
2021-06-18 10:48:40,112.1,4721381
2021-06-18 10:48:43,112.05,4721692
2021-06-18 10:48:46,112.05,4721879
2021-06-18 10:48:49,112.05,4723481
2021-06-18 10:48:53,112.05,4727681
2021-06-18 10:48:56,112.05,4728991
2021-06-18 10:48:59,112.05,4729219
2021-06-18 10:49:02,112.05,4729279
2021-06-18 10:49:05,112.05,4729505
2021-06-18 10:49:08,112.05,4729942
2021-06-18 10:49:11,112.05,4733240
2021-06-18 10:49:15,112.05,4735278
2021-06-18 10:49:18,112.05,4737799
2021-06-18 10:49:21,112.05,4738153
2021-06-18 10:49:24,112.05,4738424
2021-06-18 10:49:30,112.05,4739670
2021-06-18 10:49:33,112.0,4807404
2021-06-18 10:49:36,112.0,4815278
2021-06-18 10:49:40,111.95,4819135
2021-06-18 10:49:43,111.95,4819722
2021-06-18 10:49:47,111.95,4819732
2021-06-18 10:49:50,112.0,4826569
2021-06-18 10:49:53,112.0,4826719
2021-06-18 10:49:56,112.0,4826774
2021-06-18 10:49:59,112.0,4828271
2021-06-18 10:50:03,112.0,4830417
2021-06-18 10:50:06,112.0,4848335
2021-06-18 10:50:09,111.9,4849590
2021-06-18 10:50:13,112.0,4856967
2021-06-18 10:50:16,111.95,4857167
2021-06-18 10:50:19,112.0,4859578
2021-06-18 10:50:22,111.9,4860231
2021-06-18 10:50:26,111.9,4860534
2021-06-18 10:50:32,111.9,4869216
2021-06-18 10:50:35,111.9,4869908
2021-06-18 10:50:38,111.95,4918294
2021-06-18 10:50:42,112.0,4918557
2021-06-18 10:50:45,111.9,4924341
2021-06-18 10:50:48,112.0,4925346
2021-06-18 10:50:52,111.95,4926144
2021-06-18 10:50:55,112.0,4926173
2021-06-18 10:50:58,111.95,4926199
2021-06-18 10:51:01,112.0,4935046
2021-06-18 10:51:04,111.95,4935791
2021-06-18 10:51:07,112.0,4935823
2021-06-18 10:51:11,111.95,4938439
2021-06-18 10:51:14,111.95,4940729
2021-06-18 10:51:18,111.95,4943366
2021-06-18 10:51:21,111.9,4944140
2021-06-18 10:51:24,111.95,4945168
2021-06-18 10:51:28,111.95,4947068
2021-06-18 10:51:31,112.0,4951297
2021-06-18 10:51:34,111.9,4953987
2021-06-18 10:51:38,111.9,4954062
2021-06-18 10:51:41,111.85,4955704
2021-06-18 10:51:44,111.9,4963429
2021-06-18 10:51:48,111.9,4965747
2021-06-18 10:51:51,111.9,4973230
2021-06-18 10:51:54,111.9,4973516
2021-06-18 10:51:57,111.9,4974176
2021-06-18 10:52:01,111.9,4975971
2021-06-18 10:52:04,111.85,4978197
2021-06-18 10:52:07,111.85,4978720
2021-06-18 10:52:10,111.8,4984040
2021-06-18 10:52:13,111.85,4991028
2021-06-18 10:52:16,111.8,4992811
2021-06-18 10:52:19,111.75,4995546
2021-06-18 10:52:23,111.8,4995715
2021-06-18 10:52:26,111.75,5046745
2021-06-18 10:52:29,111.85,5049939
2021-06-18 10:52:32,111.8,5050099
2021-06-18 10:52:36,111.85,5053453
2021-06-18 10:52:38,111.85,5053739
2021-06-18 10:52:41,111.9,5053792
2021-06-18 10:52:45,111.85,5054531
2021-06-18 10:52:48,111.9,5055031
2021-06-18 10:52:51,111.85,5059444
2021-06-18 10:52:54,111.85,5061977
2021-06-18 10:52:57,111.8,5062056
2021-06-18 10:53:00,111.8,5063780
2021-06-18 10:53:04,111.75,5065524
2021-06-18 10:53:07,111.75,5066096
2021-06-18 10:53:10,111.75,5068458
2021-06-18 10:53:13,111.7,5073941
2021-06-18 10:53:16,111.75,5074642
2021-06-18 10:53:20,111.75,5079840
2021-06-18 10:53:23,111.75,5080977
2021-06-18 10:53:26,111.8,5081810
2021-06-18 10:53:29,111.8,5091571
2021-06-18 10:53:33,111.7,5091780
2021-06-18 10:53:36,111.75,5096254
2021-06-18 10:53:39,111.65,5106137
2021-06-18 10:53:42,111.65,5106607
2021-06-18 10:53:45,111.7,5113564
2021-06-18 10:53:48,111.7,5113806
2021-06-18 10:53:51,111.65,5116022
2021-06-18 10:53:54,111.6,5124781
2021-06-18 10:53:58,111.65,5125788
2021-06-18 10:54:01,111.55,5126240
2021-06-18 10:54:04,111.55,5134900
2021-06-18 10:54:07,111.6,5135462
2021-06-18 10:54:13,111.6,5137501
2021-06-18 10:54:16,111.6,5138422
2021-06-18 10:54:20,111.6,5140323
2021-06-18 10:54:23,111.6,5140737
2021-06-18 10:54:26,111.6,5161176
2021-06-18 10:54:29,111.6,5165470
2021-06-18 10:54:32,111.55,5165972
2021-06-18 10:54:35,111.55,5170789
2021-06-18 10:54:38,111.65,5182735
2021-06-18 10:54:41,111.65,5187186
2021-06-18 10:54:44,111.65,5188304
2021-06-18 10:54:48,111.6,5189220
2021-06-18 10:54:51,111.6,5195120
2021-06-18 10:54:54,111.7,5201648
2021-06-18 10:54:57,111.7,5203160
2021-06-18 10:55:00,111.7,5204199
2021-06-18 10:55:03,111.7,5204789
2021-06-18 10:55:09,111.7,5207408
2021-06-18 10:55:13,111.7,5207408
2021-06-18 10:55:15,111.7,5208578
2021-06-18 10:55:19,111.7,5208622
2021-06-18 10:55:22,111.75,5226246
2021-06-18 10:55:25,111.85,5230663
2021-06-18 10:55:29,111.8,5232204
2021-06-18 10:55:32,111.85,5233080
2021-06-18 10:55:39,111.75,5235168
2021-06-18 10:55:43,111.75,5236360
2021-06-18 10:55:46,111.7,5236950
2021-06-18 10:55:49,111.7,5237063
2021-06-18 10:55:52,111.7,5237373
2021-06-18 10:55:56,111.65,5239074
2021-06-18 10:55:59,111.65,5240242
2021-06-18 10:56:02,111.65,5244297
2021-06-18 10:56:06,111.7,5244312
2021-06-18 10:56:09,111.65,5249519
2021-06-18 10:56:12,111.65,5249701
2021-06-18 10:56:16,111.65,5250004
2021-06-18 10:56:19,111.6,5251288
2021-06-18 10:56:22,111.7,5254056
2021-06-18 10:56:26,111.75,5255527
2021-06-18 10:56:29,111.7,5256215
2021-06-18 10:56:32,111.75,5256456
2021-06-18 10:56:35,111.75,5256596
2021-06-18 10:56:39,111.75,5258000
2021-06-18 10:56:42,111.7,5258397
2021-06-18 10:56:45,111.75,5259703
2021-06-18 10:56:49,111.65,5260824
2021-06-18 10:56:52,111.65,5261731
2021-06-18 10:56:56,111.6,5262274
2021-06-18 10:56:59,111.6,5263710
2021-06-18 10:57:02,111.6,5265311
2021-06-18 10:57:06,111.6,5265913
2021-06-18 10:57:09,111.65,5269160
2021-06-18 10:57:12,111.6,5269494
2021-06-18 10:57:15,111.5,5271549
2021-06-18 10:57:21,111.5,5273309
2021-06-18 10:57:24,111.5,5274495
2021-06-18 10:57:27,111.5,5288734
2021-06-18 10:57:30,111.5,5294362
2021-06-18 10:57:33,111.45,5295182
2021-06-18 10:57:36,111.4,5295296
2021-06-18 10:57:39,111.45,5296854
2021-06-18 10:57:43,111.45,5297911
2021-06-18 10:57:46,111.4,5303017
2021-06-18 10:57:53,111.4,5317842
2021-06-18 10:57:56,111.45,5318882
2021-06-18 10:58:00,111.4,5321116
2021-06-18 10:58:03,111.45,5321774
2021-06-18 10:58:06,111.4,5322568
2021-06-18 10:58:10,111.4,5325716
2021-06-18 10:58:13,111.35,5326256
2021-06-18 10:58:16,111.4,5326378
2021-06-18 10:58:19,111.4,5330827
2021-06-18 10:58:23,111.4,5335801
2021-06-18 10:58:26,111.35,5343141
2021-06-18 10:58:30,111.4,5343148
2021-06-18 10:58:33,111.4,5343362
2021-06-18 10:58:37,111.3,5349846
2021-06-18 10:58:40,111.3,5350404
2021-06-18 10:58:44,111.25,5356465
2021-06-18 10:58:55,111.35,5374980
2021-06-18 10:58:58,111.25,5378398
2021-06-18 10:59:02,111.15,5379444
2021-06-18 10:59:05,111.15,5380016
2021-06-18 10:59:09,111.15,5383664
2021-06-18 10:59:17,111.2,5384616
2021-06-18 10:59:24,111.15,5386877
2021-06-18 10:59:27,111.05,5413509
2021-06-18 10:59:30,111.1,5419515
2021-06-18 10:59:34,111.1,5431011
2021-06-18 10:59:38,111.15,5434452
2021-06-18 10:59:42,111.1,5436428
2021-06-18 10:59:46,111.1,5436850
2021-06-18 10:59:49,111.1,5442106
2021-06-18 10:59:53,111.05,5526408
2021-06-18 10:59:57,111.05,5551793
2021-06-18 11:00:01,111.05,5554429
2021-06-18 11:00:04,111.1,5561549
2021-06-18 11:00:08,111.2,5567055
2021-06-18 11:00:12,111.3,5569170
2021-06-18 11:00:19,111.35,5571721
2021-06-18 11:00:23,111.35,5572349
2021-06-18 11:00:26,111.45,5576786
2021-06-18 11:00:30,111.45,5580069
2021-06-18 11:00:34,111.5,5580562
2021-06-18 11:00:37,111.5,5580980
2021-06-18 11:00:41,111.45,5582405
2021-06-18 11:00:48,111.5,5595358
2021-06-18 11:00:52,111.5,5597193
2021-06-18 11:00:56,111.5,5603198
2021-06-18 11:00:59,111.5,5611233
2021-06-18 11:01:03,111.5,5621635
2021-06-18 11:01:06,111.65,5630324
2021-06-18 11:01:10,111.6,5631688
2021-06-18 11:01:13,111.6,5645600
2021-06-18 11:01:17,111.6,5656060
2021-06-18 11:01:21,111.55,5657842
2021-06-18 11:01:24,111.55,5657985
2021-06-18 11:01:28,111.6,5673028
2021-06-18 11:01:31,111.5,5680055
2021-06-18 11:01:35,111.55,5680701
2021-06-18 11:01:39,111.6,5681273
2021-06-18 11:01:42,111.6,5681500
2021-06-18 11:01:46,111.65,5698052
2021-06-18 11:01:50,111.7,5702464
2021-06-18 11:01:53,111.65,5705531
2021-06-18 11:01:57,111.7,5707139
2021-06-18 11:02:04,111.6,5713734
2021-06-18 11:02:07,111.7,5715996
2021-06-18 11:02:11,111.65,5717080
2021-06-18 11:02:18,111.65,5720240
2021-06-18 11:02:22,111.7,5721066
2021-06-18 11:02:29,111.7,5740221
2021-06-18 11:02:33,111.75,5740520
2021-06-18 11:02:36,111.7,5741808
2021-06-18 11:02:40,111.75,5742078
2021-06-18 11:02:44,111.75,5743550
2021-06-18 11:02:47,111.7,5744849
2021-06-18 11:02:51,111.75,5754885
2021-06-18 11:02:55,111.75,5756081
2021-06-18 11:02:58,111.75,5756355
2021-06-18 11:03:02,111.75,5760117
2021-06-18 11:03:05,111.7,5761717
2021-06-18 11:03:09,111.7,5762011
2021-06-18 11:03:13,111.65,5767138
2021-06-18 11:03:17,111.55,5767783
2021-06-18 11:03:20,111.55,5767915
2021-06-18 11:03:24,111.6,5768266
2021-06-18 11:03:27,111.4,5797384
2021-06-18 11:03:31,111.4,5800722
2021-06-18 11:03:35,111.45,5801610
2021-06-18 11:03:38,111.45,5802926
2021-06-18 11:03:42,111.45,5803141
2021-06-18 11:03:46,111.4,5805475
2021-06-18 11:03:49,111.4,5813252
2021-06-18 11:03:53,111.4,5813531
2021-06-18 11:03:56,111.3,5814928
2021-06-18 11:04:00,111.35,5816178
2021-06-18 11:04:03,111.35,5816391
2021-06-18 11:04:07,111.3,5818992
2021-06-18 11:04:10,111.2,5830154
2021-06-18 11:04:14,111.25,5830245
2021-06-18 11:04:17,111.25,5830804
2021-06-18 11:04:20,111.25,5841569
2021-06-18 11:04:24,111.25,5844574
2021-06-18 11:04:28,111.25,5848554
2021-06-18 11:04:31,111.2,5871127
2021-06-18 11:04:35,111.2,5871320
2021-06-18 11:04:38,111.15,5873706
2021-06-18 11:04:42,111.2,5873711
2021-06-18 11:04:45,111.15,5876280
2021-06-18 11:04:48,111.1,5876942
2021-06-18 11:04:52,111.15,5880979
2021-06-18 11:04:59,111.2,5894683
2021-06-18 11:05:03,111.15,5894684
2021-06-18 11:05:06,111.2,5894894
2021-06-18 11:05:10,111.15,5894953
2021-06-18 11:05:13,111.2,5896924
2021-06-18 11:05:17,111.2,5897675
2021-06-18 11:05:21,111.15,5899704
2021-06-18 11:05:24,111.1,5899787
2021-06-18 11:05:28,111.15,5904863
2021-06-18 11:05:31,111.2,5907296
2021-06-18 11:05:34,111.05,5934673
2021-06-18 11:05:38,111.15,5937897
2021-06-18 11:05:42,111.1,5949502
2021-06-18 11:05:45,111.15,5954221
2021-06-18 11:05:49,111.2,5970322
2021-06-18 11:05:52,111.2,5974133
2021-06-18 11:05:55,111.2,5974137
2021-06-18 11:06:03,111.15,5977931
2021-06-18 11:06:06,111.15,5978744
2021-06-18 11:06:10,111.15,5987971
2021-06-18 11:06:13,111.25,5991722
2021-06-18 11:06:17,111.2,5992796
2021-06-18 11:06:24,111.25,6001594
2021-06-18 11:06:27,111.25,6003294
2021-06-18 11:06:31,111.25,6005039
2021-06-18 11:06:34,111.3,6009242
2021-06-18 11:06:37,111.25,6011012
2021-06-18 11:06:41,111.4,6023964
2021-06-18 11:06:44,111.35,6027565
2021-06-18 11:06:51,111.4,6037252
2021-06-18 11:06:54,111.3,6039746
2021-06-18 11:06:58,111.35,6043101
2021-06-18 11:07:01,111.3,6047282
2021-06-18 11:07:04,111.35,6051254
2021-06-18 11:07:08,111.3,6057631
2021-06-18 11:07:12,111.35,6058537
2021-06-18 11:07:15,111.35,6061234
2021-06-18 11:07:18,111.3,6064884
2021-06-18 11:07:22,111.35,6070981
2021-06-18 11:07:26,111.3,6072416
2021-06-18 11:07:29,111.3,6074127
2021-06-18 11:07:32,111.25,6105042
2021-06-18 11:07:36,111.2,6105176
2021-06-18 11:07:39,111.2,6107882
2021-06-18 11:07:43,111.2,6114397
2021-06-18 11:07:46,111.2,6118264
2021-06-18 11:07:50,111.25,6128367
2021-06-18 11:07:51,111.25,6129940
2021-06-18 11:07:52,111.35,6129946
2021-06-18 11:07:53,111.3,6130058
2021-06-18 11:07:54,111.3,6131558
2021-06-18 11:07:55,111.25,6131933
2021-06-18 11:07:56,111.25,6131933
2021-06-18 11:07:57,111.25,6132534
2021-06-18 11:07:57,111.3,6132541
2021-06-18 11:07:58,111.25,6133301
2021-06-18 11:07:59,111.25,6133327
2021-06-18 11:08:00,111.25,6133327
2021-06-18 11:08:01,111.35,6133427
2021-06-18 11:08:02,111.25,6133621
2021-06-18 11:08:03,111.3,6134722
2021-06-18 11:08:04,111.25,6137332
2021-06-18 11:08:05,111.25,6137633
2021-06-18 11:08:06,111.3,6137784
2021-06-18 11:08:07,111.25,6138134
2021-06-18 11:08:08,111.25,6138234
2021-06-18 11:08:09,111.3,6140696
2021-06-18 11:08:10,111.3,6140696
2021-06-18 11:08:11,111.25,6140946
2021-06-18 11:08:12,111.3,6141046
2021-06-18 11:08:13,111.3,6141046
2021-06-18 11:08:14,111.25,6141546
2021-06-18 11:08:15,111.35,6143396
2021-06-18 11:08:16,111.3,6143646
2021-06-18 11:08:17,111.3,6144646
2021-06-18 11:08:18,111.3,6144671
2021-06-18 11:08:19,111.3,6144671
2021-06-18 11:08:20,111.3,6146480
2021-06-18 11:08:21,111.4,6147580
2021-06-18 11:08:22,111.3,6147620
2021-06-18 11:08:23,111.3,6148120
2021-06-18 11:08:24,111.3,6152115
2021-06-18 11:08:25,111.4,6153115
2021-06-18 11:08:26,111.3,6153315
2021-06-18 11:08:27,111.4,6155394
2021-06-18 11:08:28,111.4,6155444
2021-06-18 11:08:29,111.3,6155944
2021-06-18 11:08:30,111.3,6156049
2021-06-18 11:08:31,111.3,6156049
2021-06-18 11:08:32,111.3,6156049
2021-06-18 11:08:33,111.4,6158536
2021-06-18 11:08:34,111.4,6158536
2021-06-18 11:08:35,111.4,6158561
2021-06-18 11:08:36,111.4,6158561
2021-06-18 11:08:37,111.35,6158661
2021-06-18 11:08:38,111.35,6158661
2021-06-18 11:08:39,111.35,6159660
2021-06-18 11:08:40,111.4,6161671
2021-06-18 11:08:41,111.35,6162181
2021-06-18 11:08:42,111.35,6162181
2021-06-18 11:08:43,111.35,6162181
2021-06-18 11:08:44,111.45,6162191
2021-06-18 11:08:45,111.45,6162191
2021-06-18 11:08:46,111.4,6162196
2021-06-18 11:08:47,111.4,6162233
2021-06-18 11:08:48,111.4,6162835
2021-06-18 11:08:49,111.35,6163035
2021-06-18 11:08:50,111.4,6163385
2021-06-18 11:08:51,111.4,6163385
2021-06-18 11:08:52,111.4,6163472
2021-06-18 11:08:53,111.4,6163472
2021-06-18 11:08:54,111.4,6163752
2021-06-18 11:08:55,111.4,6163752
2021-06-18 11:08:56,111.4,6164252
2021-06-18 11:08:57,111.45,6164468
2021-06-18 11:08:58,111.4,6188612
2021-06-18 11:08:59,111.4,6189512
2021-06-18 11:09:00,111.3,6189612
2021-06-18 11:09:01,111.3,6189612
2021-06-18 11:09:02,111.35,6190031
2021-06-18 11:09:03,111.45,6193054
2021-06-18 11:09:04,111.35,6196054
2021-06-18 11:09:05,111.35,6196104
2021-06-18 11:09:06,111.4,6196129
2021-06-18 11:09:07,111.4,6197329
2021-06-18 11:09:09,111.35,6198035
2021-06-18 11:09:10,111.3,6198235
2021-06-18 11:09:11,111.3,6198285
2021-06-18 11:09:12,111.3,6199085
2021-06-18 11:09:14,111.4,6199235
2021-06-18 11:09:15,111.35,6199251
2021-06-18 11:09:16,111.35,6199251
2021-06-18 11:09:17,111.35,6199684
2021-06-18 11:09:18,111.4,6199700
2021-06-18 11:09:19,111.4,6200715
2021-06-18 11:09:20,111.3,6200871
2021-06-18 11:09:22,111.35,6200876
2021-06-18 11:09:23,111.3,6200996
2021-06-18 11:09:24,111.4,6201634
2021-06-18 11:09:25,111.3,6201994
2021-06-18 11:09:26,111.3,6202074
2021-06-18 11:09:27,111.3,6202306
2021-06-18 11:09:28,111.35,6202461
2021-06-18 11:09:29,111.3,6202681
2021-06-18 11:09:30,111.3,6202731
2021-06-18 11:09:31,111.3,6202919
2021-06-18 11:09:32,111.3,6205220
2021-06-18 11:09:33,111.35,6205221
2021-06-18 11:09:34,111.35,6205421
2021-06-18 11:09:35,111.35,6205421
2021-06-18 11:09:36,111.35,6205422
2021-06-18 11:09:37,111.3,6206166
2021-06-18 11:09:38,111.3,6207166
2021-06-18 11:09:39,111.4,6207207
2021-06-18 11:09:40,111.3,6207315
2021-06-18 11:09:41,111.3,6207315
2021-06-18 11:09:42,111.3,6207818
2021-06-18 11:09:43,111.3,6207818
2021-06-18 11:09:44,111.35,6207878
2021-06-18 11:09:45,111.35,6208207
2021-06-18 11:09:46,111.35,6208224
2021-06-18 11:09:48,111.3,6208275
2021-06-18 11:09:48,111.3,6208575
2021-06-18 11:09:49,111.35,6208765
2021-06-18 11:09:50,111.4,6208768
2021-06-18 11:09:52,111.35,6209901
2021-06-18 11:09:53,111.35,6210784
2021-06-18 11:09:54,111.4,6211340
2021-06-18 11:09:55,111.4,6211370
2021-06-18 11:09:57,111.3,6211372
2021-06-18 11:09:58,111.4,6211397
2021-06-18 11:10:00,111.4,6211897
2021-06-18 11:10:00,111.4,6211897
2021-06-18 11:10:01,111.35,6212317
2021-06-18 11:10:03,111.3,6218589
2021-06-18 11:10:04,111.3,6219089
2021-06-18 11:10:05,111.35,6219438
2021-06-18 11:10:06,111.3,6226242
2021-06-18 11:10:07,111.25,6230260
2021-06-18 11:10:08,111.3,6230685
2021-06-18 11:10:09,111.25,6232135
2021-06-18 11:10:10,111.25,6232135
2021-06-18 11:10:11,111.25,6232539
2021-06-18 11:10:12,111.35,6232614
2021-06-18 11:10:13,111.35,6232614
2021-06-18 11:10:15,111.35,6235164
2021-06-18 11:10:16,111.35,6235268
2021-06-18 11:10:17,111.3,6235418
2021-06-18 11:10:17,111.25,6235658
2021-06-18 11:10:19,111.3,6236858
2021-06-18 11:10:20,111.35,6236958
2021-06-18 11:10:20,111.35,6236958
2021-06-18 11:10:21,111.35,6236960
2021-06-18 11:10:22,111.35,6236960
2021-06-18 11:10:23,111.35,6237067
2021-06-18 11:10:24,111.35,6237268
2021-06-18 11:10:25,111.35,6237269
2021-06-18 11:10:26,111.3,6237594
2021-06-18 11:10:27,111.3,6237600
2021-06-18 11:10:28,111.3,6237601
2021-06-18 11:10:29,111.35,6238474
2021-06-18 11:10:30,111.35,6238653
2021-06-18 11:10:31,111.35,6239653
2021-06-18 11:10:32,111.35,6240154
2021-06-18 11:10:34,111.3,6240254
2021-06-18 11:10:35,111.3,6240254
2021-06-18 11:10:36,111.35,6240705
2021-06-18 11:10:37,111.35,6240805
2021-06-18 11:10:38,111.35,6240867
2021-06-18 11:10:39,111.35,6240967
2021-06-18 11:10:40,111.35,6240967
2021-06-18 11:10:41,111.35,6241969
2021-06-18 11:10:42,111.35,6241969
2021-06-18 11:10:43,111.35,6241969
2021-06-18 11:10:44,111.35,6252308
2021-06-18 11:10:45,111.4,6252315
2021-06-18 11:10:46,111.4,6252315
2021-06-18 11:10:46,111.4,6252509
2021-06-18 11:10:47,111.4,6252509
2021-06-18 11:10:49,111.35,6253520
2021-06-18 11:10:50,111.35,6253547
2021-06-18 11:10:51,111.4,6254047
2021-06-18 11:10:51,111.4,6254047
2021-06-18 11:10:52,111.4,6254066
2021-06-18 11:10:53,111.35,6255316
2021-06-18 11:10:54,111.35,6255466
2021-06-18 11:10:55,111.35,6256866
2021-06-18 11:10:56,111.35,6256866
2021-06-18 11:10:57,111.35,6256914
2021-06-18 11:10:58,111.4,6257314
2021-06-18 11:10:59,111.4,6257463
2021-06-18 11:11:00,111.35,6258737
2021-06-18 11:11:02,111.35,6258752
2021-06-18 11:11:02,111.35,6258905
2021-06-18 11:11:04,111.4,6261478
2021-06-18 11:11:05,111.35,6261479
2021-06-18 11:11:06,111.35,6261522
2021-06-18 11:11:07,111.35,6261672
2021-06-18 11:11:08,111.35,6261677
2021-06-18 11:11:10,111.35,6261682
2021-06-18 11:11:11,111.35,6261682
2021-06-18 11:11:11,111.35,6261727
2021-06-18 11:11:12,111.35,6261778
2021-06-18 11:11:13,111.35,6262469
2021-06-18 11:11:14,111.35,6263619
2021-06-18 11:11:15,111.35,6263920
2021-06-18 11:11:17,111.35,6264020
2021-06-18 11:11:20,111.35,6264426
2021-06-18 11:11:21,111.35,6269269
2021-06-18 11:11:23,111.4,6272747
2021-06-18 11:11:24,111.4,6272797
2021-06-18 11:11:25,111.45,6275854
2021-06-18 11:11:26,111.3,6292086
2021-06-18 11:11:27,111.25,6292187
2021-06-18 11:11:28,111.35,6292188
2021-06-18 11:11:29,111.35,6297208
2021-06-18 11:11:30,111.35,6297208
2021-06-18 11:11:31,111.3,6298308
2021-06-18 11:11:32,111.35,6298318
2021-06-18 11:11:34,111.3,6298478
2021-06-18 11:11:35,111.3,6298478
2021-06-18 11:11:36,111.4,6298486
2021-06-18 11:11:36,111.4,6298486
2021-06-18 11:11:37,111.3,6298887
2021-06-18 11:11:39,111.4,6298939
2021-06-18 11:11:39,111.4,6299039
2021-06-18 11:11:40,111.5,6316078
2021-06-18 11:11:41,111.5,6316080
2021-06-18 11:11:42,111.45,6316530
2021-06-18 11:11:43,111.45,6317340
2021-06-18 11:11:44,111.5,6317550
2021-06-18 11:11:45,111.5,6317550
2021-06-18 11:11:47,111.5,6318250
2021-06-18 11:11:48,111.5,6318250
2021-06-18 11:11:49,111.45,6318271
2021-06-18 11:11:50,111.45,6319302
2021-06-18 11:11:51,111.45,6319302
2021-06-18 11:11:52,111.5,6319482
2021-06-18 11:11:56,111.5,6326303
2021-06-18 11:11:57,111.55,6326319
2021-06-18 11:11:58,111.55,6326319
2021-06-18 11:11:59,111.5,6326326
2021-06-18 11:12:01,111.6,6328705
2021-06-18 11:12:02,111.6,6328706
2021-06-18 11:12:03,111.6,6328706
2021-06-18 11:12:04,111.6,6328706
2021-06-18 11:12:05,111.6,6328956
2021-06-18 11:12:06,111.6,6330106
2021-06-18 11:12:07,111.6,6330806
2021-06-18 11:12:08,111.65,6330921
2021-06-18 11:12:09,111.65,6336091
2021-06-18 11:12:10,111.65,6336532
2021-06-18 11:12:11,111.6,6337091
2021-06-18 11:12:12,111.65,6337165
2021-06-18 11:12:13,111.65,6337165
2021-06-18 11:12:14,111.65,6337165
2021-06-18 11:12:15,111.65,6337165
2021-06-18 11:12:17,111.65,6340272
2021-06-18 11:12:17,111.65,6340272
2021-06-18 11:12:18,111.65,6340272
2021-06-18 11:12:19,111.65,6340672
2021-06-18 11:12:20,111.65,6340673
2021-06-18 11:12:21,111.65,6341074
2021-06-18 11:12:23,111.65,6341425
2021-06-18 11:12:24,111.6,6341545
2021-06-18 11:12:25,111.65,6341605
2021-06-18 11:12:26,111.65,6346806
2021-06-18 11:12:27,111.65,6346846
2021-06-18 11:12:28,111.65,6346846
2021-06-18 11:12:29,111.65,6346846
2021-06-18 11:12:29,111.65,6346846
2021-06-18 11:12:30,111.65,6346846
2021-06-18 11:12:33,111.75,6347367
2021-06-18 11:12:34,111.75,6361115
2021-06-18 11:12:36,111.75,6361115
2021-06-18 11:12:37,111.75,6364615
2021-06-18 11:12:38,111.75,6365315
2021-06-18 11:12:39,111.75,6366735
2021-06-18 11:12:40,111.75,6366785
2021-06-18 11:12:41,111.8,6366802
2021-06-18 11:12:42,111.8,6366864
2021-06-18 11:12:43,111.75,6368664
2021-06-18 11:12:43,111.8,6368767
2021-06-18 11:12:45,111.8,6368768
2021-06-18 11:12:46,111.8,6368778
2021-06-18 11:12:47,111.75,6369278
2021-06-18 11:12:48,111.8,6369473
2021-06-18 11:12:49,111.75,6369723
2021-06-18 11:12:51,111.85,6370837
2021-06-18 11:12:55,111.8,6371338
2021-06-18 11:12:59,111.85,6371356
2021-06-18 11:13:02,111.8,6372011
2021-06-18 11:13:05,111.85,6378926
2021-06-18 11:13:08,111.9,6384108
2021-06-18 11:13:11,111.85,6388212
2021-06-18 11:13:15,111.95,6391981
2021-06-18 11:13:18,111.9,6396178
2021-06-18 11:13:22,111.9,6396403
2021-06-18 11:13:26,111.9,6398068
2021-06-18 11:13:29,111.9,6400505
2021-06-18 11:13:32,111.9,6401314
2021-06-18 11:13:36,111.9,6402005
2021-06-18 11:13:39,111.9,6402282
2021-06-18 11:13:43,111.9,6403371
2021-06-18 11:13:46,111.9,6405856
2021-06-18 11:13:49,111.95,6409220
2021-06-18 11:13:52,111.9,6409976
2021-06-18 11:13:55,111.9,6410037
2021-06-18 11:13:58,111.85,6411714
2021-06-18 11:14:01,111.85,6416591
2021-06-18 11:14:05,111.85,6418994
2021-06-18 11:14:08,111.9,6420119
2021-06-18 11:14:11,111.85,6421307
2021-06-18 11:14:14,111.85,6421353
2021-06-18 11:14:18,111.85,6422500
2021-06-18 11:14:21,111.85,6425788
2021-06-18 11:14:24,111.9,6428496
2021-06-18 11:14:27,111.9,6428522
2021-06-18 11:14:30,111.95,6428552
2021-06-18 11:14:33,111.9,6429460
2021-06-18 11:14:36,111.9,6485374
2021-06-18 11:14:40,111.8,6485640
2021-06-18 11:14:43,111.9,6487040
2021-06-18 11:14:46,111.95,6487414
2021-06-18 11:14:49,111.9,6487572
2021-06-18 11:14:53,111.9,6488405
2021-06-18 11:14:56,111.9,6488731
2021-06-18 11:15:00,111.95,6488881
2021-06-18 11:15:03,111.9,6490073
2021-06-18 11:15:07,111.85,6493120
2021-06-18 11:15:10,111.8,6496348
2021-06-18 11:15:14,111.8,6500241
2021-06-18 11:15:17,111.75,6500517
2021-06-18 11:15:20,111.8,6504113
2021-06-18 11:15:23,111.75,6504514
2021-06-18 11:15:27,111.95,6519219
2021-06-18 11:15:30,111.95,6519230
2021-06-18 11:15:33,111.85,6519407
2021-06-18 11:15:37,111.85,6520063
2021-06-18 11:15:40,111.95,6520355
2021-06-18 11:15:43,112.0,6544905
2021-06-18 11:15:47,111.95,6545283
2021-06-18 11:15:50,112.0,6545419
2021-06-18 11:15:54,112.0,6548469
2021-06-18 11:15:57,112.0,6552038
2021-06-18 11:16:00,112.0,6557984
2021-06-18 11:16:04,111.95,6565836
2021-06-18 11:16:07,111.85,6567533
2021-06-18 11:16:10,111.95,6568175
2021-06-18 11:16:13,111.95,6568176
2021-06-18 11:16:17,111.95,6568733
2021-06-18 11:16:20,111.95,6571020
2021-06-18 11:16:24,111.95,6576043
2021-06-18 11:16:27,111.85,6577258
2021-06-18 11:16:31,111.85,6577529
2021-06-18 11:16:34,111.9,6577761
2021-06-18 11:16:37,111.9,6578485
2021-06-18 11:16:40,111.9,6578695
2021-06-18 11:16:43,111.9,6579095
2021-06-18 11:16:46,111.9,6580068
2021-06-18 11:16:50,111.85,6581572
2021-06-18 11:16:53,111.8,6593044
2021-06-18 11:16:56,111.75,6593534
2021-06-18 11:17:00,111.75,6593650
2021-06-18 11:17:03,111.85,6593785
2021-06-18 11:17:06,111.8,6593964
2021-06-18 11:17:10,111.85,6594326
2021-06-18 11:17:13,111.85,6595641
2021-06-18 11:17:16,111.8,6595699
2021-06-18 11:17:19,111.85,6596176
2021-06-18 11:17:22,111.8,6596213
2021-06-18 11:17:28,111.8,6600048
2021-06-18 11:17:32,111.8,6600274
2021-06-18 11:17:35,111.75,6600430
2021-06-18 11:17:38,111.75,6601570
2021-06-18 11:17:41,111.75,6601593
2021-06-18 11:17:44,111.8,6605055
2021-06-18 11:17:48,111.85,6617115
2021-06-18 11:17:51,111.8,6617215
2021-06-18 11:17:54,111.8,6618493
2021-06-18 11:17:57,111.85,6618501
2021-06-18 11:18:01,111.8,6618772
2021-06-18 11:18:04,111.8,6622783
2021-06-18 11:18:07,111.8,6622793
2021-06-18 11:18:10,111.8,6622906
2021-06-18 11:18:13,111.8,6625106
2021-06-18 11:18:16,111.8,6627566
2021-06-18 11:18:19,111.8,6627607
2021-06-18 11:18:22,111.75,6630791
2021-06-18 11:18:25,111.75,6630791
2021-06-18 11:18:32,111.85,6633012
2021-06-18 11:18:36,111.75,6634327
2021-06-18 11:18:42,111.85,6634677
2021-06-18 11:18:48,111.85,6635081
2021-06-18 11:18:51,111.85,6636715
2021-06-18 11:18:54,111.75,6636960
2021-06-18 11:18:57,111.85,6636984
2021-06-18 11:19:00,111.85,6637145
2021-06-18 11:19:03,111.8,6637151
2021-06-18 11:19:07,111.85,6637601
2021-06-18 11:19:10,111.85,6637704
2021-06-18 11:19:13,111.85,6638402
2021-06-18 11:19:16,111.75,6645487
2021-06-18 11:19:18,111.85,6645956
2021-06-18 11:19:21,111.9,6652062
2021-06-18 11:19:24,111.9,6652062
2021-06-18 11:19:27,112.0,6659189
2021-06-18 11:19:30,112.0,6663029
2021-06-18 11:19:33,112.0,6670674
2021-06-18 11:19:36,112.1,6672974
2021-06-18 11:19:40,112.05,6673091
2021-06-18 11:19:43,112.0,6675993
2021-06-18 11:19:46,111.95,6676239
2021-06-18 11:19:49,111.95,6679585
2021-06-18 11:19:52,111.9,6681039
2021-06-18 11:19:56,111.9,6681450
2021-06-18 11:19:59,111.85,6682746
2021-06-18 11:20:02,111.85,6690261
2021-06-18 11:20:05,111.85,6690616
2021-06-18 11:20:08,111.9,6692955
2021-06-18 11:20:12,111.9,6693015
2021-06-18 11:20:15,111.9,6693515
2021-06-18 11:20:18,111.95,6693954
2021-06-18 11:20:21,112.0,6696567
2021-06-18 11:20:24,111.95,6696906
2021-06-18 11:20:27,112.0,6697352
2021-06-18 11:20:30,112.0,6697665
2021-06-18 11:20:33,112.0,6697667
2021-06-18 11:20:36,112.0,6697667
2021-06-18 11:20:39,112.0,6697726
2021-06-18 11:20:42,111.95,6701609
2021-06-18 11:20:46,111.95,6704760
2021-06-18 11:20:49,111.8,6707623
2021-06-18 11:20:52,111.75,6714369
2021-06-18 11:20:55,111.8,6717490
2021-06-18 11:20:58,111.8,6717541
2021-06-18 11:21:01,111.75,6718647
2021-06-18 11:21:04,111.9,6718812
2021-06-18 11:21:07,111.9,6719468
2021-06-18 11:21:10,111.9,6719639
2021-06-18 11:21:13,111.9,6721521
2021-06-18 11:21:16,111.9,6721739
2021-06-18 11:21:19,111.9,6722332
2021-06-18 11:21:22,111.8,6727583
2021-06-18 11:21:25,111.85,6732583
2021-06-18 11:21:28,111.75,6732747
2021-06-18 11:21:32,111.75,6732803
2021-06-18 11:21:37,111.8,6733753
2021-06-18 11:21:43,111.9,6734759
2021-06-18 11:21:46,111.85,6734960
2021-06-18 11:21:49,111.8,6740780
2021-06-18 11:21:53,111.75,6743957
2021-06-18 11:21:56,111.75,6743957
2021-06-18 11:21:59,111.8,6746965
2021-06-18 11:22:02,111.85,6747395
2021-06-18 11:22:05,111.75,6748278
2021-06-18 11:22:08,111.75,6748279
2021-06-18 11:22:11,111.75,6748982
2021-06-18 11:22:15,111.75,6750026
2021-06-18 11:22:18,111.85,6750463
2021-06-18 11:22:22,111.85,6751252
2021-06-18 11:22:25,111.85,6753259
2021-06-18 11:22:28,111.8,6754492
2021-06-18 11:22:31,111.85,6754493
2021-06-18 11:22:34,111.8,6755054
2021-06-18 11:22:38,111.85,6755160
2021-06-18 11:22:41,111.9,6757155
2021-06-18 11:22:44,111.9,6764589
2021-06-18 11:22:47,111.95,6765014
2021-06-18 11:22:50,111.95,6765162
2021-06-18 11:22:53,111.9,6765782
2021-06-18 11:22:56,111.95,6766948
2021-06-18 11:22:59,112.0,6766949
2021-06-18 11:23:02,111.95,6798146
2021-06-18 11:23:05,112.0,6798829
2021-06-18 11:23:08,111.95,6798972
2021-06-18 11:23:11,111.95,6799991
2021-06-18 11:23:14,112.0,6800995
2021-06-18 11:23:17,112.0,6802809
2021-06-18 11:23:20,112.05,6803909
2021-06-18 11:23:22,112.05,6804028
2021-06-18 11:23:25,112.05,6805180
2021-06-18 11:23:28,112.0,6805430
2021-06-18 11:23:31,112.05,6806380
2021-06-18 11:23:34,112.05,6806880
2021-06-18 11:23:37,112.1,6810808
2021-06-18 11:23:40,112.05,6812308
2021-06-18 11:23:43,112.1,6812414
2021-06-18 11:23:46,112.05,6812934
2021-06-18 11:23:49,112.0,6826476
2021-06-18 11:23:52,112.05,6827009
2021-06-18 11:23:55,112.0,6831643
2021-06-18 11:23:58,112.0,6831844
2021-06-18 11:24:01,112.0,6832351
2021-06-18 11:24:04,112.0,6834370
2021-06-18 11:24:07,112.0,6834429
2021-06-18 11:24:09,112.0,6834945
2021-06-18 11:24:12,111.95,6835420
2021-06-18 11:24:15,111.9,6835927
2021-06-18 11:24:18,112.0,6835977
2021-06-18 11:24:21,112.0,6836315
2021-06-18 11:24:24,112.0,6837617
2021-06-18 11:24:27,111.9,6837868
2021-06-18 11:24:30,111.95,6841835
2021-06-18 11:24:33,111.95,6841888
2021-06-18 11:24:36,112.15,6866763
2021-06-18 11:24:39,112.1,6866764
2021-06-18 11:24:42,112.1,6867820
2021-06-18 11:24:45,112.1,6867947
2021-06-18 11:24:48,112.1,6868153
2021-06-18 11:24:51,112.1,6871494
2021-06-18 11:24:54,112.1,6873892
2021-06-18 11:24:57,112.1,6874893
2021-06-18 11:25:00,112.1,6875307
2021-06-18 11:25:03,112.15,6875674
2021-06-18 11:25:06,112.15,6876129
2021-06-18 11:25:09,112.1,6876172
2021-06-18 11:25:12,112.15,6879235
2021-06-18 11:25:14,112.15,6879344
2021-06-18 11:25:17,112.1,6879848
2021-06-18 11:25:20,112.15,6881094
2021-06-18 11:25:23,112.1,6881201
2021-06-18 11:25:25,112.15,6881319
2021-06-18 11:25:28,112.15,6882520
2021-06-18 11:25:31,112.15,6883704
2021-06-18 11:25:34,112.05,6884353
2021-06-18 11:25:37,112.1,6884354
2021-06-18 11:25:41,112.05,6884362
2021-06-18 11:25:44,112.1,6884373
2021-06-18 11:25:47,112.1,6884438
2021-06-18 11:25:50,112.05,6886939
2021-06-18 11:25:53,112.05,6887039
2021-06-18 11:25:56,112.1,6887139
2021-06-18 11:25:59,112.05,6887960
2021-06-18 11:26:02,112.1,6888095
2021-06-18 11:26:05,112.1,6888153
2021-06-18 11:26:09,112.1,6896549
2021-06-18 11:26:12,112.2,6904951
2021-06-18 11:26:15,112.2,6913929
2021-06-18 11:26:18,112.25,6914544
2021-06-18 11:26:21,112.25,6928636
2021-06-18 11:26:24,112.2,6929645
2021-06-18 11:26:27,112.2,6931183
2021-06-18 11:26:31,112.2,6931369
2021-06-18 11:26:34,112.15,6934793
2021-06-18 11:26:37,112.2,6937793
2021-06-18 11:26:40,112.1,6938094
2021-06-18 11:26:43,112.1,6938771
2021-06-18 11:26:47,112.2,6938911
2021-06-18 11:26:50,112.2,6939283
2021-06-18 11:26:53,112.15,6939589
2021-06-18 11:26:55,112.2,6939592
2021-06-18 11:26:58,112.2,6939693
2021-06-18 11:27:01,112.2,6939745
2021-06-18 11:27:04,112.15,6940329
2021-06-18 11:27:07,112.2,6940646
2021-06-18 11:27:10,112.15,6941196
2021-06-18 11:27:13,112.2,6941696
2021-06-18 11:27:16,112.2,6943549
2021-06-18 11:27:19,112.15,6943752
2021-06-18 11:27:21,112.2,6943792
2021-06-18 11:27:24,112.15,6943899
2021-06-18 11:27:26,112.2,6944166
2021-06-18 11:27:29,112.2,6944332
2021-06-18 11:27:32,112.2,6944332
2021-06-18 11:27:35,112.2,6945338
2021-06-18 11:27:38,112.2,6945978
2021-06-18 11:27:41,112.2,6945984
2021-06-18 11:27:44,112.2,6946599
2021-06-18 11:27:47,112.15,6954626
2021-06-18 11:27:51,112.15,6959809
2021-06-18 11:27:53,112.15,6959809
2021-06-18 11:27:56,112.1,6959959
2021-06-18 11:27:59,112.1,6960041
2021-06-18 11:28:02,112.15,6960750
2021-06-18 11:28:06,112.1,6960853
2021-06-18 11:28:09,112.05,6973718
2021-06-18 11:28:11,112.1,6977413
2021-06-18 11:28:14,112.1,6977960
2021-06-18 11:28:18,112.15,6977961
2021-06-18 11:28:20,112.1,6979010
2021-06-18 11:28:23,112.15,6980113
2021-06-18 11:28:26,112.1,6980163
2021-06-18 11:28:29,112.15,6980948
2021-06-18 11:28:32,112.05,6982243
2021-06-18 11:28:34,112.05,6982308
2021-06-18 11:28:37,112.1,6982313
2021-06-18 11:28:39,112.05,6982799
2021-06-18 11:28:42,112.1,6982805
2021-06-18 11:28:45,112.1,6982818
2021-06-18 11:28:48,112.1,6982873
2021-06-18 11:28:50,112.1,6983138
2021-06-18 11:28:53,112.05,6983560
2021-06-18 11:28:56,112.0,6984317
2021-06-18 11:28:59,112.1,6984370
2021-06-18 11:29:02,112.1,6986549
2021-06-18 11:29:05,112.05,6986550
2021-06-18 11:29:08,112.1,6986804
2021-06-18 11:29:11,112.1,6987250
2021-06-18 11:29:14,112.1,6987450
2021-06-18 11:29:17,112.1,6991791
2021-06-18 11:29:20,112.2,6997049
2021-06-18 11:29:23,112.2,6997090
2021-06-18 11:29:27,112.2,6997486
2021-06-18 11:29:30,112.15,6997736
2021-06-18 11:29:34,112.15,7002806
2021-06-18 11:29:37,112.2,7002840
2021-06-18 11:29:40,112.15,7002851
2021-06-18 11:29:43,112.2,7002872
2021-06-18 11:29:47,112.15,7002926
2021-06-18 11:29:50,112.2,7002936
2021-06-18 11:29:53,112.15,7003281
2021-06-18 11:29:56,112.2,7003541
2021-06-18 11:29:59,112.2,7004118
2021-06-18 11:30:03,112.15,7004290
2021-06-18 11:30:08,112.2,7004661
2021-06-18 11:30:11,112.2,7008600
2021-06-18 11:30:14,112.2,7011515
2021-06-18 11:30:17,112.2,7011715
2021-06-18 11:30:20,112.2,7011715
2021-06-18 11:30:23,112.15,7015723
2021-06-18 11:30:26,112.2,7015991
2021-06-18 11:30:29,112.2,7016296
2021-06-18 11:30:32,112.15,7018353
2021-06-18 11:30:35,112.2,7018561
2021-06-18 11:30:38,112.2,7018587
2021-06-18 11:30:42,112.2,7019642
2021-06-18 11:30:45,112.15,7020093
2021-06-18 11:30:51,112.15,7020567
2021-06-18 11:30:54,112.2,7020621
2021-06-18 11:30:57,112.1,7038353
2021-06-18 11:31:00,112.15,7038364
2021-06-18 11:31:04,112.1,7041520
2021-06-18 11:31:07,112.05,7046856
2021-06-18 11:31:10,112.05,7046974
2021-06-18 11:31:13,112.05,7046975
2021-06-18 11:31:16,112.05,7047275
2021-06-18 11:31:20,112.05,7047306
2021-06-18 11:31:23,112.05,7047316
2021-06-18 11:31:26,112.05,7047367
2021-06-18 11:31:29,112.0,7047566
2021-06-18 11:31:32,112.1,7048096
2021-06-18 11:31:35,112.1,7048238
2021-06-18 11:31:39,112.1,7048239
2021-06-18 11:31:42,112.1,7048246
2021-06-18 11:31:45,112.1,7048286
2021-06-18 11:31:48,112.1,7048486
2021-06-18 11:31:51,112.05,7048487
2021-06-18 11:31:54,112.1,7049710
2021-06-18 11:31:57,112.1,7050818
2021-06-18 11:32:00,112.05,7050918
2021-06-18 11:32:04,111.95,7070107
2021-06-18 11:32:07,111.95,7073519
2021-06-18 11:32:10,111.9,7074687
2021-06-18 11:32:13,111.85,7076691
2021-06-18 11:32:16,111.9,7078039
2021-06-18 11:32:19,111.9,7079795
2021-06-18 11:32:22,111.85,7079956
2021-06-18 11:32:25,111.85,7079957
2021-06-18 11:32:28,111.85,7080287
2021-06-18 11:32:32,111.85,7087982
2021-06-18 11:32:35,111.85,7087992
2021-06-18 11:32:38,111.85,7088058
2021-06-18 11:32:41,111.85,7088179
2021-06-18 11:32:45,111.85,7090391
2021-06-18 11:32:48,111.8,7094302
2021-06-18 11:32:51,111.8,7097569
2021-06-18 11:32:55,111.85,7101641
2021-06-18 11:32:58,111.85,7102521
2021-06-18 11:33:01,111.95,7102912
2021-06-18 11:33:04,112.0,7102925
2021-06-18 11:33:08,112.0,7103953
2021-06-18 11:33:11,111.95,7104226
2021-06-18 11:33:15,111.95,7105901
2021-06-18 11:33:18,112.05,7106881
2021-06-18 11:33:21,112.0,7107001
2021-06-18 11:33:24,112.0,7107744
2021-06-18 11:33:27,111.95,7107945
2021-06-18 11:33:31,111.95,7108000
2021-06-18 11:33:34,112.0,7108012
2021-06-18 11:33:37,111.9,7108139
2021-06-18 11:33:40,112.05,7111276
2021-06-18 11:33:43,112.1,7112783
2021-06-18 11:33:46,112.0,7113792
2021-06-18 11:33:49,112.1,7113859
2021-06-18 11:33:51,112.0,7113895
2021-06-18 11:33:54,112.1,7114068
2021-06-18 11:33:57,112.0,7114128
2021-06-18 11:34:00,112.1,7114478
2021-06-18 11:34:02,112.0,7114495
2021-06-18 11:34:05,112.0,7114545
2021-06-18 11:34:08,112.1,7114785
2021-06-18 11:34:11,112.1,7115595
2021-06-18 11:34:14,112.05,7116097
2021-06-18 11:34:17,112.1,7116107
2021-06-18 11:34:20,112.1,7116108
2021-06-18 11:34:23,112.1,7116131
2021-06-18 11:34:25,112.0,7116526
2021-06-18 11:34:28,112.0,7116574
2021-06-18 11:34:30,112.0,7116624
2021-06-18 11:34:33,112.05,7116630
2021-06-18 11:34:35,112.05,7116930
2021-06-18 11:34:38,112.0,7116931
2021-06-18 11:34:40,112.0,7116986
2021-06-18 11:34:43,112.1,7118308
2021-06-18 11:34:45,112.0,7118993
2021-06-18 11:34:49,112.05,7119093
2021-06-18 11:34:51,112.0,7119114
2021-06-18 11:34:54,112.0,7119667
2021-06-18 11:34:57,112.05,7119757
2021-06-18 11:34:59,112.0,7122335
2021-06-18 11:35:02,112.0,7123998
2021-06-18 11:35:05,112.0,7123998
2021-06-18 11:35:08,112.0,7125237
2021-06-18 11:35:12,112.0,7125253
2021-06-18 11:35:15,111.95,7125661
2021-06-18 11:35:18,112.0,7125672
2021-06-18 11:35:21,112.0,7125888
2021-06-18 11:35:23,111.95,7126218
2021-06-18 11:35:26,111.95,7126293
2021-06-18 11:35:28,112.05,7128580
2021-06-18 11:35:31,112.0,7128581
2021-06-18 11:35:33,112.0,7128901
2021-06-18 11:35:35,112.0,7128938
2021-06-18 11:35:38,112.05,7129414
2021-06-18 11:35:41,112.0,7129615
2021-06-18 11:35:43,112.05,7129624
2021-06-18 11:35:46,112.0,7131194
2021-06-18 11:35:48,112.05,7131198
2021-06-18 11:35:50,112.05,7131198
2021-06-18 11:35:53,112.05,7131423
2021-06-18 11:35:56,112.05,7131523
2021-06-18 11:35:58,112.0,7131573
2021-06-18 11:36:01,112.05,7131674
2021-06-18 11:36:04,112.0,7145605
2021-06-18 11:36:07,112.0,7147549
2021-06-18 11:36:10,111.95,7151978
2021-06-18 11:36:13,111.95,7151978
2021-06-18 11:36:16,112.0,7152772
2021-06-18 11:36:20,112.0,7152826
2021-06-18 11:36:23,112.0,7152965
2021-06-18 11:36:26,111.95,7153061
2021-06-18 11:36:29,112.0,7153433
2021-06-18 11:36:32,112.0,7155053
2021-06-18 11:36:34,111.9,7157573
2021-06-18 11:36:37,111.9,7157854
2021-06-18 11:36:40,111.95,7158295
2021-06-18 11:36:43,112.0,7158321
2021-06-18 11:36:46,112.0,7158334
2021-06-18 11:36:52,112.0,7158492
2021-06-18 11:36:55,112.0,7158625
2021-06-18 11:36:58,112.0,7158716
2021-06-18 11:37:01,111.95,7160062
2021-06-18 11:37:03,112.05,7162989
2021-06-18 11:37:06,112.05,7163305
2021-06-18 11:37:09,112.0,7163308
2021-06-18 11:37:12,111.95,7163342
2021-06-18 11:37:14,112.0,7163347
2021-06-18 11:37:19,111.95,7163706
2021-06-18 11:37:22,112.0,7163718
2021-06-18 11:37:25,112.0,7163718
2021-06-18 11:37:27,112.0,7163748
2021-06-18 11:37:30,112.0,7163951
2021-06-18 11:37:32,111.95,7164161
2021-06-18 11:37:35,112.0,7164508
2021-06-18 11:37:38,112.0,7164508
2021-06-18 11:37:40,112.0,7171160
2021-06-18 11:37:43,112.05,7171184
2021-06-18 11:37:46,112.05,7171334
2021-06-18 11:37:48,111.95,7172064
2021-06-18 11:37:51,112.0,7172075
2021-06-18 11:37:54,112.0,7172075
2021-06-18 11:37:56,112.0,7173841
2021-06-18 11:37:59,112.05,7173914
2021-06-18 11:38:02,112.05,7173941
2021-06-18 11:38:05,112.05,7175942
2021-06-18 11:38:08,112.0,7178580
2021-06-18 11:38:11,112.05,7181101
2021-06-18 11:38:14,112.05,7181111
2021-06-18 11:38:16,112.05,7181321
2021-06-18 11:38:19,112.0,7181351
2021-06-18 11:38:21,112.05,7181356
2021-06-18 11:38:24,112.05,7182581
2021-06-18 11:38:26,112.0,7183207
2021-06-18 11:38:29,112.0,7183217
2021-06-18 11:38:31,111.95,7183231
2021-06-18 11:38:34,111.95,7183417
2021-06-18 11:38:36,112.05,7184417
2021-06-18 11:38:39,112.0,7184503
2021-06-18 11:38:41,112.05,7187099
2021-06-18 11:38:44,112.0,7187105
2021-06-18 11:38:46,112.0,7187198
2021-06-18 11:38:49,111.95,7189702
2021-06-18 11:38:51,111.95,7189702
2021-06-18 11:38:54,112.0,7190062
2021-06-18 11:38:57,112.0,7190064
2021-06-18 11:38:59,112.0,7190365
2021-06-18 11:39:02,112.0,7190470
2021-06-18 11:39:04,112.0,7195878
2021-06-18 11:39:06,111.9,7195899
2021-06-18 11:39:09,112.0,7196033
2021-06-18 11:39:10,111.95,7196109
2021-06-18 11:39:13,111.95,7196411
2021-06-18 11:39:15,111.9,7196447
2021-06-18 11:39:17,111.95,7196538
2021-06-18 11:39:20,111.95,7196538
2021-06-18 11:39:22,111.95,7196563
2021-06-18 11:39:24,111.8,7228091
2021-06-18 11:39:26,111.8,7228391
2021-06-18 11:39:29,111.85,7228901
2021-06-18 11:39:32,111.9,7229939
2021-06-18 11:39:35,111.85,7229956
