timestamp,ltp,volume
2021-06-18 09:16:32,205.8,334600
2021-06-18 09:16:33,205.75,336545
2021-06-18 09:16:34,205.85,342876
2021-06-18 09:16:35,205.8,344866
2021-06-18 09:16:36,205.9,345147
2021-06-18 09:16:37,205.8,347220
2021-06-18 09:16:38,205.8,348070
2021-06-18 09:16:39,205.75,349851
2021-06-18 09:16:40,205.9,352086
2021-06-18 09:16:41,205.8,352299
2021-06-18 09:16:42,205.85,355223
2021-06-18 09:16:43,205.9,355663
2021-06-18 09:16:44,205.9,358142
2021-06-18 09:16:45,205.85,358419
2021-06-18 09:16:46,205.8,359421
2021-06-18 09:16:47,205.9,360144
2021-06-18 09:16:48,205.9,361751
2021-06-18 09:16:49,205.85,363154
2021-06-18 09:16:50,205.9,364424
2021-06-18 09:16:51,205.95,383695
2021-06-18 09:16:52,205.95,383713
2021-06-18 09:16:53,205.95,384260
2021-06-18 09:16:54,205.95,387367
2021-06-18 09:16:55,205.95,387542
2021-06-18 09:16:56,205.95,387602
2021-06-18 09:16:57,205.9,388024
2021-06-18 09:16:58,205.8,414465
2021-06-18 09:16:59,205.75,416963
2021-06-18 09:17:00,205.8,418917
2021-06-18 09:17:01,205.8,421967
2021-06-18 09:17:02,205.75,424956
2021-06-18 09:17:03,205.8,431913
2021-06-18 09:17:04,205.8,433320
2021-06-18 09:17:05,205.8,435657
2021-06-18 09:17:06,205.8,435757
2021-06-18 09:17:07,205.8,437561
2021-06-18 09:17:08,205.8,437734
2021-06-18 09:17:09,205.8,456146
2021-06-18 09:17:10,205.8,456572
2021-06-18 09:17:11,205.8,457224
2021-06-18 09:17:12,205.8,457224
2021-06-18 09:17:13,205.9,457647
2021-06-18 09:17:14,205.95,460529
2021-06-18 09:17:15,205.95,460789
2021-06-18 09:17:16,205.85,461003
2021-06-18 09:17:17,205.95,461340
2021-06-18 09:17:18,205.95,461720
2021-06-18 09:17:19,205.95,461882
2021-06-18 09:17:20,205.9,463129
2021-06-18 09:17:21,205.7,497678
2021-06-18 09:17:22,205.8,504190
2021-06-18 09:17:23,205.8,507590
2021-06-18 09:17:24,205.8,510893
2021-06-18 09:17:25,205.8,511648
2021-06-18 09:17:26,205.8,513009
2021-06-18 09:17:27,205.8,537163
2021-06-18 09:17:28,205.65,544068
2021-06-18 09:17:29,205.75,545624
2021-06-18 09:17:30,205.7,547100
2021-06-18 09:17:31,205.75,547834
2021-06-18 09:17:32,205.6,554320
2021-06-18 09:17:33,205.6,556678
2021-06-18 09:17:33,205.7,556893
2021-06-18 09:17:35,205.65,564717
2021-06-18 09:17:36,205.75,567003
2021-06-18 09:17:37,205.7,568475
2021-06-18 09:17:38,205.75,573678
2021-06-18 09:17:39,205.7,573691
2021-06-18 09:17:40,205.75,575201
2021-06-18 09:17:41,205.75,575529
2021-06-18 09:17:42,205.7,575659
2021-06-18 09:17:43,205.75,576067
2021-06-18 09:17:44,205.7,578206
2021-06-18 09:17:44,205.7,579192
2021-06-18 09:17:45,205.7,579277
2021-06-18 09:17:46,205.7,581755
2021-06-18 09:17:47,205.7,582921
2021-06-18 09:17:49,205.75,586972
2021-06-18 09:17:50,205.7,587209
2021-06-18 09:17:51,205.7,600552
2021-06-18 09:17:52,205.7,600705
2021-06-18 09:17:54,205.55,609549
2021-06-18 09:17:55,205.6,610674
2021-06-18 09:17:56,205.65,612093
2021-06-18 09:17:58,205.65,615849
2021-06-18 09:17:59,205.65,624408
2021-06-18 09:18:03,205.7,630436
2021-06-18 09:18:04,205.65,630624
2021-06-18 09:18:05,205.7,632278
2021-06-18 09:18:06,205.6,633686
2021-06-18 09:18:07,205.6,636298
2021-06-18 09:18:08,205.6,637749
2021-06-18 09:18:09,205.6,645001
2021-06-18 09:18:10,205.55,651248
2021-06-18 09:18:11,205.55,652364
2021-06-18 09:18:12,205.6,653334
2021-06-18 09:18:13,205.6,653834
2021-06-18 09:18:14,205.6,654854
2021-06-18 09:18:15,205.6,665675
2021-06-18 09:18:16,205.6,666624
2021-06-18 09:18:17,205.6,667126
2021-06-18 09:18:19,205.6,670691
2021-06-18 09:18:18,205.55,669587
2021-06-18 09:18:20,205.6,671286
2021-06-18 09:18:21,205.6,676879
2021-06-18 09:18:22,205.6,676879
2021-06-18 09:18:23,205.55,677368
2021-06-18 09:18:24,205.6,677620
2021-06-18 09:18:25,205.6,693980
2021-06-18 09:18:26,205.6,694533
2021-06-18 09:18:27,205.6,695908
2021-06-18 09:18:28,205.65,700922
2021-06-18 09:18:29,205.7,701100
2021-06-18 09:18:30,205.65,702706
2021-06-18 09:18:31,205.65,703746
2021-06-18 09:18:32,205.65,705936
2021-06-18 09:18:33,205.65,707112
2021-06-18 09:18:34,205.6,708576
2021-06-18 09:18:35,205.65,708621
2021-06-18 09:18:36,205.65,710892
2021-06-18 09:18:37,205.6,711951
2021-06-18 09:18:38,205.55,713511
2021-06-18 09:18:39,205.6,719886
2021-06-18 09:18:40,205.7,722165
2021-06-18 09:18:41,205.7,723176
2021-06-18 09:18:42,205.7,723216
2021-06-18 09:18:43,205.65,723236
2021-06-18 09:18:44,205.65,723913
2021-06-18 09:18:45,205.65,724033
2021-06-18 09:18:46,205.7,724050
2021-06-18 09:18:47,205.7,724128
2021-06-18 09:18:48,205.7,725039
2021-06-18 09:18:49,205.65,725424
2021-06-18 09:18:50,205.7,726362
2021-06-18 09:18:52,205.7,727089
2021-06-18 09:18:53,205.75,729748
2021-06-18 09:18:55,205.75,730832
2021-06-18 09:18:56,205.7,731181
2021-06-18 09:18:57,205.7,731957
2021-06-18 09:18:58,205.75,732088
2021-06-18 09:18:59,205.75,734701
2021-06-18 09:19:00,205.75,735101
2021-06-18 09:19:01,205.75,735124
2021-06-18 09:19:02,205.65,736998
2021-06-18 09:19:03,205.75,737452
2021-06-18 09:19:04,205.75,740489
2021-06-18 09:19:05,205.8,741188
2021-06-18 09:19:06,205.8,742204
2021-06-18 09:19:07,205.8,744809
2021-06-18 09:19:08,205.7,745460
2021-06-18 09:19:09,205.75,745833
2021-06-18 09:19:10,205.8,749020
2021-06-18 09:19:11,205.8,750240
2021-06-18 09:19:12,205.75,750920
2021-06-18 09:19:13,205.75,752147
2021-06-18 09:19:14,205.75,752522
2021-06-18 09:19:15,205.75,753521
2021-06-18 09:19:16,205.75,754093
2021-06-18 09:19:17,205.75,757003
2021-06-18 09:19:18,205.75,758268
2021-06-18 09:19:19,205.75,764311
2021-06-18 09:19:20,205.75,765916
2021-06-18 09:19:21,205.75,766763
2021-06-18 09:19:22,205.7,768999
2021-06-18 09:19:23,205.65,772926
2021-06-18 09:19:24,205.65,788395
2021-06-18 09:19:25,205.55,797632
2021-06-18 09:19:26,205.55,799970
2021-06-18 09:19:27,205.55,803056
2021-06-18 09:19:29,205.5,820009
2021-06-18 09:19:28,205.55,814190
2021-06-18 09:19:30,205.5,826125
2021-06-18 09:19:31,205.55,829581
2021-06-18 09:19:32,205.55,830859
2021-06-18 09:19:33,205.55,831604
2021-06-18 09:19:34,205.55,833774
2021-06-18 09:19:35,205.55,834388
2021-06-18 09:19:36,205.55,836653
2021-06-18 09:19:37,205.5,838706
2021-06-18 09:19:38,205.55,839564
2021-06-18 09:19:39,205.55,840954
2021-06-18 09:19:40,205.6,848555
2021-06-18 09:19:41,205.6,851507
2021-06-18 09:19:42,205.6,859785
2021-06-18 09:19:43,205.6,862160
2021-06-18 09:19:44,205.6,863041
2021-06-18 09:19:45,205.6,865060
2021-06-18 09:19:47,205.6,866990
2021-06-18 09:19:48,205.6,867355
2021-06-18 09:19:49,205.55,875543
2021-06-18 09:19:50,205.5,877866
2021-06-18 09:19:51,205.55,878758
2021-06-18 09:19:52,205.55,879305
2021-06-18 09:19:53,205.55,879660
2021-06-18 09:19:54,205.55,879856
2021-06-18 09:19:55,205.55,880391
2021-06-18 09:19:56,205.55,884834
2021-06-18 09:19:57,205.55,887043
2021-06-18 09:19:58,205.55,888040
2021-06-18 09:19:59,205.5,888821
2021-06-18 09:20:00,205.55,889327
2021-06-18 09:20:01,205.55,889856
2021-06-18 09:20:02,205.55,890042
2021-06-18 09:20:03,205.6,900076
2021-06-18 09:20:04,205.55,930414
2021-06-18 09:20:05,205.45,933729
2021-06-18 09:20:06,205.45,934499
2021-06-18 09:20:07,205.45,947166
2021-06-18 09:20:08,205.45,947182
2021-06-18 09:20:09,205.45,947887
2021-06-18 09:20:10,205.4,948208
2021-06-18 09:20:11,205.45,948286
2021-06-18 09:20:12,205.45,948513
2021-06-18 09:20:13,205.45,949600
2021-06-18 09:20:14,205.45,950390
2021-06-18 09:20:15,205.5,950728
2021-06-18 09:20:16,205.45,951004
2021-06-18 09:20:17,205.45,952626
2021-06-18 09:20:18,205.45,952949
2021-06-18 09:20:19,205.45,954283
2021-06-18 09:20:20,205.45,956704
2021-06-18 09:20:21,205.4,972782
2021-06-18 09:20:22,205.4,975240
2021-06-18 09:20:23,205.4,978254
2021-06-18 09:20:24,205.4,979517
2021-06-18 09:20:25,205.4,980256
2021-06-18 09:20:26,205.3,980803
2021-06-18 09:20:27,205.4,980853
2021-06-18 09:20:28,205.4,982947
2021-06-18 09:20:29,205.4,984565
2021-06-18 09:20:32,205.4,985882
2021-06-18 09:20:33,205.4,985918
2021-06-18 09:20:34,205.4,986018
2021-06-18 09:20:35,205.4,986267
2021-06-18 09:20:37,205.4,986592
2021-06-18 09:20:38,205.35,986769
2021-06-18 09:20:39,205.35,986912
2021-06-18 09:20:40,205.3,989151
2021-06-18 09:20:41,205.3,989792
2021-06-18 09:20:42,205.3,999823
2021-06-18 09:20:43,205.35,1000038
2021-06-18 09:20:44,205.35,1000364
2021-06-18 09:20:45,205.35,1002292
2021-06-18 09:20:46,205.35,1009771
2021-06-18 09:20:47,205.4,1011495
2021-06-18 09:20:48,205.4,1012275
2021-06-18 09:20:49,205.4,1012281
2021-06-18 09:20:50,205.3,1012763
2021-06-18 09:20:51,205.4,1012837
2021-06-18 09:20:52,205.4,1013284
2021-06-18 09:20:53,205.35,1013991
2021-06-18 09:20:54,205.35,1015627
2021-06-18 09:20:55,205.4,1016150
2021-06-18 09:20:56,205.35,1016383
2021-06-18 09:20:57,205.3,1016682
2021-06-18 09:20:58,205.4,1018747
2021-06-18 09:21:00,205.4,1019570
2021-06-18 09:21:00,205.35,1019669
2021-06-18 09:21:01,205.35,1020874
2021-06-18 09:21:02,205.4,1024129
2021-06-18 09:21:03,205.4,1025389
2021-06-18 09:21:04,205.4,1025491
2021-06-18 09:21:05,205.35,1026351
2021-06-18 09:21:06,205.4,1027164
2021-06-18 09:21:07,205.4,1027174
2021-06-18 09:21:08,205.4,1027201
2021-06-18 09:21:09,205.4,1027746
2021-06-18 09:21:10,205.35,1037056
2021-06-18 09:21:11,205.35,1037164
2021-06-18 09:21:12,205.25,1041353
2021-06-18 09:21:13,205.3,1041801
2021-06-18 09:21:14,205.25,1048328
2021-06-18 09:21:15,205.25,1048757
2021-06-18 09:21:16,205.25,1048866
2021-06-18 09:21:18,205.25,1049607
2021-06-18 09:21:18,205.25,1049582
2021-06-18 09:21:19,205.25,1049612
2021-06-18 09:21:20,205.25,1072588
2021-06-18 09:21:21,205.25,1075843
2021-06-18 09:21:22,205.25,1078508
2021-06-18 09:21:23,205.35,1081208
2021-06-18 09:21:24,205.35,1081368
2021-06-18 09:21:25,205.35,1083674
2021-06-18 09:21:26,205.3,1092062
2021-06-18 09:21:27,205.3,1092145
2021-06-18 09:21:28,205.3,1092431
2021-06-18 09:21:29,205.3,1096720
2021-06-18 09:21:30,205.3,1099147
2021-06-18 09:21:31,205.25,1099545
2021-06-18 09:21:32,205.3,1099630
2021-06-18 09:21:34,205.35,1118052
2021-06-18 09:21:34,205.35,1118052
2021-06-18 09:21:35,205.35,1118456
2021-06-18 09:21:36,205.35,1119727
2021-06-18 09:21:37,205.3,1120194
2021-06-18 09:21:38,205.35,1120265
2021-06-18 09:21:39,205.35,1120781
2021-06-18 09:21:40,205.35,1121025
2021-06-18 09:21:41,205.35,1121283
2021-06-18 09:21:42,205.35,1121406
2021-06-18 09:21:43,205.35,1123065
2021-06-18 09:21:44,205.35,1123660
2021-06-18 09:21:45,205.3,1125099
2021-06-18 09:21:46,205.35,1125382
2021-06-18 09:21:47,205.35,1128076
2021-06-18 09:21:48,205.35,1128456
2021-06-18 09:21:49,205.35,1133465
2021-06-18 09:21:50,205.3,1134268
2021-06-18 09:21:51,205.35,1134801
2021-06-18 09:21:53,205.35,1135585
2021-06-18 09:21:54,205.3,1135971
2021-06-18 09:21:55,205.0,1385070
2021-06-18 09:21:56,204.95,1418998
2021-06-18 09:21:57,204.95,1429515
2021-06-18 09:21:58,205.0,1447805
2021-06-18 09:21:59,204.95,1448105
2021-06-18 09:22:00,204.95,1449906
2021-06-18 09:22:01,205.0,1458200
2021-06-18 09:22:02,205.0,1459232
2021-06-18 09:22:03,205.0,1461076
2021-06-18 09:22:04,205.0,1462266
2021-06-18 09:22:05,205.05,1465118
2021-06-18 09:22:07,205.05,1465614
2021-06-18 09:22:07,205.05,1465710
2021-06-18 09:22:08,205.0,1467954
2021-06-18 09:22:09,205.0,1469297
2021-06-18 09:22:10,205.1,1470743
2021-06-18 09:22:11,205.1,1471096
2021-06-18 09:22:12,205.05,1471227
2021-06-18 09:22:13,205.0,1471947
2021-06-18 09:22:14,205.1,1471999
2021-06-18 09:22:15,205.1,1477215
2021-06-18 09:22:16,205.1,1477763
2021-06-18 09:22:17,205.0,1478353
2021-06-18 09:22:18,205.1,1478400
2021-06-18 09:22:19,205.0,1478674
2021-06-18 09:22:21,205.0,1478714
2021-06-18 09:22:23,205.0,1557548
2021-06-18 09:22:24,204.95,1564854
2021-06-18 09:22:25,204.95,1567876
2021-06-18 09:22:26,204.95,1568128
2021-06-18 09:22:27,205.0,1570917
2021-06-18 09:22:28,205.0,1570999
2021-06-18 09:22:29,204.9,1571494
2021-06-18 09:22:31,204.8,1577825
2021-06-18 09:22:31,204.95,1578260
2021-06-18 09:22:32,204.95,1578710
2021-06-18 09:22:33,204.8,1579564
2021-06-18 09:22:34,204.95,1581095
2021-06-18 09:22:35,204.95,1582518
2021-06-18 09:22:37,204.95,1583907
2021-06-18 09:22:37,204.95,1584920
2021-06-18 09:22:38,204.95,1585624
2021-06-18 09:22:39,204.95,1585718
2021-06-18 09:22:40,205.0,1595078
2021-06-18 09:22:41,204.9,1595698
2021-06-18 09:22:42,204.95,1598038
2021-06-18 09:22:43,205.0,1604814
2021-06-18 09:22:44,205.0,1604870
2021-06-18 09:22:46,205.0,1606318
2021-06-18 09:22:47,205.0,1613362
2021-06-18 09:22:48,205.0,1619914
2021-06-18 09:22:49,205.0,1625943
2021-06-18 09:22:50,205.0,1632934
2021-06-18 09:22:51,205.0,1639480
2021-06-18 09:22:52,204.9,1640063
2021-06-18 09:22:53,204.9,1661286
2021-06-18 09:22:54,205.0,1668776
2021-06-18 09:22:55,204.85,1671416
2021-06-18 09:22:56,204.95,1673150
2021-06-18 09:22:57,204.95,1677924
2021-06-18 09:22:58,205.0,1685165
2021-06-18 09:22:59,204.9,1685957
2021-06-18 09:23:00,204.9,1686218
2021-06-18 09:23:01,204.95,1686363
2021-06-18 09:23:02,204.95,1686819
2021-06-18 09:23:03,204.95,1686980
2021-06-18 09:23:04,204.9,1688492
2021-06-18 09:23:05,204.95,1695034
2021-06-18 09:23:06,204.9,1695116
2021-06-18 09:23:07,204.9,1697804
2021-06-18 09:23:08,204.9,1706556
2021-06-18 09:23:09,204.9,1708539
2021-06-18 09:23:10,204.9,1708833
2021-06-18 09:23:11,205.0,1710702
2021-06-18 09:23:12,205.0,1711040
2021-06-18 09:23:13,205.0,1733912
2021-06-18 09:23:14,204.95,1734597
2021-06-18 09:23:15,205.0,1739088
2021-06-18 09:23:16,204.9,1740183
2021-06-18 09:23:17,204.95,1740343
2021-06-18 09:23:18,204.95,1741918
2021-06-18 09:23:19,204.95,1742297
2021-06-18 09:23:20,204.95,1742670
2021-06-18 09:23:21,204.95,1742873
2021-06-18 09:23:22,204.95,1752874
2021-06-18 09:23:23,205.0,1753209
2021-06-18 09:23:24,205.0,1754053
2021-06-18 09:23:24,205.0,1754153
2021-06-18 09:23:26,205.0,1793635
2021-06-18 09:23:27,204.95,1794125
2021-06-18 09:23:28,205.0,1794168
2021-06-18 09:23:29,205.0,1801793
2021-06-18 09:23:30,205.0,1801902
2021-06-18 09:23:31,205.0,1802940
2021-06-18 09:23:32,205.0,1804457
2021-06-18 09:23:33,205.0,1864955
2021-06-18 09:23:34,205.0,1872600
2021-06-18 09:23:35,205.0,1873262
2021-06-18 09:23:36,205.1,1912607
2021-06-18 09:23:37,205.0,1912884
2021-06-18 09:23:38,205.1,1920111
2021-06-18 09:23:39,205.0,1920733
2021-06-18 09:23:40,205.1,1921403
2021-06-18 09:23:41,205.0,1921753
2021-06-18 09:23:42,205.1,1922042
2021-06-18 09:23:43,205.0,1923707
2021-06-18 09:23:44,205.15,1923738
2021-06-18 09:23:45,205.05,1923829
2021-06-18 09:23:46,205.15,1924742
2021-06-18 09:23:47,205.2,1925988
2021-06-18 09:23:48,205.15,1927062
2021-06-18 09:23:49,205.15,1927199
2021-06-18 09:23:50,205.2,1927272
2021-06-18 09:23:51,205.15,1927432
2021-06-18 09:23:52,205.2,1927544
2021-06-18 09:23:53,205.2,1927698
2021-06-18 09:23:54,205.15,1928598
2021-06-18 09:23:55,205.2,1929223
2021-06-18 09:23:56,205.15,1931298
2021-06-18 09:23:57,205.3,1946361
2021-06-18 09:23:58,205.3,1947140
2021-06-18 09:23:59,205.2,1949962
2021-06-18 09:24:00,205.2,1950001
2021-06-18 09:24:01,205.3,1950301
2021-06-18 09:24:02,205.25,1950442
2021-06-18 09:24:03,205.25,1951194
2021-06-18 09:24:04,205.25,1951496
2021-06-18 09:24:05,205.25,1953040
2021-06-18 09:24:06,205.25,1953140
2021-06-18 09:24:07,205.2,1953885
2021-06-18 09:24:08,205.2,1953906
2021-06-18 09:24:09,205.15,1956021
2021-06-18 09:24:10,205.3,1956633
2021-06-18 09:24:11,205.2,1957346
2021-06-18 09:24:12,205.25,1957601
2021-06-18 09:24:13,205.3,1957877
2021-06-18 09:24:14,205.25,1957899
2021-06-18 09:24:15,205.2,1957973
2021-06-18 09:24:16,205.2,1958843
2021-06-18 09:24:17,205.25,1959753
2021-06-18 09:24:18,205.15,1974259
2021-06-18 09:24:19,205.15,1986654
2021-06-18 09:24:20,205.2,1993876
2021-06-18 09:24:21,205.1,1996335
2021-06-18 09:24:22,205.2,1996465
2021-06-18 09:24:23,205.2,2001654
2021-06-18 09:24:24,205.1,2005087
2021-06-18 09:24:25,205.15,2015887
2021-06-18 09:24:26,205.1,2019285
2021-06-18 09:24:26,205.1,2019286
2021-06-18 09:24:27,205.05,2021302
2021-06-18 09:24:28,205.1,2022508
2021-06-18 09:24:29,205.05,2022862
2021-06-18 09:24:30,205.1,2033542
2021-06-18 09:24:31,205.1,2034750
2021-06-18 09:24:32,205.2,2041008
2021-06-18 09:24:33,205.2,2045879
2021-06-18 09:24:34,205.2,2046490
2021-06-18 09:24:35,205.35,2062362
2021-06-18 09:24:36,205.25,2066935
2021-06-18 09:24:37,205.25,2066985
2021-06-18 09:24:38,205.4,2067125
2021-06-18 09:24:39,205.4,2067278
2021-06-18 09:24:40,205.3,2067310
2021-06-18 09:24:41,205.35,2068174
2021-06-18 09:24:42,205.4,2068212
2021-06-18 09:24:43,205.4,2071076
2021-06-18 09:24:44,205.35,2071096
2021-06-18 09:24:45,205.35,2071337
2021-06-18 09:24:46,205.35,2071522
2021-06-18 09:24:47,205.4,2075052
2021-06-18 09:24:48,205.3,2076937
2021-06-18 09:24:49,205.25,2077938
2021-06-18 09:24:50,205.25,2080509
2021-06-18 09:24:51,205.15,2081331
2021-06-18 09:24:52,205.25,2081349
2021-06-18 09:24:53,205.25,2081569
2021-06-18 09:24:54,205.1,2087956
2021-06-18 09:24:56,205.25,2090220
2021-06-18 09:24:57,205.2,2091433
2021-06-18 09:24:58,205.15,2091539
2021-06-18 09:24:58,205.15,2091539
2021-06-18 09:25:00,205.2,2091996
2021-06-18 09:25:01,205.2,2092210
2021-06-18 09:25:02,205.2,2092512
2021-06-18 09:25:03,205.2,2093137
2021-06-18 09:25:04,205.15,2094435
2021-06-18 09:25:05,205.2,2095654
2021-06-18 09:25:06,205.2,2095762
2021-06-18 09:25:07,205.2,2095923
2021-06-18 09:25:08,205.1,2096606
2021-06-18 09:25:09,205.2,2096690
2021-06-18 09:25:10,205.25,2100320
2021-06-18 09:25:11,205.3,2106820
2021-06-18 09:25:12,205.25,2106879
2021-06-18 09:25:13,205.1,2136882
2021-06-18 09:25:14,205.3,2138578
2021-06-18 09:25:15,205.3,2141962
2021-06-18 09:25:16,205.25,2141987
2021-06-18 09:25:17,205.35,2145639
2021-06-18 09:25:18,205.2,2145660
2021-06-18 09:25:19,205.25,2145683
2021-06-18 09:25:20,205.2,2146783
2021-06-18 09:25:21,205.25,2147092
2021-06-18 09:25:22,205.35,2148497
2021-06-18 09:25:23,205.3,2148521
2021-06-18 09:25:24,205.4,2148713
2021-06-18 09:25:25,205.4,2148768
2021-06-18 09:25:26,205.4,2148796
2021-06-18 09:25:27,205.4,2150132
2021-06-18 09:25:28,205.4,2150160
2021-06-18 09:25:29,205.4,2150375
2021-06-18 09:25:30,205.4,2150495
2021-06-18 09:25:31,205.4,2151626
2021-06-18 09:25:32,205.35,2152444
2021-06-18 09:25:33,205.35,2152815
2021-06-18 09:25:34,205.25,2161025
2021-06-18 09:25:35,205.35,2161328
2021-06-18 09:25:36,205.3,2161723
2021-06-18 09:25:37,205.25,2162476
2021-06-18 09:25:38,205.35,2163137
2021-06-18 09:25:39,205.35,2163388
2021-06-18 09:25:40,205.35,2167217
2021-06-18 09:25:41,205.35,2167231
2021-06-18 09:25:42,205.3,2167433
2021-06-18 09:25:43,205.25,2167687
2021-06-18 09:25:44,205.25,2167788
2021-06-18 09:25:45,205.3,2168157
2021-06-18 09:25:46,205.3,2168182
2021-06-18 09:25:47,205.25,2168188
2021-06-18 09:25:48,205.3,2168620
2021-06-18 09:25:49,205.3,2168738
2021-06-18 09:25:50,205.25,2168926
2021-06-18 09:25:51,205.3,2169651
2021-06-18 09:25:52,205.3,2170451
2021-06-18 09:25:53,205.3,2171655
2021-06-18 09:25:54,205.2,2172165
2021-06-18 09:25:55,205.3,2192447
2021-06-18 09:25:56,205.3,2198466
2021-06-18 09:25:57,205.3,2198651
2021-06-18 09:25:58,205.3,2198944
2021-06-18 09:25:59,205.3,2201469
2021-06-18 09:26:00,205.3,2201791
2021-06-18 09:26:01,205.3,2201926
2021-06-18 09:26:02,205.3,2202925
2021-06-18 09:26:03,205.3,2203009
2021-06-18 09:26:04,205.2,2222191
2021-06-18 09:26:05,205.15,2225763
2021-06-18 09:26:06,205.2,2228019
2021-06-18 09:26:07,205.2,2228128
2021-06-18 09:26:08,205.05,2242148
2021-06-18 09:26:08,205.15,2242948
2021-06-18 09:26:09,205.15,2244374
2021-06-18 09:26:10,205.15,2244601
2021-06-18 09:26:11,205.05,2245502
2021-06-18 09:26:12,205.15,2246127
2021-06-18 09:26:13,205.15,2246818
2021-06-18 09:26:14,205.05,2247945
2021-06-18 09:26:15,205.15,2256265
2021-06-18 09:26:16,205.15,2256693
2021-06-18 09:26:17,205.15,2256956
2021-06-18 09:26:18,205.2,2257639
2021-06-18 09:26:19,205.1,2257799
2021-06-18 09:26:20,205.2,2257906
2021-06-18 09:26:21,205.2,2258486
2021-06-18 09:26:22,205.15,2258800
2021-06-18 09:26:23,205.2,2283408
2021-06-18 09:26:24,205.25,2283427
2021-06-18 09:26:25,205.2,2283598
2021-06-18 09:26:26,205.15,2283693
2021-06-18 09:26:27,205.2,2283995
2021-06-18 09:26:28,205.2,2285499
2021-06-18 09:26:29,205.2,2286221
2021-06-18 09:26:30,205.15,2286540
2021-06-18 09:26:31,205.2,2287428
2021-06-18 09:26:32,205.2,2288001
2021-06-18 09:26:33,205.2,2288240
2021-06-18 09:26:35,205.15,2289868
2021-06-18 09:26:36,205.15,2289868
2021-06-18 09:26:37,205.25,2289981
2021-06-18 09:26:38,205.25,2290195
2021-06-18 09:26:39,205.25,2290829
2021-06-18 09:26:40,205.3,2296015
2021-06-18 09:26:41,205.35,2296494
2021-06-18 09:26:42,205.25,2296518
2021-06-18 09:26:43,205.35,2296730
2021-06-18 09:26:44,205.25,2296785
2021-06-18 09:26:45,205.3,2296894
2021-06-18 09:26:46,205.35,2297167
2021-06-18 09:26:47,205.3,2297174
2021-06-18 09:26:47,205.3,2297174
2021-06-18 09:26:48,205.35,2297700
2021-06-18 09:26:49,205.35,2298167
2021-06-18 09:26:50,205.25,2298832
2021-06-18 09:26:51,205.3,2298936
2021-06-18 09:26:52,205.35,2299319
2021-06-18 09:26:54,205.3,2300091
2021-06-18 09:26:55,205.25,2300176
2021-06-18 09:26:56,205.35,2300986
2021-06-18 09:26:57,205.35,2301011
2021-06-18 09:26:58,205.35,2301216
2021-06-18 09:26:59,205.35,2301356
2021-06-18 09:27:00,205.35,2302133
2021-06-18 09:27:01,205.3,2302582
2021-06-18 09:27:02,205.4,2302595
2021-06-18 09:27:03,205.35,2302919
2021-06-18 09:27:04,205.4,2302936
2021-06-18 09:27:05,205.35,2306072
2021-06-18 09:27:06,205.45,2307144
2021-06-18 09:27:07,205.45,2307685
2021-06-18 09:27:08,205.4,2307915
2021-06-18 09:27:09,205.4,2307991
2021-06-18 09:27:10,205.35,2308557
2021-06-18 09:27:11,205.35,2308633
2021-06-18 09:27:11,205.45,2313865
2021-06-18 09:27:12,205.4,2317082
2021-06-18 09:27:13,205.45,2318849
2021-06-18 09:27:14,205.45,2319136
2021-06-18 09:27:15,205.4,2321160
2021-06-18 09:27:16,205.4,2321322
2021-06-18 09:27:17,205.4,2321827
2021-06-18 09:27:18,205.4,2321988
2021-06-18 09:27:20,205.4,2332013
2021-06-18 09:27:20,205.45,2332705
2021-06-18 09:27:21,205.45,2334312
2021-06-18 09:27:22,205.4,2334573
2021-06-18 09:27:23,205.4,2334809
2021-06-18 09:27:25,205.45,2335436
2021-06-18 09:27:27,205.4,2337850
2021-06-18 09:27:28,205.4,2338464
2021-06-18 09:27:29,205.45,2339100
2021-06-18 09:27:30,205.45,2339253
2021-06-18 09:27:31,205.4,2345856
2021-06-18 09:27:32,205.3,2347957
2021-06-18 09:27:33,205.35,2348200
2021-06-18 09:27:34,205.35,2348753
2021-06-18 09:27:35,205.35,2349357
2021-06-18 09:27:36,205.35,2349502
2021-06-18 09:27:37,205.3,2349982
2021-06-18 09:27:38,205.35,2349991
2021-06-18 09:27:39,205.35,2350120
2021-06-18 09:27:40,205.4,2351060
2021-06-18 09:27:41,205.4,2351124
2021-06-18 09:27:42,205.35,2351125
2021-06-18 09:27:43,205.4,2351425
2021-06-18 09:27:44,205.4,2351630
2021-06-18 09:27:44,205.4,2351654
2021-06-18 09:27:46,205.35,2351804
2021-06-18 09:27:47,205.35,2356076
2021-06-18 09:27:47,205.35,2356286
2021-06-18 09:27:49,205.4,2356803
2021-06-18 09:27:49,205.4,2357051
2021-06-18 09:27:50,205.35,2358094
2021-06-18 09:27:51,205.45,2358328
2021-06-18 09:27:52,205.4,2358438
2021-06-18 09:27:53,205.4,2358827
2021-06-18 09:27:54,205.4,2360898
2021-06-18 09:27:55,205.4,2366083
2021-06-18 09:27:56,205.4,2366383
2021-06-18 09:27:57,205.4,2366615
2021-06-18 09:27:58,205.4,2370732
2021-06-18 09:27:59,205.4,2370758
2021-06-18 09:28:01,205.35,2371343
2021-06-18 09:28:02,205.35,2371610
2021-06-18 09:28:03,205.4,2373108
2021-06-18 09:28:05,205.35,2373678
2021-06-18 09:28:06,205.4,2374532
2021-06-18 09:28:07,205.4,2374533
2021-06-18 09:28:08,205.4,2376476
2021-06-18 09:28:09,205.4,2376520
2021-06-18 09:28:10,205.35,2376868
2021-06-18 09:28:11,205.4,2381883
2021-06-18 09:28:12,205.45,2381985
2021-06-18 09:28:13,205.4,2382228
2021-06-18 09:28:14,205.4,2382542
2021-06-18 09:28:15,205.35,2382692
2021-06-18 09:28:16,205.35,2382755
2021-06-18 09:28:17,205.4,2382894
2021-06-18 09:28:18,205.4,2383104
2021-06-18 09:28:19,205.4,2388104
2021-06-18 09:28:20,205.4,2388159
2021-06-18 09:28:21,205.4,2392334
2021-06-18 09:28:22,205.45,2394643
2021-06-18 09:28:23,205.35,2394779
2021-06-18 09:28:24,205.35,2395155
2021-06-18 09:28:25,205.4,2395355
2021-06-18 09:28:27,205.45,2395889
2021-06-18 09:28:28,205.45,2395899
2021-06-18 09:28:29,205.45,2395905
2021-06-18 09:28:30,205.5,2404766
2021-06-18 09:28:31,205.5,2404947
2021-06-18 09:28:32,205.5,2405269
2021-06-18 09:28:33,205.45,2405400
2021-06-18 09:28:33,205.45,2405400
2021-06-18 09:28:34,205.5,2405914
2021-06-18 09:28:35,205.5,2409640
2021-06-18 09:28:37,205.5,2409903
2021-06-18 09:28:38,205.5,2410678
2021-06-18 09:28:39,205.5,2411078
2021-06-18 09:28:40,205.45,2411794
2021-06-18 09:28:41,205.5,2412860
2021-06-18 09:28:42,205.45,2423437
2021-06-18 09:28:44,205.5,2425355
2021-06-18 09:28:43,205.5,2424310
2021-06-18 09:28:45,205.5,2425401
2021-06-18 09:28:47,205.45,2426416
2021-06-18 09:28:46,205.5,2425911
2021-06-18 09:28:48,205.55,2426544
2021-06-18 09:28:50,205.55,2426607
2021-06-18 09:28:49,205.55,2426557
2021-06-18 09:28:51,205.55,2427193
2021-06-18 09:28:52,205.6,2440807
2021-06-18 09:28:54,205.6,2441222
2021-06-18 09:28:53,205.55,2441122
2021-06-18 09:28:55,205.6,2441528
2021-06-18 09:28:56,205.55,2443384
2021-06-18 09:28:57,205.55,2443602
2021-06-18 09:28:58,205.6,2443826
2021-06-18 09:28:59,205.6,2444641
2021-06-18 09:29:01,205.65,2445150
2021-06-18 09:29:02,205.6,2445651
2021-06-18 09:29:03,205.65,2445666
2021-06-18 09:29:04,205.6,2445715
2021-06-18 09:29:05,205.65,2452122
2021-06-18 09:29:06,205.65,2452179
2021-06-18 09:29:07,205.65,2452871
2021-06-18 09:29:08,205.6,2454136
2021-06-18 09:29:09,205.6,2455407
2021-06-18 09:29:10,205.6,2457900
2021-06-18 09:29:11,205.6,2459713
2021-06-18 09:29:12,205.6,2459770
2021-06-18 09:29:13,205.5,2486245
2021-06-18 09:29:14,205.5,2486502
2021-06-18 09:29:15,205.5,2486780
2021-06-18 09:29:16,205.5,2490847
2021-06-18 09:29:17,205.45,2491923
2021-06-18 09:29:18,205.45,2494975
2021-06-18 09:29:19,205.45,2496119
2021-06-18 09:29:20,205.45,2499390
2021-06-18 09:29:21,205.45,2503544
2021-06-18 09:29:22,205.45,2503855
2021-06-18 09:29:23,205.4,2507111
2021-06-18 09:29:24,205.45,2507741
2021-06-18 09:29:25,205.45,2507835
2021-06-18 09:29:26,205.4,2508488
2021-06-18 09:29:27,205.4,2513101
2021-06-18 09:29:28,205.45,2513887
2021-06-18 09:29:29,205.45,2514985
2021-06-18 09:29:30,205.5,2516107
2021-06-18 09:29:33,205.5,2520880
2021-06-18 09:29:34,205.45,2521086
2021-06-18 09:29:36,205.5,2521233
2021-06-18 09:29:37,205.5,2521376
2021-06-18 09:29:38,205.5,2521416
2021-06-18 09:29:39,205.5,2521586
2021-06-18 09:29:40,205.5,2521714
2021-06-18 09:29:41,205.5,2521953
2021-06-18 09:29:42,205.5,2521958
2021-06-18 09:29:43,205.4,2525333
2021-06-18 09:29:44,205.45,2525838
2021-06-18 09:29:45,205.45,2526234
2021-06-18 09:29:46,205.45,2526907
2021-06-18 09:29:47,205.4,2527717
2021-06-18 09:29:48,205.45,2528317
2021-06-18 09:29:49,205.4,2528420
2021-06-18 09:29:50,205.45,2539396
2021-06-18 09:29:51,205.45,2541187
2021-06-18 09:29:52,205.45,2542777
2021-06-18 09:29:53,205.45,2542777
2021-06-18 09:29:54,205.45,2542951
2021-06-18 09:29:55,205.45,2543709
2021-06-18 09:29:56,205.45,2543910
2021-06-18 09:29:57,205.45,2544110
2021-06-18 09:29:58,205.5,2544170
2021-06-18 09:29:59,205.5,2544611
2021-06-18 09:30:00,205.4,2544621
2021-06-18 09:30:01,205.5,2544795
2021-06-18 09:30:02,205.5,2545723
2021-06-18 09:30:03,205.5,2545946
2021-06-18 09:30:04,205.5,2546815
2021-06-18 09:30:05,205.45,2547877
2021-06-18 09:30:06,205.5,2547940
2021-06-18 09:30:07,205.4,2548071
2021-06-18 09:30:08,205.4,2549260
2021-06-18 09:30:09,205.4,2549676
2021-06-18 09:30:10,205.45,2549784
2021-06-18 09:30:11,205.35,2564729
2021-06-18 09:30:12,205.4,2565390
2021-06-18 09:30:13,205.4,2565438
2021-06-18 09:30:14,205.3,2565484
2021-06-18 09:30:15,205.3,2565681
2021-06-18 09:30:16,205.35,2567454
2021-06-18 09:30:17,205.3,2567782
2021-06-18 09:30:18,205.35,2567875
2021-06-18 09:30:19,205.35,2567965
2021-06-18 09:30:20,205.35,2567965
2021-06-18 09:30:21,205.35,2573262
2021-06-18 09:30:22,205.35,2573588
2021-06-18 09:30:23,205.4,2573976
2021-06-18 09:30:24,205.4,2574103
2021-06-18 09:30:25,205.4,2574177
2021-06-18 09:30:26,205.35,2574452
2021-06-18 09:30:27,205.4,2574454
2021-06-18 09:30:28,205.4,2574511
2021-06-18 09:30:29,205.4,2574592
2021-06-18 09:30:30,205.4,2574602
2021-06-18 09:30:31,205.4,2574652
2021-06-18 09:30:32,205.4,2574984
2021-06-18 09:30:33,205.4,2575595
2021-06-18 09:30:34,205.4,2575802
2021-06-18 09:30:35,205.45,2576072
2021-06-18 09:30:36,205.45,2576484
2021-06-18 09:30:37,205.4,2576594
2021-06-18 09:30:38,205.4,2577255
2021-06-18 09:30:39,205.4,2580680
2021-06-18 09:30:40,205.4,2581365
2021-06-18 09:30:41,205.4,2581599
2021-06-18 09:30:42,205.4,2581805
2021-06-18 09:30:43,205.35,2581868
2021-06-18 09:30:44,205.4,2582077
2021-06-18 09:30:45,205.35,2584072
2021-06-18 09:30:46,205.4,2584082
2021-06-18 09:30:47,205.35,2584339
2021-06-18 09:30:48,205.4,2584592
2021-06-18 09:30:49,205.4,2584838
2021-06-18 09:30:50,205.4,2585288
2021-06-18 09:30:51,205.3,2597076
2021-06-18 09:30:52,205.3,2597316
2021-06-18 09:30:53,205.35,2598772
2021-06-18 09:30:54,205.35,2598772
2021-06-18 09:30:55,205.35,2599164
2021-06-18 09:30:56,205.35,2599190
2021-06-18 09:30:57,205.3,2600885
2021-06-18 09:30:58,205.3,2601211
2021-06-18 09:30:59,205.4,2602391
2021-06-18 09:31:00,205.4,2602491
2021-06-18 09:31:01,205.4,2602551
2021-06-18 09:31:02,205.4,2602706
2021-06-18 09:31:03,205.35,2602956
2021-06-18 09:31:04,205.35,2603094
2021-06-18 09:31:05,205.3,2603513
2021-06-18 09:31:06,205.4,2603516
2021-06-18 09:31:07,205.35,2603517
2021-06-18 09:31:08,205.4,2603751
2021-06-18 09:31:09,205.4,2604718
2021-06-18 09:31:10,205.35,2605743
2021-06-18 09:31:11,205.4,2605796
2021-06-18 09:31:12,205.4,2606717
2021-06-18 09:31:13,205.4,2606734
2021-06-18 09:31:14,205.4,2606739
2021-06-18 09:31:15,205.4,2607009
2021-06-18 09:31:16,205.4,2607778
2021-06-18 09:31:17,205.4,2607903
2021-06-18 09:31:18,205.35,2607941
2021-06-18 09:31:19,205.4,2608261
2021-06-18 09:31:21,205.4,2621360
2021-06-18 09:31:22,205.45,2621361
2021-06-18 09:31:23,205.45,2621407
2021-06-18 09:31:24,205.45,2621516
2021-06-18 09:31:25,205.45,2621622
2021-06-18 09:31:26,205.5,2624156
2021-06-18 09:31:27,205.5,2624818
2021-06-18 09:31:28,205.5,2625138
2021-06-18 09:31:29,205.5,2630183
2021-06-18 09:31:30,205.55,2630735
2021-06-18 09:31:32,205.55,2636584
2021-06-18 09:31:33,205.65,2655172
2021-06-18 09:31:34,205.55,2658577
2021-06-18 09:31:35,205.65,2658627
2021-06-18 09:31:36,205.65,2658727
2021-06-18 09:31:37,205.65,2658781
2021-06-18 09:31:37,205.65,2658781
2021-06-18 09:31:38,205.55,2659084
2021-06-18 09:31:39,205.65,2659290
2021-06-18 09:31:40,205.65,2659440
2021-06-18 09:31:41,205.55,2659469
2021-06-18 09:31:42,205.65,2659824
2021-06-18 09:31:43,205.65,2659974
2021-06-18 09:31:44,205.65,2660024
2021-06-18 09:31:45,205.65,2660202
2021-06-18 09:31:46,205.55,2660653
2021-06-18 09:31:47,205.65,2660656
2021-06-18 09:31:48,205.65,2661172
2021-06-18 09:31:49,205.65,2661172
2021-06-18 09:31:50,205.55,2661212
2021-06-18 09:31:51,205.6,2661602
2021-06-18 09:31:52,205.6,2661867
2021-06-18 09:31:53,205.6,2662094
2021-06-18 09:31:54,205.6,2662110
2021-06-18 09:31:55,205.55,2662337
2021-06-18 09:31:56,205.6,2662879
2021-06-18 09:31:58,205.6,2663089
2021-06-18 09:32:00,205.6,2667289
2021-06-18 09:32:00,205.6,2668389
2021-06-18 09:32:01,205.6,2668519
2021-06-18 09:32:02,205.55,2668815
2021-06-18 09:32:04,205.6,2669431
2021-06-18 09:32:05,205.6,2669611
2021-06-18 09:32:06,205.6,2669677
2021-06-18 09:32:07,205.6,2669948
2021-06-18 09:32:08,205.55,2670018
2021-06-18 09:32:09,205.6,2670053
2021-06-18 09:32:10,205.55,2670174
2021-06-18 09:32:11,205.6,2671042
2021-06-18 09:32:12,205.6,2671126
2021-06-18 09:32:13,205.5,2671139
2021-06-18 09:32:14,205.5,2671284
2021-06-18 09:32:15,205.6,2671492
2021-06-18 09:32:16,205.6,2672203
2021-06-18 09:32:17,205.55,2672363
2021-06-18 09:32:18,205.55,2674414
2021-06-18 09:32:19,205.6,2674856
2021-06-18 09:32:20,205.6,2675206
2021-06-18 09:32:22,205.55,2675602
2021-06-18 09:32:22,205.55,2676004
2021-06-18 09:32:23,205.55,2676128
2021-06-18 09:32:24,205.55,2676448
2021-06-18 09:32:25,205.55,2678379
2021-06-18 09:32:26,205.55,2678536
2021-06-18 09:32:28,205.55,2678810
2021-06-18 09:32:28,205.55,2678810
2021-06-18 09:32:30,205.5,2679754
2021-06-18 09:32:30,205.55,2679755
2021-06-18 09:32:32,205.5,2679942
2021-06-18 09:32:32,205.55,2679962
2021-06-18 09:32:33,205.55,2680672
2021-06-18 09:32:34,205.55,2681342
2021-06-18 09:32:35,205.5,2691315
2021-06-18 09:32:36,205.5,2691946
2021-06-18 09:32:37,205.5,2692656
2021-06-18 09:32:39,205.5,2692985
2021-06-18 09:32:39,205.5,2692985
2021-06-18 09:32:40,205.5,2693293
2021-06-18 09:32:41,205.5,2693445
2021-06-18 09:32:43,205.5,2695507
2021-06-18 09:32:43,205.5,2695507
2021-06-18 09:32:44,205.5,2696297
2021-06-18 09:32:45,205.4,2696482
2021-06-18 09:32:46,205.5,2696564
2021-06-18 09:32:47,205.5,2696672
2021-06-18 09:32:48,205.5,2696826
2021-06-18 09:32:51,205.5,2697369
2021-06-18 09:32:55,205.6,2706128
2021-06-18 09:32:58,205.5,2707924
2021-06-18 09:33:02,205.6,2708804
2021-06-18 09:33:05,205.6,2709594
2021-06-18 09:33:09,205.5,2711929
2021-06-18 09:33:12,205.5,2712776
2021-06-18 09:33:15,205.5,2713802
2021-06-18 09:33:19,205.5,2715642
2021-06-18 09:33:22,205.4,2720170
2021-06-18 09:33:25,205.45,2723688
2021-06-18 09:33:28,205.5,2724666
2021-06-18 09:33:32,205.5,2724830
2021-06-18 09:33:35,205.45,2725731
2021-06-18 09:33:39,205.5,2728358
2021-06-18 09:33:42,205.45,2728734
2021-06-18 09:33:45,205.45,2730645
2021-06-18 09:33:49,205.45,2734600
2021-06-18 09:33:52,205.5,2735344
2021-06-18 09:33:56,205.4,2739355
2021-06-18 09:33:59,205.5,2742024
2021-06-18 09:34:03,205.5,2744268
2021-06-18 09:34:07,205.5,2749020
2021-06-18 09:34:10,205.5,2749501
2021-06-18 09:34:13,205.5,2749912
2021-06-18 09:34:16,205.5,2750831
2021-06-18 09:34:20,205.5,2752145
2021-06-18 09:34:23,205.5,2753671
2021-06-18 09:34:27,205.5,2755422
2021-06-18 09:34:30,205.5,2772190
2021-06-18 09:34:33,205.6,2773590
2021-06-18 09:34:37,205.55,2774384
2021-06-18 09:34:40,205.55,2774578
2021-06-18 09:34:44,205.5,2775213
2021-06-18 09:34:48,205.55,2778990
2021-06-18 09:34:51,205.65,2793418
2021-06-18 09:34:54,205.65,2794193
2021-06-18 09:34:57,205.6,2794463
2021-06-18 09:35:00,205.65,2795619
2021-06-18 09:35:04,205.6,2798918
2021-06-18 09:35:07,205.55,2806050
2021-06-18 09:35:11,205.55,2812184
2021-06-18 09:35:14,205.45,2814060
2021-06-18 09:35:18,205.45,2817984
2021-06-18 09:35:21,205.45,2826603
2021-06-18 09:35:25,205.5,2833961
2021-06-18 09:35:28,205.45,2836969
2021-06-18 09:35:31,205.45,2837015
2021-06-18 09:35:34,205.5,2839664
2021-06-18 09:35:38,205.45,2841523
2021-06-18 09:35:41,205.45,2841941
2021-06-18 09:35:45,205.45,2841998
2021-06-18 09:35:48,205.45,2844156
2021-06-18 09:35:52,205.5,2848443
2021-06-18 09:35:55,205.5,2848842
2021-06-18 09:35:58,205.5,2850076
2021-06-18 09:36:01,205.5,2850642
2021-06-18 09:36:04,205.5,2851837
2021-06-18 09:36:07,205.45,2862328
2021-06-18 09:36:10,205.45,2868633
2021-06-18 09:36:14,205.4,2870767
2021-06-18 09:36:17,205.35,2870912
2021-06-18 09:36:20,205.35,2871489
2021-06-18 09:36:23,205.3,2881822
2021-06-18 09:36:26,205.3,2882816
2021-06-18 09:36:29,205.3,2883325
2021-06-18 09:36:33,205.3,2884542
2021-06-18 09:36:36,205.25,2885921
2021-06-18 09:36:39,205.3,2886826
2021-06-18 09:36:42,205.3,2888450
2021-06-18 09:36:45,205.3,2892438
2021-06-18 09:36:49,205.25,2892782
2021-06-18 09:36:52,205.25,2894606
2021-06-18 09:36:55,205.3,2895419
2021-06-18 09:36:59,205.3,2898111
2021-06-18 09:37:03,205.3,2900437
2021-06-18 09:37:06,205.3,2903208
2021-06-18 09:37:09,205.3,2903617
2021-06-18 09:37:13,205.3,2903788
2021-06-18 09:37:16,205.25,2904131
2021-06-18 09:37:20,205.2,2925511
2021-06-18 09:37:23,205.2,2927837
2021-06-18 09:37:26,205.2,2930214
2021-06-18 09:37:30,205.2,2931771
2021-06-18 09:37:34,205.15,2932502
2021-06-18 09:37:37,205.2,2932567
2021-06-18 09:37:40,205.2,2933306
2021-06-18 09:37:43,205.2,2941258
2021-06-18 09:37:47,205.25,2947347
2021-06-18 09:37:49,205.3,2949566
2021-06-18 09:37:52,205.25,2950529
2021-06-18 09:37:55,205.35,2957393
2021-06-18 09:37:59,205.35,2959486
2021-06-18 09:38:02,205.3,2962345
2021-06-18 09:38:06,205.35,2965172
2021-06-18 09:38:09,205.3,2967395
2021-06-18 09:38:12,205.4,2969291
2021-06-18 09:38:16,205.4,2969528
2021-06-18 09:38:19,205.35,2969882
2021-06-18 09:38:22,205.4,2971245
2021-06-18 09:38:25,205.35,2971414
2021-06-18 09:38:29,205.4,2971745
2021-06-18 09:38:32,205.4,2972157
2021-06-18 09:38:36,205.4,2972490
2021-06-18 09:38:39,205.4,2973569
2021-06-18 09:38:43,205.35,2973624
2021-06-18 09:38:46,205.35,2979047
2021-06-18 09:38:49,205.4,2982060
2021-06-18 09:38:52,205.4,3005700
2021-06-18 09:38:55,205.45,3023581
2021-06-18 09:38:58,205.55,3030951
2021-06-18 09:39:02,205.45,3032426
2021-06-18 09:39:05,205.4,3032685
2021-06-18 09:39:08,205.5,3033052
2021-06-18 09:39:12,205.5,3033385
2021-06-18 09:39:15,205.4,3054991
2021-06-18 09:39:19,205.45,3056766
2021-06-18 09:39:22,205.45,3063741
2021-06-18 09:39:26,205.4,3067516
2021-06-18 09:39:29,205.4,3067624
2021-06-18 09:39:32,205.45,3068159
2021-06-18 09:39:35,205.45,3069467
2021-06-18 09:39:38,205.5,3074391
2021-06-18 09:39:41,205.5,3077667
2021-06-18 09:39:44,205.45,3078360
2021-06-18 09:39:47,205.5,3079234
2021-06-18 09:39:51,205.5,3081007
2021-06-18 09:39:54,205.5,3081838
2021-06-18 09:39:57,205.45,3082208
2021-06-18 09:40:01,205.5,3085283
2021-06-18 09:40:04,205.5,3091998
2021-06-18 09:40:07,205.45,3093092
2021-06-18 09:40:10,205.5,3098633
2021-06-18 09:40:13,205.5,3103342
2021-06-18 09:40:17,205.4,3104571
2021-06-18 09:40:20,205.5,3105329
2021-06-18 09:40:23,205.45,3105708
2021-06-18 09:40:27,205.5,3105730
2021-06-18 09:40:30,205.4,3112546
2021-06-18 09:40:33,205.4,3118798
2021-06-18 09:40:36,205.4,3127761
2021-06-18 09:40:40,205.45,3127931
2021-06-18 09:40:43,205.4,3130438
2021-06-18 09:40:46,205.45,3132252
2021-06-18 09:40:50,205.45,3132897
2021-06-18 09:40:53,205.45,3133307
2021-06-18 09:40:56,205.4,3134182
2021-06-18 09:40:59,205.4,3136633
2021-06-18 09:41:02,205.4,3137751
2021-06-18 09:41:06,205.4,3139020
2021-06-18 09:41:09,205.45,3141398
2021-06-18 09:41:12,205.45,3143448
2021-06-18 09:41:15,205.5,3145914
2021-06-18 09:41:18,205.45,3165013
2021-06-18 09:41:22,205.4,3228891
2021-06-18 09:41:25,205.4,3239466
2021-06-18 09:41:28,205.3,3257375
2021-06-18 09:41:31,205.4,3263352
2021-06-18 09:41:34,205.4,3272224
2021-06-18 09:41:37,205.45,3274224
2021-06-18 09:41:40,205.45,3282629
2021-06-18 09:41:43,205.4,3291643
2021-06-18 09:41:46,205.4,3292309
2021-06-18 09:41:49,205.5,3295630
2021-06-18 09:41:52,205.5,3303794
2021-06-18 09:41:55,205.55,3306280
2021-06-18 09:41:58,205.55,3307597
2021-06-18 09:42:01,205.55,3311564
2021-06-18 09:42:05,205.5,3313045
2021-06-18 09:42:08,205.5,3313791
2021-06-18 09:42:11,205.45,3314144
2021-06-18 09:42:14,205.5,3315313
2021-06-18 09:42:17,205.45,3315771
2021-06-18 09:42:21,205.5,3316145
2021-06-18 09:42:24,205.5,3317916
2021-06-18 09:42:27,205.5,3319267
2021-06-18 09:42:30,205.5,3319565
2021-06-18 09:42:33,205.5,3319993
2021-06-18 09:42:36,205.4,3328817
2021-06-18 09:42:39,205.4,3350320
2021-06-18 09:42:43,205.4,3353739
2021-06-18 09:42:46,205.4,3354212
2021-06-18 09:42:50,205.4,3354542
2021-06-18 09:42:53,205.3,3357648
2021-06-18 09:42:56,205.4,3358482
2021-06-18 09:43:00,205.35,3363114
2021-06-18 09:43:04,205.3,3369115
2021-06-18 09:43:07,205.3,3370928
2021-06-18 09:43:11,205.3,3372648
2021-06-18 09:43:14,205.3,3373227
2021-06-18 09:43:18,205.3,3377397
2021-06-18 09:43:21,205.3,3380784
2021-06-18 09:43:25,205.25,3381832
2021-06-18 09:43:28,205.25,3384117
2021-06-18 09:43:31,205.25,3386438
2021-06-18 09:43:34,205.3,3388207
2021-06-18 09:43:38,205.3,3388511
2021-06-18 09:43:41,205.25,3389080
2021-06-18 09:43:44,205.25,3389271
2021-06-18 09:43:48,205.2,3389862
2021-06-18 09:43:51,205.2,3399814
2021-06-18 09:43:54,205.25,3407662
2021-06-18 09:43:57,205.2,3413365
2021-06-18 09:44:01,205.2,3419812
2021-06-18 09:44:04,205.2,3422516
2021-06-18 09:44:08,205.2,3448923
2021-06-18 09:44:15,205.15,3451144
2021-06-18 09:44:19,205.15,3452061
2021-06-18 09:44:22,205.15,3452934
2021-06-18 09:44:26,205.05,3477054
2021-06-18 09:44:30,205.1,3478659
2021-06-18 09:44:33,205.1,3486047
2021-06-18 09:44:37,205.2,3493423
2021-06-18 09:44:40,205.2,3493976
2021-06-18 09:44:43,205.05,3503016
2021-06-18 09:44:47,205.1,3504671
2021-06-18 09:44:50,205.1,3507771
2021-06-18 09:44:54,205.1,3509264
2021-06-18 09:44:57,205.1,3521918
2021-06-18 09:45:01,205.1,3522490
2021-06-18 09:45:04,205.05,3528647
2021-06-18 09:45:08,205.05,3530136
2021-06-18 09:45:14,205.1,3533116
2021-06-18 09:45:21,205.1,3542432
2021-06-18 09:45:25,205.1,3550445
2021-06-18 09:45:28,205.1,3552243
2021-06-18 09:45:31,205.05,3573382
2021-06-18 09:45:35,205.05,3582150
2021-06-18 09:45:38,205.1,3584759
2021-06-18 09:45:42,205.1,3586855
2021-06-18 09:45:45,205.1,3590770
2021-06-18 09:45:48,205.0,3597771
2021-06-18 09:45:52,205.0,3601336
2021-06-18 09:45:58,205.0,3614366
2021-06-18 09:46:02,205.05,3614980
2021-06-18 09:46:05,205.05,3615407
2021-06-18 09:46:09,204.9,3794548
2021-06-18 09:46:12,204.85,3808419
2021-06-18 09:46:15,204.65,3840000
2021-06-18 09:46:18,204.8,3848803
2021-06-18 09:46:21,204.8,3864546
2021-06-18 09:46:24,204.9,3868101
2021-06-18 09:46:28,204.8,3871804
2021-06-18 09:46:31,204.85,3882518
2021-06-18 09:46:35,204.9,3888349
2021-06-18 09:46:38,204.85,3894066
2021-06-18 09:46:41,204.75,3907536
2021-06-18 09:46:44,204.8,3914845
2021-06-18 09:46:47,204.8,3917542
2021-06-18 09:46:50,204.7,3921275
2021-06-18 09:46:53,204.8,3924380
2021-06-18 09:46:57,204.8,3926995
2021-06-18 09:47:00,204.8,3928797
2021-06-18 09:47:03,204.8,3929589
2021-06-18 09:47:06,204.85,3930154
2021-06-18 09:47:09,204.8,3942844
2021-06-18 09:47:12,204.8,3946657
2021-06-18 09:47:15,204.75,3956260
2021-06-18 09:47:19,204.85,3962825
2021-06-18 09:47:22,204.8,3964081
2021-06-18 09:47:25,204.75,3967201
2021-06-18 09:47:29,204.8,3970035
2021-06-18 09:47:32,204.8,3970818
2021-06-18 09:47:35,204.75,3999448
2021-06-18 09:47:38,204.65,4017135
2021-06-18 09:47:42,204.6,4055547
2021-06-18 09:47:45,204.55,4076309
2021-06-18 09:47:49,204.5,4170005
2021-06-18 09:47:49,204.5,4175927
2021-06-18 09:47:50,204.5,4187304
2021-06-18 09:47:51,204.45,4189749
2021-06-18 09:47:53,204.5,4225334
2021-06-18 09:47:53,204.5,4236335
2021-06-18 09:47:55,204.45,4247749
2021-06-18 09:47:56,204.45,4249825
2021-06-18 09:47:57,204.5,4257950
2021-06-18 09:47:58,204.5,4262043
2021-06-18 09:47:59,204.45,4263983
2021-06-18 09:47:59,204.5,4263523
2021-06-18 09:48:02,204.5,4268474
2021-06-18 09:48:03,204.5,4271827
2021-06-18 09:48:04,204.5,4272531
2021-06-18 09:48:05,204.5,4292644
2021-06-18 09:48:05,204.45,4294942
2021-06-18 09:48:07,204.45,4297397
2021-06-18 09:48:09,204.4,4302616
2021-06-18 09:48:10,204.4,4303757
2021-06-18 09:48:11,204.4,4304931
2021-06-18 09:48:12,204.35,4305169
2021-06-18 09:48:13,204.4,4306497
2021-06-18 09:48:14,204.35,4307806
2021-06-18 09:48:15,204.3,4315584
2021-06-18 09:48:15,204.3,4317247
2021-06-18 09:48:17,204.35,4320687
2021-06-18 09:48:18,204.35,4321571
2021-06-18 09:48:19,204.35,4321600
2021-06-18 09:48:20,204.3,4326308
2021-06-18 09:48:21,204.35,4327641
2021-06-18 09:48:22,204.35,4327916
2021-06-18 09:48:23,204.4,4335859
2021-06-18 09:48:24,204.4,4338047
2021-06-18 09:48:25,204.4,4338459
2021-06-18 09:48:26,204.3,4342413
2021-06-18 09:48:27,204.35,4342806
2021-06-18 09:48:28,204.4,4344586
2021-06-18 09:48:29,204.45,4404976
2021-06-18 09:48:30,204.45,4405740
2021-06-18 09:48:31,204.5,4421395
2021-06-18 09:48:32,204.45,4422069
2021-06-18 09:48:33,204.5,4422442
2021-06-18 09:48:34,204.45,4422605
2021-06-18 09:48:35,204.5,4428680
2021-06-18 09:48:35,204.5,4428681
2021-06-18 09:48:36,204.5,4428956
2021-06-18 09:48:37,204.5,4429424
2021-06-18 09:48:39,204.5,4431686
2021-06-18 09:48:40,204.5,4432517
2021-06-18 09:48:41,204.5,4432640
2021-06-18 09:48:42,204.5,4432810
2021-06-18 09:48:43,204.5,4433069
2021-06-18 09:48:44,204.5,4433870
2021-06-18 09:48:45,204.5,4438131
2021-06-18 09:48:46,204.5,4444535
2021-06-18 09:48:47,204.45,4462540
2021-06-18 09:48:48,204.45,4462606
2021-06-18 09:48:49,204.45,4467291
2021-06-18 09:48:50,204.45,4467999
2021-06-18 09:48:51,204.45,4468037
2021-06-18 09:48:52,204.4,4470476
2021-06-18 09:48:53,204.45,4470489
2021-06-18 09:48:54,204.4,4470757
2021-06-18 09:48:55,204.4,4482552
2021-06-18 09:48:56,204.45,4483107
2021-06-18 09:48:57,204.4,4483372
2021-06-18 09:48:58,204.45,4483797
2021-06-18 09:48:59,204.4,4484400
2021-06-18 09:49:00,204.4,4484689
2021-06-18 09:49:01,204.35,4486198
2021-06-18 09:49:01,204.4,4486273
2021-06-18 09:49:03,204.4,4487185
2021-06-18 09:49:04,204.4,4487621
2021-06-18 09:49:05,204.4,4487801
2021-06-18 09:49:05,204.4,4487766
2021-06-18 09:49:06,204.4,4488603
2021-06-18 09:49:08,204.4,4489336
2021-06-18 09:49:10,204.3,4506730
2021-06-18 09:49:11,204.35,4509178
2021-06-18 09:49:12,204.35,4509250
2021-06-18 09:49:13,204.3,4515195
2021-06-18 09:49:14,204.3,4516434
2021-06-18 09:49:15,204.3,4516460
2021-06-18 09:49:16,204.35,4516898
2021-06-18 09:49:17,204.35,4516935
2021-06-18 09:49:20,204.35,4523673
2021-06-18 09:49:20,204.3,4523684
2021-06-18 09:49:21,204.35,4523896
2021-06-18 09:49:22,204.35,4524879
2021-06-18 09:49:24,204.3,4527437
2021-06-18 09:49:25,204.35,4542033
2021-06-18 09:49:26,204.25,4549602
2021-06-18 09:49:27,204.35,4549899
2021-06-18 09:49:28,204.35,4553850
2021-06-18 09:49:29,204.35,4565060
2021-06-18 09:49:30,204.25,4567331
2021-06-18 09:49:31,204.3,4567344
2021-06-18 09:49:32,204.3,4567415
2021-06-18 09:49:33,204.3,4567965
2021-06-18 09:49:34,204.3,4568286
2021-06-18 09:49:35,204.3,4569703
2021-06-18 09:49:38,204.25,4575623
2021-06-18 09:49:38,204.3,4575688
2021-06-18 09:49:39,204.3,4577699
2021-06-18 09:49:40,204.25,4579339
2021-06-18 09:49:41,204.35,4581052
2021-06-18 09:49:43,204.35,4581617
2021-06-18 09:49:44,204.3,4581887
2021-06-18 09:49:45,204.3,4581974
2021-06-18 09:49:47,204.35,4588475
2021-06-18 09:49:47,204.4,4584875
2021-06-18 09:49:48,204.4,4589414
2021-06-18 09:49:49,204.4,4590699
2021-06-18 09:49:51,204.4,4591270
2021-06-18 09:49:52,204.25,4674997
2021-06-18 09:49:53,204.25,4680543
2021-06-18 09:49:54,204.25,4681559
2021-06-18 09:49:55,204.25,4701643
2021-06-18 09:49:56,204.2,4704440
2021-06-18 09:49:57,204.2,4705901
2021-06-18 09:49:58,204.25,4706136
2021-06-18 09:49:58,204.25,4706236
2021-06-18 09:49:59,204.2,4734215
2021-06-18 09:50:01,204.25,4765958
2021-06-18 09:50:01,204.25,4765956
2021-06-18 09:50:03,204.25,4768410
2021-06-18 09:50:05,204.25,4775913
2021-06-18 09:50:06,204.25,4777443
2021-06-18 09:50:07,204.25,4795770
2021-06-18 09:50:08,204.25,4797125
2021-06-18 09:50:09,204.2,4825530
2021-06-18 09:50:10,204.25,4826537
2021-06-18 09:50:11,204.25,4827873
2021-06-18 09:50:14,204.2,4854349
2021-06-18 09:50:15,204.2,4854731
2021-06-18 09:50:16,204.2,4855108
2021-06-18 09:50:17,204.25,4855733
2021-06-18 09:50:18,204.25,4856075
2021-06-18 09:50:18,204.25,4856111
2021-06-18 09:50:20,204.25,4857363
2021-06-18 09:50:21,204.35,4913770
2021-06-18 09:50:22,204.35,4919493
2021-06-18 09:50:23,204.35,4928771
2021-06-18 09:50:24,204.35,4931697
2021-06-18 09:50:25,204.4,4935872
2021-06-18 09:50:26,204.45,4935983
2021-06-18 09:50:27,204.45,4937184
2021-06-18 09:50:28,204.45,4937518
2021-06-18 09:50:29,204.45,4937519
2021-06-18 09:50:30,204.4,4937635
2021-06-18 09:50:31,204.45,4938084
2021-06-18 09:50:32,204.45,4940338
2021-06-18 09:50:33,204.45,4944156
2021-06-18 09:50:34,204.45,4945466
2021-06-18 09:50:34,204.45,4945466
2021-06-18 09:50:36,204.4,4947507
2021-06-18 09:50:37,204.45,4947597
2021-06-18 09:50:38,204.45,4948252
2021-06-18 09:50:39,204.45,4949121
2021-06-18 09:50:40,204.45,4949935
2021-06-18 09:50:41,204.45,4950322
2021-06-18 09:50:42,204.45,4953004
2021-06-18 09:50:45,204.45,4993950
2021-06-18 09:50:44,204.5,4993256
2021-06-18 09:50:46,204.5,4994968
2021-06-18 09:50:47,204.5,4995229
2021-06-18 09:50:48,204.5,4995404
2021-06-18 09:50:49,204.5,4995785
2021-06-18 09:50:50,204.5,4996055
2021-06-18 09:50:51,204.5,4996107
2021-06-18 09:50:52,204.4,4996396
2021-06-18 09:50:53,204.45,4996524
2021-06-18 09:50:54,204.3,5011585
2021-06-18 09:50:56,204.4,5015684
2021-06-18 09:50:57,204.3,5015725
2021-06-18 09:50:58,204.4,5015997
2021-06-18 09:50:59,204.4,5017653
2021-06-18 09:51:00,204.4,5018677
2021-06-18 09:51:01,204.4,5019516
2021-06-18 09:51:02,204.35,5024948
2021-06-18 09:51:03,204.35,5024949
2021-06-18 09:51:04,204.3,5026379
2021-06-18 09:51:05,204.35,5026474
2021-06-18 09:51:06,204.35,5027849
2021-06-18 09:51:07,204.35,5028957
2021-06-18 09:51:08,204.35,5029088
2021-06-18 09:51:09,204.3,5029505
2021-06-18 09:51:10,204.35,5029838
2021-06-18 09:51:11,204.35,5030637
2021-06-18 09:51:12,204.35,5030658
2021-06-18 09:51:13,204.2,5084243
2021-06-18 09:51:14,204.25,5089199
2021-06-18 09:51:15,204.15,5092336
2021-06-18 09:51:16,204.25,5092525
2021-06-18 09:51:17,204.25,5092781
2021-06-18 09:51:18,204.25,5093105
2021-06-18 09:51:19,204.25,5097073
2021-06-18 09:51:20,204.2,5098717
2021-06-18 09:51:21,204.25,5100068
2021-06-18 09:51:22,204.2,5100453
2021-06-18 09:51:23,204.25,5105704
2021-06-18 09:51:24,204.2,5106312
2021-06-18 09:51:25,204.25,5106683
2021-06-18 09:51:27,204.2,5108142
2021-06-18 09:51:26,204.25,5108073
2021-06-18 09:51:28,204.25,5131674
2021-06-18 09:51:29,204.25,5133209
2021-06-18 09:51:30,204.25,5133302
2021-06-18 09:51:31,204.25,5135022
2021-06-18 09:51:32,204.25,5136078
2021-06-18 09:51:33,204.25,5136358
2021-06-18 09:51:34,204.2,5136490
2021-06-18 09:51:35,204.25,5137062
2021-06-18 09:51:36,204.25,5140201
2021-06-18 09:51:37,204.25,5140254
2021-06-18 09:51:38,204.25,5141556
2021-06-18 09:51:39,204.25,5141902
2021-06-18 09:51:40,204.2,5142604
2021-06-18 09:51:41,204.2,5177270
2021-06-18 09:51:42,204.2,5183979
2021-06-18 09:51:43,204.2,5185078
2021-06-18 09:51:44,204.2,5191439
2021-06-18 09:51:45,204.2,5196961
2021-06-18 09:51:46,204.15,5198784
2021-06-18 09:51:47,204.25,5206764
2021-06-18 09:51:48,204.2,5206794
2021-06-18 09:51:49,204.25,5209228
2021-06-18 09:51:50,204.25,5209279
2021-06-18 09:51:51,204.2,5209997
2021-06-18 09:51:52,204.25,5210503
2021-06-18 09:51:53,204.25,5215942
2021-06-18 09:51:54,204.25,5215998
2021-06-18 09:51:55,204.25,5216458
2021-06-18 09:51:56,204.2,5217740
2021-06-18 09:51:57,204.25,5217955
2021-06-18 09:51:58,204.25,5218100
2021-06-18 09:51:59,204.25,5219148
2021-06-18 09:52:00,204.2,5235895
2021-06-18 09:52:01,204.2,5237833
2021-06-18 09:52:02,204.15,5238121
2021-06-18 09:52:03,204.15,5244827
2021-06-18 09:52:04,204.2,5245034
2021-06-18 09:52:05,204.2,5245121
2021-06-18 09:52:06,204.15,5246134
2021-06-18 09:52:07,204.2,5246268
2021-06-18 09:52:08,204.2,5246311
2021-06-18 09:52:09,204.25,5246381
2021-06-18 09:52:10,204.25,5253989
2021-06-18 09:52:11,204.25,5257291
2021-06-18 09:52:12,204.25,5257342
2021-06-18 09:52:13,204.2,5257538
2021-06-18 09:52:14,204.15,5257656
2021-06-18 09:52:15,204.2,5258503
2021-06-18 09:52:16,204.2,5258581
2021-06-18 09:52:17,204.25,5261284
2021-06-18 09:52:18,204.2,5261421
2021-06-18 09:52:19,204.25,5261423
2021-06-18 09:52:20,204.25,5261745
2021-06-18 09:52:24,204.25,5263238
2021-06-18 09:52:25,204.25,5263956
2021-06-18 09:52:26,204.25,5264211
2021-06-18 09:52:27,204.2,5265046
2021-06-18 09:52:28,204.25,5273135
2021-06-18 09:52:29,204.25,5273141
2021-06-18 09:52:30,204.25,5273159
2021-06-18 09:52:31,204.25,5273220
2021-06-18 09:52:32,204.2,5274121
2021-06-18 09:52:33,204.25,5274151
2021-06-18 09:52:34,204.25,5277932
2021-06-18 09:52:35,204.25,5278056
2021-06-18 09:52:36,204.25,5278112
2021-06-18 09:52:37,204.25,5278293
2021-06-18 09:52:38,204.25,5278329
2021-06-18 09:52:39,204.25,5279012
2021-06-18 09:52:40,204.25,5279600
2021-06-18 09:52:42,204.2,5363854
2021-06-18 09:52:43,204.2,5367035
2021-06-18 09:52:44,204.2,5367059
2021-06-18 09:52:45,204.2,5370503
2021-06-18 09:52:46,204.2,5370983
2021-06-18 09:52:48,204.2,5373935
2021-06-18 09:52:47,204.2,5373930
2021-06-18 09:52:49,204.2,5375417
2021-06-18 09:52:50,204.15,5379131
2021-06-18 09:52:51,204.15,5379798
2021-06-18 09:52:52,204.1,5380623
2021-06-18 09:52:53,204.15,5383414
2021-06-18 09:52:54,204.15,5385951
2021-06-18 09:52:55,204.15,5386430
2021-06-18 09:52:56,204.15,5386677
2021-06-18 09:52:57,204.1,5391811
2021-06-18 09:52:58,204.15,5394762
2021-06-18 09:52:59,204.15,5401363
2021-06-18 09:53:00,204.05,5451873
2021-06-18 09:53:01,204.25,5495546
2021-06-18 09:53:02,204.25,5495599
2021-06-18 09:53:03,204.2,5495908
2021-06-18 09:53:04,204.25,5503763
2021-06-18 09:53:05,204.3,5517644
2021-06-18 09:53:06,204.25,5545926
2021-06-18 09:53:07,204.25,5552533
2021-06-18 09:53:08,204.25,5564736
2021-06-18 09:53:09,204.25,5564746
2021-06-18 09:53:10,204.25,5564778
2021-06-18 09:53:11,204.25,5564945
2021-06-18 09:53:12,204.25,5565070
2021-06-18 09:53:13,204.2,5567585
2021-06-18 09:53:14,204.25,5569214
2021-06-18 09:53:15,204.25,5569474
2021-06-18 09:53:16,204.25,5569486
2021-06-18 09:53:17,204.2,5570429
2021-06-18 09:53:18,204.25,5571140
2021-06-18 09:53:19,204.25,5571311
2021-06-18 09:53:20,204.2,5571844
2021-06-18 09:53:21,204.25,5572514
2021-06-18 09:53:22,204.25,5573121
2021-06-18 09:53:23,204.25,5573351
2021-06-18 09:53:24,204.3,5577547
2021-06-18 09:53:25,204.3,5577741
2021-06-18 09:53:26,204.25,5578291
2021-06-18 09:53:27,204.2,5578375
2021-06-18 09:53:28,204.25,5581955
2021-06-18 09:53:29,204.25,5582212
2021-06-18 09:53:30,204.25,5582882
2021-06-18 09:53:31,204.25,5582916
2021-06-18 09:53:32,204.25,5583140
2021-06-18 09:53:33,204.25,5583744
2021-06-18 09:53:35,204.25,5589968
2021-06-18 09:53:37,204.2,5590149
2021-06-18 09:53:37,204.15,5590180
2021-06-18 09:53:38,204.2,5590510
2021-06-18 09:53:39,204.2,5590568
2021-06-18 09:53:40,204.2,5591404
2021-06-18 09:53:41,204.2,5591471
2021-06-18 09:53:42,204.2,5592333
2021-06-18 09:53:43,204.2,5592685
2021-06-18 09:53:44,204.2,5593145
2021-06-18 09:53:45,204.15,5597266
2021-06-18 09:53:46,204.25,5597723
2021-06-18 09:53:48,204.2,5610467
2021-06-18 09:53:49,204.25,5611017
2021-06-18 09:53:50,204.25,5611041
2021-06-18 09:53:51,204.2,5612092
2021-06-18 09:53:51,204.25,5616502
2021-06-18 09:53:52,204.25,5617633
2021-06-18 09:53:54,204.25,5618893
2021-06-18 09:53:54,204.25,5618961
2021-06-18 09:53:55,204.2,5619077
2021-06-18 09:53:56,204.15,5619727
2021-06-18 09:53:57,204.1,5620717
2021-06-18 09:53:58,204.2,5620893
2021-06-18 09:54:01,204.15,5621713
2021-06-18 09:54:02,204.15,5621857
2021-06-18 09:54:03,204.15,5621894
2021-06-18 09:54:04,204.1,5623646
2021-06-18 09:54:05,204.2,5623992
2021-06-18 09:54:06,204.2,5623995
2021-06-18 09:54:07,204.2,5623999
2021-06-18 09:54:07,204.2,5624309
2021-06-18 09:54:08,204.2,5730651
2021-06-18 09:54:09,204.2,5731002
2021-06-18 09:54:10,204.15,5731140
2021-06-18 09:54:11,204.15,5731297
2021-06-18 09:54:12,204.05,5731520
2021-06-18 09:54:14,204.1,5733223
2021-06-18 09:54:15,204.25,5757433
2021-06-18 09:54:16,204.25,5757433
2021-06-18 09:54:17,204.2,5759670
2021-06-18 09:54:18,204.2,5760186
2021-06-18 09:54:19,204.2,5760285
2021-06-18 09:54:20,204.1,5760999
2021-06-18 09:54:21,204.2,5762386
2021-06-18 09:54:23,204.15,5763188
2021-06-18 09:54:24,204.2,5765114
2021-06-18 09:54:25,204.2,5765621
2021-06-18 09:54:26,204.2,5765668
2021-06-18 09:54:27,204.15,5765698
2021-06-18 09:54:28,204.15,5765723
2021-06-18 09:54:29,204.15,5765784
2021-06-18 09:54:30,204.15,5765821
2021-06-18 09:54:31,204.15,5771633
2021-06-18 09:54:32,204.2,5772437
2021-06-18 09:54:33,204.15,5772951
2021-06-18 09:54:34,204.15,5775158
2021-06-18 09:54:35,204.2,5775270
2021-06-18 09:54:36,204.2,5775333
2021-06-18 09:54:37,204.2,5777303
2021-06-18 09:54:38,204.1,5777621
2021-06-18 09:54:39,204.2,5777633
2021-06-18 09:54:40,204.2,5778175
2021-06-18 09:54:41,204.2,5779246
2021-06-18 09:54:42,204.1,5779692
2021-06-18 09:54:43,204.2,5779994
2021-06-18 09:54:44,204.2,5780883
2021-06-18 09:54:45,204.1,5780913
2021-06-18 09:54:46,204.1,5781119
2021-06-18 09:54:47,204.2,5781221
2021-06-18 09:54:48,204.2,5781322
2021-06-18 09:54:49,204.15,5781854
2021-06-18 09:54:50,204.2,5781887
2021-06-18 09:54:52,204.2,5782761
2021-06-18 09:54:53,204.2,5784143
2021-06-18 09:54:54,204.15,5784249
2021-06-18 09:54:55,204.2,5784349
2021-06-18 09:54:56,204.15,5784404
2021-06-18 09:54:57,204.15,5784539
2021-06-18 09:54:58,204.2,5784613
2021-06-18 09:54:59,204.2,5784670
2021-06-18 09:55:00,204.15,5784953
2021-06-18 09:55:01,204.15,5785350
2021-06-18 09:55:02,204.2,5785505
2021-06-18 09:55:03,204.15,5785749
2021-06-18 09:55:04,204.1,5786925
2021-06-18 09:55:05,204.15,5787196
2021-06-18 09:55:06,204.15,5789405
2021-06-18 09:55:07,204.15,5789417
2021-06-18 09:55:08,204.15,5789466
2021-06-18 09:55:09,204.15,5790199
2021-06-18 09:55:10,204.15,5791799
2021-06-18 09:55:11,204.15,5792473
2021-06-18 09:55:12,204.15,5792856
2021-06-18 09:55:13,204.2,5796493
2021-06-18 09:55:14,204.15,5796616
2021-06-18 09:55:15,204.15,5798195
2021-06-18 09:55:16,204.2,5800271
2021-06-18 09:55:17,204.1,5808932
2021-06-18 09:55:18,204.05,5811314
2021-06-18 09:55:19,204.0,5820155
2021-06-18 09:55:20,204.05,5823307
2021-06-18 09:55:21,204.05,5823407
2021-06-18 09:55:22,204.05,5824750
2021-06-18 09:55:23,204.05,5824914
2021-06-18 09:55:24,204.05,5827682
2021-06-18 09:55:25,204.0,5876040
2021-06-18 09:55:26,204.05,5883736
2021-06-18 09:55:27,204.05,5887847
2021-06-18 09:55:28,204.05,5888003
2021-06-18 09:55:29,204.05,5890321
2021-06-18 09:55:30,204.05,5890329
2021-06-18 09:55:31,204.0,5894616
2021-06-18 09:55:32,204.0,5907399
2021-06-18 09:55:34,204.05,5916200
2021-06-18 09:55:35,204.05,5918663
2021-06-18 09:55:36,204.05,5922418
2021-06-18 09:55:37,204.05,5930358
2021-06-18 09:55:37,204.0,5929539
2021-06-18 09:55:38,204.05,5933624
2021-06-18 09:55:40,204.05,5936996
2021-06-18 09:55:40,204.05,5938131
2021-06-18 09:55:41,204.05,5938332
2021-06-18 09:55:42,204.05,5939084
2021-06-18 09:55:43,204.05,5939680
2021-06-18 09:55:44,204.05,5942992
2021-06-18 09:55:45,204.0,5943367
2021-06-18 09:55:46,203.9,6060560
2021-06-18 09:55:47,203.8,6074128
2021-06-18 09:55:48,203.8,6083308
2021-06-18 09:55:49,203.85,6092292
2021-06-18 09:55:50,203.85,6096546
2021-06-18 09:55:51,203.85,6099535
2021-06-18 09:55:52,203.85,6100386
2021-06-18 09:55:53,203.8,6103304
2021-06-18 09:55:54,203.8,6103885
2021-06-18 09:55:55,203.75,6106261
2021-06-18 09:55:57,203.8,6108810
2021-06-18 09:55:57,203.8,6110071
2021-06-18 09:55:58,203.8,6120342
2021-06-18 09:55:59,203.8,6120717
2021-06-18 09:56:00,203.8,6121141
2021-06-18 09:56:01,203.8,6122000
2021-06-18 09:56:02,203.8,6124603
2021-06-18 09:56:03,203.8,6127998
2021-06-18 09:56:04,203.8,6128118
2021-06-18 09:56:05,203.8,6129571
2021-06-18 09:56:06,203.8,6130220
2021-06-18 09:56:11,203.8,6136433
2021-06-18 09:56:12,203.8,6136898
2021-06-18 09:56:13,203.8,6137844
2021-06-18 09:56:14,203.8,6139172
2021-06-18 09:56:15,203.8,6139323
2021-06-18 09:56:16,203.75,6139706
2021-06-18 09:56:17,203.8,6140228
2021-06-18 09:56:19,203.8,6140510
2021-06-18 09:56:20,203.8,6143057
2021-06-18 09:56:21,203.8,6145025
2021-06-18 09:56:22,203.8,6145454
2021-06-18 09:56:23,203.75,6148009
2021-06-18 09:56:24,203.75,6152911
2021-06-18 09:56:24,203.75,6154855
2021-06-18 09:56:25,203.75,6160403
2021-06-18 09:56:27,203.7,6166303
2021-06-18 09:56:28,203.7,6166962
2021-06-18 09:56:29,203.7,6167329
2021-06-18 09:56:30,203.65,6168516
2021-06-18 09:56:31,203.7,6168538
2021-06-18 09:56:32,203.7,6169949
2021-06-18 09:56:33,203.6,6179936
2021-06-18 09:56:34,203.7,6180915
2021-06-18 09:56:35,203.7,6181728
2021-06-18 09:56:36,203.7,6182886
2021-06-18 09:56:38,203.8,6192703
2021-06-18 09:56:41,203.7,6196487
2021-06-18 09:56:42,203.75,6197445
2021-06-18 09:56:44,203.75,6202177
2021-06-18 09:56:47,203.8,6202839
2021-06-18 09:56:48,203.8,6203308
2021-06-18 09:56:50,203.75,6207745
2021-06-18 09:56:51,203.7,6209329
2021-06-18 09:56:52,203.75,6210113
2021-06-18 09:56:53,203.75,6210697
2021-06-18 09:56:54,203.8,6212300
2021-06-18 09:56:55,203.7,6212909
2021-06-18 09:56:56,203.8,6215077
2021-06-18 09:56:57,203.8,6215238
2021-06-18 09:56:58,203.8,6216674
2021-06-18 09:56:59,203.8,6217491
2021-06-18 09:57:00,203.8,6218599
2021-06-18 09:57:01,203.8,6219626
2021-06-18 09:57:02,203.8,6220901
2021-06-18 09:57:03,203.8,6221052
2021-06-18 09:57:04,203.75,6222625
2021-06-18 09:57:05,203.8,6222851
2021-06-18 09:57:06,203.8,6223017
2021-06-18 09:57:07,203.75,6223353
2021-06-18 09:57:08,203.8,6223782
2021-06-18 09:57:09,203.8,6224012
2021-06-18 09:57:10,203.8,6224792
2021-06-18 09:57:11,203.8,6238256
2021-06-18 09:57:12,203.8,6250368
2021-06-18 09:57:13,203.75,6250861
2021-06-18 09:57:14,203.75,6254687
2021-06-18 09:57:15,203.75,6254942
2021-06-18 09:57:16,203.75,6255705
2021-06-18 09:57:17,203.7,6264601
2021-06-18 09:57:18,203.65,6268815
2021-06-18 09:57:19,203.7,6268912
2021-06-18 09:57:20,203.7,6269623
2021-06-18 09:57:22,203.7,6270788
2021-06-18 09:57:24,203.7,6271719
2021-06-18 09:57:25,203.7,6272375
2021-06-18 09:57:26,203.65,6273928
2021-06-18 09:57:27,203.65,6274018
2021-06-18 09:57:28,203.65,6275357
2021-06-18 09:57:30,203.6,6276450
2021-06-18 09:57:31,203.65,6281484
2021-06-18 09:57:32,203.65,6286186
2021-06-18 09:57:33,203.65,6286756
2021-06-18 09:57:34,203.55,6291340
2021-06-18 09:57:35,203.6,6293028
2021-06-18 09:57:36,203.6,6293585
2021-06-18 09:57:37,203.6,6294372
2021-06-18 09:57:38,203.6,6295286
2021-06-18 09:57:39,203.6,6296672
2021-06-18 09:57:40,203.6,6297400
2021-06-18 09:57:41,203.55,6297456
2021-06-18 09:57:42,203.6,6297647
2021-06-18 09:57:43,203.6,6298021
2021-06-18 09:57:44,203.6,6298191
2021-06-18 09:57:45,203.55,6298573
2021-06-18 09:57:46,203.6,6299285
2021-06-18 09:57:47,203.6,6300010
2021-06-18 09:57:48,203.55,6331386
2021-06-18 09:57:49,203.55,6338806
2021-06-18 09:57:49,203.55,6340428
2021-06-18 09:57:50,203.55,6341121
2021-06-18 09:57:51,203.55,6341501
2021-06-18 09:57:52,203.55,6341823
2021-06-18 09:57:53,203.55,6342004
2021-06-18 09:57:54,203.55,6344183
2021-06-18 09:57:55,203.55,6344728
2021-06-18 09:57:56,203.55,6346512
2021-06-18 09:57:57,203.55,6346906
2021-06-18 09:57:58,203.55,6347092
2021-06-18 09:57:59,203.5,6348385
2021-06-18 09:58:00,203.55,6350228
2021-06-18 09:58:01,203.5,6350483
2021-06-18 09:58:02,203.55,6350776
2021-06-18 09:58:03,203.55,6352861
2021-06-18 09:58:04,203.55,6353379
2021-06-18 09:58:05,203.6,6360980
2021-06-18 09:58:06,203.65,6382790
2021-06-18 09:58:07,203.6,6383140
2021-06-18 09:58:08,203.6,6383701
2021-06-18 09:58:09,203.7,6408264
2021-06-18 09:58:11,203.7,6409623
2021-06-18 09:58:13,203.8,6412849
2021-06-18 09:58:14,203.8,6418536
2021-06-18 09:58:15,203.75,6419728
2021-06-18 09:58:18,203.75,6422719
2021-06-18 09:58:20,203.75,6425697
2021-06-18 09:58:21,203.85,6425866
2021-06-18 09:58:22,203.8,6427179
2021-06-18 09:58:22,203.75,6427186
2021-06-18 09:58:23,203.8,6431032
2021-06-18 09:58:24,203.8,6431946
2021-06-18 09:58:25,203.75,6433366
2021-06-18 09:58:26,203.8,6435864
2021-06-18 09:58:27,203.8,6436204
2021-06-18 09:58:28,203.8,6437704
2021-06-18 09:58:29,203.8,6438191
2021-06-18 09:58:31,203.8,6438279
2021-06-18 09:58:32,203.8,6439045
2021-06-18 09:58:33,203.8,6439141
2021-06-18 09:58:34,203.8,6439624
2021-06-18 09:58:35,203.8,6444670
2021-06-18 09:58:36,203.8,6448812
2021-06-18 09:58:37,203.8,6449453
2021-06-18 09:58:38,203.8,6449573
2021-06-18 09:58:39,203.8,6450838
2021-06-18 09:58:39,203.8,6451013
2021-06-18 09:58:41,203.75,6451128
2021-06-18 09:58:42,203.75,6451994
2021-06-18 09:58:43,203.7,6453809
2021-06-18 09:58:44,203.75,6454064
2021-06-18 09:58:45,203.75,6459274
2021-06-18 09:58:46,203.75,6459659
2021-06-18 09:58:47,203.7,6461017
2021-06-18 09:58:48,203.75,6464128
2021-06-18 09:58:49,203.75,6464274
2021-06-18 09:58:50,203.75,6466665
2021-06-18 09:58:51,203.75,6466700
2021-06-18 09:58:52,203.7,6467151
2021-06-18 09:58:53,203.75,6467243
2021-06-18 09:58:54,203.75,6467504
2021-06-18 09:58:55,203.75,6468200
2021-06-18 09:58:56,203.75,6470454
2021-06-18 09:58:57,203.75,6472638
2021-06-18 09:58:58,203.75,6473050
2021-06-18 09:58:59,203.75,6476909
2021-06-18 09:59:00,203.8,6477381
2021-06-18 09:59:01,203.8,6477459
2021-06-18 09:59:02,203.8,6477609
2021-06-18 09:59:03,203.8,6478615
2021-06-18 09:59:04,203.8,6479082
2021-06-18 09:59:05,203.8,6479092
2021-06-18 09:59:06,203.75,6479369
2021-06-18 09:59:07,203.75,6479995
2021-06-18 09:59:08,203.7,6481406
2021-06-18 09:59:09,203.7,6482584
2021-06-18 09:59:10,203.8,6485844
2021-06-18 09:59:11,203.8,6485967
2021-06-18 09:59:11,203.8,6486018
2021-06-18 09:59:12,203.8,6489314
2021-06-18 09:59:13,203.7,6489326
2021-06-18 09:59:14,203.75,6489807
2021-06-18 09:59:15,203.75,6490027
2021-06-18 09:59:16,203.75,6490448
2021-06-18 09:59:17,203.6,6493348
2021-06-18 09:59:18,203.7,6493408
2021-06-18 09:59:19,203.7,6504130
2021-06-18 09:59:20,203.7,6504678
2021-06-18 09:59:23,203.7,6507688
2021-06-18 09:59:24,203.6,6510076
2021-06-18 09:59:26,203.7,6510489
2021-06-18 09:59:27,203.7,6510894
2021-06-18 09:59:29,203.75,6514377
2021-06-18 09:59:30,203.7,6514928
2021-06-18 09:59:31,203.75,6515028
2021-06-18 09:59:32,203.8,6518182
2021-06-18 09:59:33,203.8,6518225
2021-06-18 09:59:34,203.75,6521671
2021-06-18 09:59:35,203.8,6521703
2021-06-18 09:59:36,203.8,6521923
2021-06-18 09:59:37,203.8,6521991
2021-06-18 09:59:38,203.8,6522046
2021-06-18 09:59:39,203.75,6523611
2021-06-18 09:59:40,203.75,6524149
2021-06-18 09:59:41,203.75,6526790
2021-06-18 09:59:42,203.75,6526999
2021-06-18 09:59:43,203.75,6527847
2021-06-18 09:59:44,203.75,6528191
2021-06-18 09:59:45,203.7,6535252
2021-06-18 09:59:46,203.75,6535468
2021-06-18 09:59:47,203.75,6542307
2021-06-18 09:59:48,203.75,6542417
2021-06-18 09:59:49,203.75,6545163
2021-06-18 09:59:50,203.7,6549967
2021-06-18 09:59:51,203.65,6550070
2021-06-18 09:59:52,203.4,6632514
2021-06-18 09:59:53,203.55,6632933
2021-06-18 09:59:54,203.5,6633368
2021-06-18 09:59:55,203.55,6633620
2021-06-18 09:59:57,203.5,6637957
2021-06-18 09:59:58,203.5,6640976
2021-06-18 09:59:59,203.45,6644522
2021-06-18 10:00:00,203.5,6644832
2021-06-18 10:00:01,203.5,6645327
2021-06-18 10:00:02,203.5,6648673
2021-06-18 10:00:03,203.5,6649039
2021-06-18 10:00:04,203.45,6649220
2021-06-18 10:00:05,203.5,6661390
2021-06-18 10:00:06,203.5,6665775
2021-06-18 10:00:07,203.5,6665829
2021-06-18 10:00:08,203.5,6667524
2021-06-18 10:00:09,203.5,6668451
2021-06-18 10:00:10,203.5,6669595
2021-06-18 10:00:11,203.5,6673198
2021-06-18 10:00:12,203.55,6675507
2021-06-18 10:00:13,203.55,6675832
2021-06-18 10:00:14,203.45,6676859
2021-06-18 10:00:15,203.5,6677988
2021-06-18 10:00:16,203.5,6679066
2021-06-18 10:00:17,203.5,6679370
2021-06-18 10:00:18,203.5,6681156
2021-06-18 10:00:19,203.55,6684347
2021-06-18 10:00:20,203.5,6684750
2021-06-18 10:00:21,203.5,6687459
2021-06-18 10:00:22,203.45,6692040
2021-06-18 10:00:23,203.45,6692620
2021-06-18 10:00:24,203.4,6692698
2021-06-18 10:00:25,203.45,6695212
2021-06-18 10:00:26,203.45,6695511
2021-06-18 10:00:27,203.45,6698198
2021-06-18 10:00:28,203.45,6699761
2021-06-18 10:00:29,203.45,6701099
2021-06-18 10:00:30,203.45,6721969
2021-06-18 10:00:31,203.45,6722267
2021-06-18 10:00:33,203.45,6724317
2021-06-18 10:00:34,203.4,6724756
2021-06-18 10:00:35,203.45,6725629
2021-06-18 10:00:37,203.55,6726143
2021-06-18 10:00:38,203.55,6726351
2021-06-18 10:00:39,203.5,6727201
2021-06-18 10:00:40,203.5,6727369
2021-06-18 10:00:41,203.45,6728434
2021-06-18 10:00:42,203.5,6728436
2021-06-18 10:00:43,203.5,6728723
2021-06-18 10:00:44,203.5,6729520
2021-06-18 10:00:45,203.5,6732582
2021-06-18 10:00:46,203.5,6734932
2021-06-18 10:00:47,203.5,6735244
2021-06-18 10:00:48,203.5,6736347
2021-06-18 10:00:49,203.55,6737361
2021-06-18 10:00:51,203.5,6737544
2021-06-18 10:00:52,203.6,6744857
2021-06-18 10:00:53,203.55,6744912
2021-06-18 10:00:54,203.5,6745113
2021-06-18 10:00:55,203.55,6745162
2021-06-18 10:00:56,203.55,6745873
2021-06-18 10:00:57,203.55,6746067
2021-06-18 10:00:58,203.5,6747141
2021-06-18 10:00:59,203.6,6748201
2021-06-18 10:01:00,203.65,6750398
2021-06-18 10:01:01,203.55,6750928
2021-06-18 10:01:02,203.65,6751256
2021-06-18 10:01:03,203.65,6752990
2021-06-18 10:01:04,203.65,6753923
2021-06-18 10:01:05,203.65,6754090
2021-06-18 10:01:06,203.65,6754155
2021-06-18 10:01:07,203.65,6755022
2021-06-18 10:01:08,203.65,6755133
2021-06-18 10:01:09,203.65,6755220
2021-06-18 10:01:10,203.65,6755670
2021-06-18 10:01:11,203.6,6755983
2021-06-18 10:01:12,203.65,6756380
2021-06-18 10:01:13,203.6,6757248
2021-06-18 10:01:14,203.6,6758624
2021-06-18 10:01:15,203.55,6758887
2021-06-18 10:01:16,203.6,6759425
2021-06-18 10:01:17,203.6,6759823
2021-06-18 10:01:18,203.6,6760099
2021-06-18 10:01:19,203.6,6760605
2021-06-18 10:01:20,203.6,6760870
2021-06-18 10:01:21,203.55,6761031
2021-06-18 10:01:22,203.6,6762166
2021-06-18 10:01:23,203.55,6762647
2021-06-18 10:01:24,203.6,6762950
2021-06-18 10:01:25,203.55,6763795
2021-06-18 10:01:26,203.55,6765973
2021-06-18 10:01:27,203.6,6766022
2021-06-18 10:01:28,203.55,6770222
2021-06-18 10:01:29,203.65,6776624
2021-06-18 10:01:30,203.65,6776896
2021-06-18 10:01:31,203.6,6777260
2021-06-18 10:01:32,203.65,6779701
2021-06-18 10:01:33,203.7,6779962
2021-06-18 10:01:34,203.7,6781029
2021-06-18 10:01:35,203.7,6781286
2021-06-18 10:01:36,203.6,6781502
2021-06-18 10:01:37,203.65,6781556
2021-06-18 10:01:38,203.7,6781783
2021-06-18 10:01:39,203.7,6782597
2021-06-18 10:01:40,203.7,6782944
2021-06-18 10:01:41,203.7,6782976
2021-06-18 10:01:42,203.7,6783434
2021-06-18 10:01:43,203.7,6783711
2021-06-18 10:01:44,203.65,6785721
2021-06-18 10:01:46,203.65,6787144
2021-06-18 10:01:47,203.7,6787146
2021-06-18 10:01:48,203.7,6787213
2021-06-18 10:01:49,203.75,6788654
2021-06-18 10:01:50,203.65,6788854
2021-06-18 10:01:51,203.75,6789317
2021-06-18 10:01:52,203.75,6789916
2021-06-18 10:01:53,203.75,6790459
2021-06-18 10:01:54,203.65,6791413
2021-06-18 10:01:55,203.75,6791506
2021-06-18 10:01:56,203.75,6791629
2021-06-18 10:01:57,203.7,6796428
2021-06-18 10:01:58,203.7,6796490
2021-06-18 10:01:59,203.7,6796537
2021-06-18 10:02:00,203.7,6797190
2021-06-18 10:02:01,203.65,6797876
2021-06-18 10:02:02,203.65,6798309
2021-06-18 10:02:03,203.7,6800115
2021-06-18 10:02:04,203.7,6800291
2021-06-18 10:02:05,203.7,6800402
2021-06-18 10:02:06,203.7,6800792
2021-06-18 10:02:07,203.7,6801253
2021-06-18 10:02:08,203.7,6801976
2021-06-18 10:02:09,203.7,6802876
2021-06-18 10:02:11,203.75,6803495
2021-06-18 10:02:12,203.6,6805995
2021-06-18 10:02:13,203.75,6806006
2021-06-18 10:02:14,203.75,6806291
2021-06-18 10:02:15,203.75,6806712
2021-06-18 10:02:16,203.7,6807134
2021-06-18 10:02:17,203.7,6807139
2021-06-18 10:02:18,203.7,6807182
2021-06-18 10:02:20,203.7,6807775
2021-06-18 10:02:21,203.7,6808092
2021-06-18 10:02:22,203.7,6808178
2021-06-18 10:02:23,203.7,6808279
2021-06-18 10:02:24,203.7,6809206
2021-06-18 10:02:25,203.7,6810364
2021-06-18 10:02:26,203.7,6812273
2021-06-18 10:02:27,203.65,6812797
2021-06-18 10:02:28,203.7,6813408
2021-06-18 10:02:29,203.7,6813941
2021-06-18 10:02:30,203.7,6814058
2021-06-18 10:02:31,203.7,6816214
2021-06-18 10:02:32,203.7,6817421
2021-06-18 10:02:33,203.75,6817775
2021-06-18 10:02:34,203.7,6817885
2021-06-18 10:02:35,203.75,6817947
2021-06-18 10:02:36,203.75,6820603
2021-06-18 10:02:37,203.7,6820774
2021-06-18 10:02:38,203.75,6821725
2021-06-18 10:02:39,203.75,6822037
2021-06-18 10:02:40,203.75,6822863
2021-06-18 10:02:41,203.9,6862646
2021-06-18 10:02:42,203.9,6864488
2021-06-18 10:02:43,203.9,6864599
2021-06-18 10:02:44,203.85,6864647
2021-06-18 10:02:45,203.9,6865100
2021-06-18 10:02:49,203.8,6865650
2021-06-18 10:02:50,203.9,6866710
2021-06-18 10:02:51,203.85,6866839
2021-06-18 10:02:52,203.85,6867102
2021-06-18 10:02:53,203.8,6868677
2021-06-18 10:02:54,203.85,6868812
2021-06-18 10:02:55,203.85,6868826
2021-06-18 10:02:57,203.85,6869168
2021-06-18 10:02:58,203.85,6869889
2021-06-18 10:02:59,203.85,6870116
2021-06-18 10:03:00,203.85,6870426
2021-06-18 10:03:01,203.85,6871596
2021-06-18 10:03:02,203.85,6872715
2021-06-18 10:03:03,203.85,6872985
2021-06-18 10:03:04,203.9,6873742
2021-06-18 10:03:05,203.9,6874018
2021-06-18 10:03:06,203.9,6874082
2021-06-18 10:03:07,203.9,6874924
2021-06-18 10:03:08,203.9,6875000
2021-06-18 10:03:09,203.95,6877938
2021-06-18 10:03:10,203.9,6878730
2021-06-18 10:03:11,203.9,6878973
2021-06-18 10:03:12,203.9,6879075
2021-06-18 10:03:13,203.85,6880387
2021-06-18 10:03:14,203.85,6881553
2021-06-18 10:03:15,203.9,6881608
2021-06-18 10:03:16,203.95,6881725
2021-06-18 10:03:17,203.95,6881788
2021-06-18 10:03:18,203.95,6885180
2021-06-18 10:03:19,203.9,6886036
2021-06-18 10:03:20,204.0,6886116
2021-06-18 10:03:22,204.0,6887490
2021-06-18 10:03:23,204.0,6887611
2021-06-18 10:03:24,204.0,6888839
2021-06-18 10:03:25,203.95,6889701
2021-06-18 10:03:27,204.05,6908484
2021-06-18 10:03:28,204.05,6909550
2021-06-18 10:03:31,204.0,6918231
2021-06-18 10:03:32,204.0,6919236
2021-06-18 10:03:33,204.0,6920152
2021-06-18 10:03:35,204.0,6920678
2021-06-18 10:03:36,204.05,6921202
2021-06-18 10:03:37,204.0,6921307
2021-06-18 10:03:38,204.05,6921457
2021-06-18 10:03:39,204.05,6921823
2021-06-18 10:03:40,204.05,6922586
2021-06-18 10:03:41,204.05,6922624
2021-06-18 10:03:42,204.05,6922810
2021-06-18 10:03:43,204.05,6923205
2021-06-18 10:03:44,204.05,6927151
2021-06-18 10:03:45,204.05,6928032
2021-06-18 10:03:46,204.05,6928149
2021-06-18 10:03:47,204.0,6929551
2021-06-18 10:03:48,204.0,6929761
2021-06-18 10:03:49,204.05,6930258
2021-06-18 10:03:50,204.05,6931593
2021-06-18 10:03:51,204.05,6931803
2021-06-18 10:03:52,204.1,6934003
2021-06-18 10:03:53,204.1,6934058
2021-06-18 10:03:54,204.0,6939495
2021-06-18 10:03:55,204.1,6939516
2021-06-18 10:03:57,204.1,6940038
2021-06-18 10:03:58,204.1,6940065
2021-06-18 10:03:59,204.1,6940249
2021-06-18 10:04:00,204.05,6940907
2021-06-18 10:04:02,204.1,6941488
2021-06-18 10:04:02,204.1,6941488
2021-06-18 10:04:03,204.1,6942500
2021-06-18 10:04:04,204.1,6942505
2021-06-18 10:04:05,204.1,6942526
2021-06-18 10:04:06,204.0,6944977
2021-06-18 10:04:07,204.0,6945294
2021-06-18 10:04:09,204.0,6955806
2021-06-18 10:04:10,204.05,6956669
2021-06-18 10:04:11,204.0,6956942
2021-06-18 10:04:12,204.0,6959012
2021-06-18 10:04:14,204.0,6961338
2021-06-18 10:04:14,204.0,6961338
2021-06-18 10:04:15,203.95,6962432
2021-06-18 10:04:16,203.95,6964231
2021-06-18 10:04:17,203.95,6966492
2021-06-18 10:04:18,203.95,6967233
2021-06-18 10:04:19,203.95,6967455
2021-06-18 10:04:20,204.0,6968660
2021-06-18 10:04:21,204.0,6970864
2021-06-18 10:04:22,204.0,6971635
2021-06-18 10:04:23,204.0,6973010
2021-06-18 10:04:24,204.0,6973536
2021-06-18 10:04:25,204.0,6973805
2021-06-18 10:04:26,204.05,6974947
2021-06-18 10:04:28,204.05,6976866
2021-06-18 10:04:29,204.0,6978668
2021-06-18 10:04:31,204.0,6978945
2021-06-18 10:04:32,203.95,6979427
2021-06-18 10:04:35,204.05,6980264
2021-06-18 10:04:36,204.0,6980892
2021-06-18 10:04:37,204.05,6982014
2021-06-18 10:04:38,204.05,6982619
2021-06-18 10:04:39,204.0,6983145
2021-06-18 10:04:41,204.05,6983856
2021-06-18 10:04:41,204.05,6983867
2021-06-18 10:04:43,204.05,6984580
2021-06-18 10:04:44,204.05,6985340
2021-06-18 10:04:44,204.05,6985560
2021-06-18 10:04:45,204.0,6985751
2021-06-18 10:04:46,204.0,6985916
2021-06-18 10:04:47,204.05,6985919
2021-06-18 10:04:48,204.05,6985972
2021-06-18 10:04:49,203.95,6986727
2021-06-18 10:04:50,204.0,6988902
2021-06-18 10:04:51,203.95,6989276
2021-06-18 10:04:52,204.0,6992176
2021-06-18 10:04:53,204.0,6996027
2021-06-18 10:04:54,204.0,6996124
2021-06-18 10:04:57,204.05,6997163
2021-06-18 10:04:59,204.0,7001227
2021-06-18 10:04:59,204.0,7001227
2021-06-18 10:05:00,204.05,7001354
2021-06-18 10:05:01,204.1,7001906
2021-06-18 10:05:02,204.1,7002025
2021-06-18 10:05:03,204.1,7002200
2021-06-18 10:05:04,204.05,7002619
2021-06-18 10:05:05,204.05,7002772
2021-06-18 10:05:06,204.2,7016633
2021-06-18 10:05:07,204.2,7016693
2021-06-18 10:05:08,204.2,7017289
2021-06-18 10:05:09,204.2,7017332
2021-06-18 10:05:10,204.15,7017592
2021-06-18 10:05:11,204.2,7019299
2021-06-18 10:05:12,204.2,7038375
2021-06-18 10:05:13,204.25,7045645
2021-06-18 10:05:14,204.3,7045696
2021-06-18 10:05:15,204.25,7046014
2021-06-18 10:05:16,204.2,7046547
2021-06-18 10:05:17,204.3,7046813
2021-06-18 10:05:18,204.25,7046904
2021-06-18 10:05:19,204.3,7047009
2021-06-18 10:05:20,204.2,7047241
2021-06-18 10:05:21,204.2,7053863
2021-06-18 10:05:22,204.1,7056791
2021-06-18 10:05:23,204.2,7056941
2021-06-18 10:05:24,204.05,7057369
2021-06-18 10:05:25,204.2,7059670
2021-06-18 10:05:26,204.05,7060670
2021-06-18 10:05:27,204.1,7061528
2021-06-18 10:05:28,204.2,7061740
2021-06-18 10:05:29,204.2,7062827
2021-06-18 10:05:30,204.15,7063852
2021-06-18 10:05:31,204.2,7063887
2021-06-18 10:05:32,204.2,7063979
2021-06-18 10:05:33,204.25,7065519
2021-06-18 10:05:34,204.2,7065739
2021-06-18 10:05:35,204.15,7067383
2021-06-18 10:05:36,204.25,7067702
2021-06-18 10:05:37,204.25,7067921
2021-06-18 10:05:38,204.2,7068131
2021-06-18 10:05:39,204.25,7068548
2021-06-18 10:05:40,204.2,7069092
2021-06-18 10:05:41,204.3,7070422
2021-06-18 10:05:42,204.3,7070453
2021-06-18 10:05:43,204.3,7070462
2021-06-18 10:05:44,204.3,7071581
2021-06-18 10:05:45,204.3,7072483
2021-06-18 10:05:46,204.3,7072656
2021-06-18 10:05:47,204.3,7072778
2021-06-18 10:05:48,204.2,7073289
2021-06-18 10:05:49,204.3,7073485
2021-06-18 10:05:50,204.3,7073511
2021-06-18 10:05:51,204.15,7074186
2021-06-18 10:05:52,204.25,7074513
2021-06-18 10:05:53,204.25,7074803
2021-06-18 10:05:55,204.3,7076464
2021-06-18 10:05:56,204.3,7076542
2021-06-18 10:05:56,204.3,7077114
2021-06-18 10:05:57,204.3,7077817
2021-06-18 10:05:58,204.2,7078135
2021-06-18 10:05:59,204.3,7079009
2021-06-18 10:06:02,204.3,7079410
2021-06-18 10:06:03,204.3,7080103
2021-06-18 10:06:03,204.3,7080104
2021-06-18 10:06:05,204.3,7080455
2021-06-18 10:06:05,204.3,7080555
2021-06-18 10:06:06,204.25,7080605
2021-06-18 10:06:07,204.3,7081229
2021-06-18 10:06:08,204.25,7081940
2021-06-18 10:06:09,204.25,7082998
2021-06-18 10:06:10,204.25,7083891
2021-06-18 10:06:12,204.3,7085820
2021-06-18 10:06:13,204.3,7085834
2021-06-18 10:06:14,204.25,7088451
2021-06-18 10:06:16,204.25,7089037
2021-06-18 10:06:17,204.25,7089201
2021-06-18 10:06:18,204.25,7089559
2021-06-18 10:06:19,204.25,7089931
2021-06-18 10:06:19,204.25,7089957
2021-06-18 10:06:21,204.25,7091275
2021-06-18 10:06:21,204.25,7091275
2021-06-18 10:06:23,204.25,7091543
2021-06-18 10:06:23,204.2,7091546
2021-06-18 10:06:24,204.2,7091731
2021-06-18 10:06:25,204.3,7094630
2021-06-18 10:06:26,204.3,7094897
2021-06-18 10:06:27,204.25,7094944
2021-06-18 10:06:28,204.3,7095056
2021-06-18 10:06:29,204.3,7095165
2021-06-18 10:06:31,204.3,7095181
2021-06-18 10:06:32,204.25,7095497
2021-06-18 10:06:33,204.25,7095851
2021-06-18 10:06:34,204.3,7096647
2021-06-18 10:06:35,204.3,7097367
2021-06-18 10:06:37,204.3,7097393
2021-06-18 10:06:37,204.3,7097393
2021-06-18 10:06:38,204.25,7098516
2021-06-18 10:06:39,204.3,7099441
2021-06-18 10:06:40,204.3,7099454
2021-06-18 10:06:41,204.3,7099578
2021-06-18 10:06:42,204.3,7099775
2021-06-18 10:06:43,204.3,7100033
2021-06-18 10:06:44,204.3,7100052
2021-06-18 10:06:45,204.3,7100097
2021-06-18 10:06:46,204.3,7100237
2021-06-18 10:06:47,204.3,7100571
2021-06-18 10:06:48,204.25,7100866
2021-06-18 10:06:49,204.3,7101573
2021-06-18 10:06:50,204.25,7101910
2021-06-18 10:06:52,204.3,7105350
2021-06-18 10:06:54,204.3,7109292
2021-06-18 10:06:53,204.3,7105422
2021-06-18 10:06:55,204.3,7109478
2021-06-18 10:06:55,204.3,7109478
2021-06-18 10:06:56,204.3,7109530
2021-06-18 10:06:58,204.3,7109744
2021-06-18 10:06:58,204.3,7109777
2021-06-18 10:06:59,204.3,7110132
2021-06-18 10:07:00,204.3,7112243
2021-06-18 10:07:01,204.3,7112722
2021-06-18 10:07:02,204.3,7112839
2021-06-18 10:07:03,204.3,7113351
2021-06-18 10:07:04,204.3,7113748
2021-06-18 10:07:05,204.25,7114803
2021-06-18 10:07:06,204.3,7115364
2021-06-18 10:07:07,204.3,7115604
2021-06-18 10:07:08,204.3,7116183
2021-06-18 10:07:09,204.3,7117356
2021-06-18 10:07:10,204.3,7117940
2021-06-18 10:07:12,204.25,7118415
2021-06-18 10:07:13,204.3,7119005
2021-06-18 10:07:14,204.3,7124061
2021-06-18 10:07:14,204.3,7125097
2021-06-18 10:07:15,204.25,7125224
2021-06-18 10:07:16,204.25,7126261
2021-06-18 10:07:17,204.3,7126390
2021-06-18 10:07:19,204.3,7127691
2021-06-18 10:07:19,204.3,7127805
2021-06-18 10:07:20,204.25,7128805
2021-06-18 10:07:21,204.3,7129351
2021-06-18 10:07:25,204.25,7131017
2021-06-18 10:07:25,204.2,7131417
2021-06-18 10:07:26,204.2,7132848
2021-06-18 10:07:28,204.2,7133358
2021-06-18 10:07:28,204.25,7133860
2021-06-18 10:07:29,204.15,7134127
2021-06-18 10:07:30,204.25,7135612
2021-06-18 10:07:32,204.25,7135741
2021-06-18 10:07:33,204.25,7136116
2021-06-18 10:07:33,204.25,7136391
2021-06-18 10:07:34,204.25,7137336
2021-06-18 10:07:35,204.25,7138049
2021-06-18 10:07:36,204.1,7142352
2021-06-18 10:07:37,204.1,7144960
2021-06-18 10:07:38,204.15,7145080
2021-06-18 10:07:40,204.2,7146178
2021-06-18 10:07:41,204.15,7148766
2021-06-18 10:07:41,204.15,7148766
2021-06-18 10:07:42,204.2,7148936
2021-06-18 10:07:43,204.15,7154338
2021-06-18 10:07:44,204.15,7155238
2021-06-18 10:07:45,204.1,7157416
2021-06-18 10:07:46,204.1,7157622
2021-06-18 10:07:47,204.1,7157650
2021-06-18 10:07:49,204.1,7157979
2021-06-18 10:07:51,204.1,7158069
2021-06-18 10:07:52,204.1,7161599
2021-06-18 10:07:54,204.05,7161779
2021-06-18 10:07:57,204.15,7164009
2021-06-18 10:07:58,204.1,7164146
2021-06-18 10:07:59,204.15,7164356
2021-06-18 10:08:00,204.05,7164761
2021-06-18 10:08:01,204.15,7164821
2021-06-18 10:08:02,204.15,7165056
2021-06-18 10:08:03,204.2,7166062
2021-06-18 10:08:04,204.1,7166165
2021-06-18 10:08:05,204.1,7166167
2021-06-18 10:08:06,204.1,7168551
2021-06-18 10:08:07,204.05,7169152
2021-06-18 10:08:08,204.1,7169227
2021-06-18 10:08:09,204.15,7169365
2021-06-18 10:08:10,204.05,7169707
2021-06-18 10:08:11,204.05,7170132
2021-06-18 10:08:12,204.1,7170139
2021-06-18 10:08:13,204.1,7170191
2021-06-18 10:08:14,204.05,7170232
2021-06-18 10:08:15,204.2,7170273
2021-06-18 10:08:17,204.1,7170372
2021-06-18 10:08:17,204.2,7170454
2021-06-18 10:08:19,204.2,7170484
2021-06-18 10:08:20,204.2,7181697
2021-06-18 10:08:21,204.2,7181708
2021-06-18 10:08:21,204.2,7181784
2021-06-18 10:08:22,204.2,7181985
2021-06-18 10:08:23,204.1,7182996
2021-06-18 10:08:24,204.2,7183056
2021-06-18 10:08:26,204.15,7183809
2021-06-18 10:08:27,204.1,7183872
2021-06-18 10:08:28,204.2,7184406
2021-06-18 10:08:29,204.1,7184436
2021-06-18 10:08:30,204.2,7184483
2021-06-18 10:08:31,204.2,7185234
2021-06-18 10:08:32,204.2,7185486
2021-06-18 10:08:34,204.2,7185603
2021-06-18 10:08:35,204.2,7185831
2021-06-18 10:08:36,204.2,7185841
2021-06-18 10:08:37,204.15,7185941
2021-06-18 10:08:38,204.2,7185978
2021-06-18 10:08:39,204.15,7186061
2021-06-18 10:08:40,204.15,7186349
2021-06-18 10:08:41,204.15,7186447
2021-06-18 10:08:42,204.1,7186687
2021-06-18 10:08:43,204.1,7187383
2021-06-18 10:08:44,204.2,7190383
2021-06-18 10:08:45,204.2,7191104
2021-06-18 10:08:46,204.1,7193295
2021-06-18 10:08:47,204.1,7193622
2021-06-18 10:08:47,204.2,7194160
2021-06-18 10:08:48,204.2,7194204
2021-06-18 10:08:49,204.2,7194245
2021-06-18 10:08:50,204.2,7194262
2021-06-18 10:08:51,204.2,7194277
2021-06-18 10:08:52,204.2,7194393
2021-06-18 10:08:53,204.15,7194455
2021-06-18 10:08:55,204.15,7198177
2021-06-18 10:08:56,204.1,7198437
2021-06-18 10:08:57,204.1,7199178
2021-06-18 10:08:58,204.15,7199317
2021-06-18 10:08:59,204.15,7199673
2021-06-18 10:09:00,204.15,7200713
2021-06-18 10:09:00,204.15,7200714
2021-06-18 10:09:01,204.15,7200724
2021-06-18 10:09:02,204.15,7200761
2021-06-18 10:09:03,204.15,7203272
2021-06-18 10:09:04,204.05,7203507
2021-06-18 10:09:05,204.15,7204016
2021-06-18 10:09:06,204.05,7204654
2021-06-18 10:09:07,204.15,7204769
2021-06-18 10:09:08,204.15,7204780
2021-06-18 10:09:09,204.15,7204940
2021-06-18 10:09:11,204.15,7205078
2021-06-18 10:09:12,204.15,7205309
2021-06-18 10:09:13,204.15,7205704
2021-06-18 10:09:14,204.05,7206408
2021-06-18 10:09:15,204.05,7206558
2021-06-18 10:09:16,204.05,7207253
2021-06-18 10:09:17,204.1,7207279
2021-06-18 10:09:18,204.15,7207594
2021-06-18 10:09:19,204.15,7207844
2021-06-18 10:09:20,204.15,7207931
2021-06-18 10:09:21,204.15,7208004
2021-06-18 10:09:22,204.15,7208274
2021-06-18 10:09:23,204.05,7208298
2021-06-18 10:09:24,204.1,7208328
2021-06-18 10:09:25,204.1,7208641
2021-06-18 10:09:26,204.1,7209695
2021-06-18 10:09:27,204.1,7210069
2021-06-18 10:09:28,204.1,7210097
2021-06-18 10:09:29,204.1,7210411
2021-06-18 10:09:30,204.1,7210578
2021-06-18 10:09:30,204.1,7210588
2021-06-18 10:09:31,204.05,7211024
2021-06-18 10:09:32,204.05,7212132
2021-06-18 10:09:33,204.15,7212985
2021-06-18 10:09:34,204.15,7212990
2021-06-18 10:09:36,204.15,7212996
2021-06-18 10:09:37,204.15,7213236
2021-06-18 10:09:38,204.15,7213756
2021-06-18 10:09:39,204.1,7213806
2021-06-18 10:09:39,204.1,7213806
2021-06-18 10:09:40,204.1,7213860
2021-06-18 10:09:41,204.15,7213927
2021-06-18 10:09:42,204.15,7214327
2021-06-18 10:09:43,204.15,7214337
2021-06-18 10:09:45,204.15,7217504
2021-06-18 10:09:46,204.1,7218751
2021-06-18 10:09:47,204.1,7218877
2021-06-18 10:09:48,204.1,7220266
2021-06-18 10:09:49,204.1,7220783
2021-06-18 10:09:50,204.1,7221009
2021-06-18 10:09:51,204.1,7221036
2021-06-18 10:09:52,204.1,7221393
2021-06-18 10:09:53,204.1,7221623
2021-06-18 10:09:54,204.1,7221854
2021-06-18 10:09:54,204.1,7221958
2021-06-18 10:09:55,204.1,7222255
2021-06-18 10:09:56,204.1,7223491
2021-06-18 10:09:57,204.05,7224021
2021-06-18 10:09:58,204.15,7225596
2021-06-18 10:09:59,204.15,7225750
2021-06-18 10:10:00,204.15,7225829
2021-06-18 10:10:02,204.15,7226044
2021-06-18 10:10:03,204.1,7226281
2021-06-18 10:10:04,204.1,7227653
2021-06-18 10:10:05,204.05,7228001
2021-06-18 10:10:06,204.1,7228137
2021-06-18 10:10:07,204.05,7228159
2021-06-18 10:10:08,204.05,7228778
2021-06-18 10:10:09,204.05,7229202
2021-06-18 10:10:11,204.05,7229274
2021-06-18 10:10:12,204.05,7229361
2021-06-18 10:10:13,204.05,7230008
2021-06-18 10:10:14,204.05,7230656
2021-06-18 10:10:15,204.0,7232719
2021-06-18 10:10:16,204.1,7237782
2021-06-18 10:10:17,204.1,7237803
2021-06-18 10:10:18,204.1,7243288
2021-06-18 10:10:19,204.1,7243376
2021-06-18 10:10:20,204.1,7243936
2021-06-18 10:10:21,204.1,7244450
2021-06-18 10:10:22,204.15,7244614
2021-06-18 10:10:22,204.15,7249124
2021-06-18 10:10:24,204.1,7251250
2021-06-18 10:10:25,204.15,7251286
2021-06-18 10:10:25,204.05,7251667
2021-06-18 10:10:26,204.1,7251832
2021-06-18 10:10:27,204.15,7252058
2021-06-18 10:10:28,204.15,7252181
2021-06-18 10:10:29,204.15,7252583
2021-06-18 10:10:30,204.05,7253232
2021-06-18 10:10:32,204.15,7255755
2021-06-18 10:10:33,204.05,7255809
2021-06-18 10:10:34,204.05,7256074
2021-06-18 10:10:36,204.15,7257250
2021-06-18 10:10:37,204.05,7257548
2021-06-18 10:10:38,204.05,7258368
2021-06-18 10:10:39,204.1,7259128
2021-06-18 10:10:40,204.0,7259506
2021-06-18 10:10:41,204.0,7262232
2021-06-18 10:10:43,204.0,7290274
2021-06-18 10:10:44,203.95,7291132
2021-06-18 10:10:45,204.0,7292570
2021-06-18 10:10:46,204.0,7293383
2021-06-18 10:10:47,203.95,7300202
2021-06-18 10:10:48,203.9,7300226
2021-06-18 10:10:49,203.9,7300294
2021-06-18 10:10:50,203.9,7300616
2021-06-18 10:10:51,203.85,7300872
2021-06-18 10:10:52,203.9,7301754
2021-06-18 10:10:53,203.9,7302371
2021-06-18 10:10:54,203.9,7303171
2021-06-18 10:10:55,203.85,7303330
2021-06-18 10:10:56,203.9,7303952
2021-06-18 10:10:57,203.85,7303988
2021-06-18 10:10:57,203.9,7304289
2021-06-18 10:10:58,204.0,7307844
2021-06-18 10:10:59,203.95,7307897
2021-06-18 10:11:00,203.95,7308287
2021-06-18 10:11:01,203.95,7308642
2021-06-18 10:11:02,204.0,7308736
2021-06-18 10:11:03,204.0,7311449
2021-06-18 10:11:04,204.0,7313172
2021-06-18 10:11:05,203.95,7313450
2021-06-18 10:11:07,204.0,7313525
2021-06-18 10:11:08,204.0,7313633
2021-06-18 10:11:09,204.0,7325184
2021-06-18 10:11:11,204.0,7325215
2021-06-18 10:11:11,204.0,7325420
2021-06-18 10:11:12,204.05,7326303
2021-06-18 10:11:14,204.0,7326368
2021-06-18 10:11:15,204.05,7326553
2021-06-18 10:11:16,204.05,7326650
2021-06-18 10:11:17,204.05,7327721
2021-06-18 10:11:18,204.05,7327835
2021-06-18 10:11:19,204.05,7328159
2021-06-18 10:11:20,204.05,7328173
2021-06-18 10:11:21,204.05,7329251
2021-06-18 10:11:22,204.0,7330271
2021-06-18 10:11:23,204.05,7330301
2021-06-18 10:11:24,203.95,7330401
2021-06-18 10:11:25,204.0,7332528
2021-06-18 10:11:26,204.0,7333779
2021-06-18 10:11:26,204.0,7334129
2021-06-18 10:11:27,204.0,7334360
2021-06-18 10:11:29,204.0,7334418
2021-06-18 10:11:30,204.0,7334420
2021-06-18 10:11:31,204.0,7334480
2021-06-18 10:11:32,204.0,7334602
2021-06-18 10:11:33,204.0,7335748
2021-06-18 10:11:34,204.0,7336124
2021-06-18 10:11:35,204.0,7338077
2021-06-18 10:11:35,204.0,7338177
2021-06-18 10:11:36,204.0,7338728
2021-06-18 10:11:37,203.9,7338970
2021-06-18 10:11:38,204.0,7339227
2021-06-18 10:11:39,204.0,7339237
2021-06-18 10:11:40,203.9,7339241
2021-06-18 10:11:41,204.0,7339245
2021-06-18 10:11:43,204.0,7339401
2021-06-18 10:11:43,204.0,7339467
2021-06-18 10:11:45,203.9,7340321
2021-06-18 10:11:46,204.0,7340608
2021-06-18 10:11:47,203.9,7341071
2021-06-18 10:11:48,203.9,7341451
2021-06-18 10:11:49,204.0,7341703
2021-06-18 10:11:50,204.0,7343969
2021-06-18 10:11:51,204.0,7344880
2021-06-18 10:11:52,204.0,7344924
2021-06-18 10:11:52,204.0,7344949
2021-06-18 10:11:53,204.0,7345353
2021-06-18 10:11:54,204.0,7348598
2021-06-18 10:11:55,204.0,7348836
2021-06-18 10:11:56,204.0,7348978
2021-06-18 10:11:57,204.0,7349200
2021-06-18 10:11:58,204.0,7349247
2021-06-18 10:11:59,203.9,7349277
2021-06-18 10:12:01,204.0,7349688
2021-06-18 10:12:02,204.0,7349789
2021-06-18 10:12:03,204.0,7350010
2021-06-18 10:12:04,204.0,7350119
2021-06-18 10:12:05,204.0,7351122
2021-06-18 10:12:06,204.0,7351142
2021-06-18 10:12:07,204.0,7351179
2021-06-18 10:12:08,204.0,7351326
2021-06-18 10:12:09,204.0,7351336
2021-06-18 10:12:11,204.0,7378806
2021-06-18 10:12:12,204.0,7379963
2021-06-18 10:12:13,204.0,7380334
2021-06-18 10:12:14,204.0,7380555
2021-06-18 10:12:15,204.0,7380577
2021-06-18 10:12:16,203.95,7380683
2021-06-18 10:12:17,203.95,7380695
2021-06-18 10:12:18,203.95,7382441
2021-06-18 10:12:19,204.0,7382601
2021-06-18 10:12:20,204.0,7382632
2021-06-18 10:12:21,204.0,7389335
2021-06-18 10:12:22,204.0,7389360
2021-06-18 10:12:23,204.0,7389693
2021-06-18 10:12:24,203.95,7390025
2021-06-18 10:12:25,204.0,7390290
2021-06-18 10:12:26,204.0,7390600
2021-06-18 10:12:27,203.95,7390743
2021-06-18 10:12:28,204.0,7390951
2021-06-18 10:12:29,204.0,7390956
2021-06-18 10:12:30,203.95,7391182
2021-06-18 10:12:31,203.95,7391530
2021-06-18 10:12:33,203.95,7391612
2021-06-18 10:12:34,203.95,7391724
2021-06-18 10:12:35,203.95,7391865
2021-06-18 10:12:36,203.9,7392074
2021-06-18 10:12:37,203.95,7392517
2021-06-18 10:12:38,203.95,7392548
2021-06-18 10:12:39,203.9,7392584
2021-06-18 10:12:40,203.95,7394322
2021-06-18 10:12:41,203.95,7394482
2021-06-18 10:12:42,203.95,7394703
2021-06-18 10:12:43,203.95,7396064
2021-06-18 10:12:44,203.9,7398235
2021-06-18 10:12:45,203.95,7398261
2021-06-18 10:12:46,203.95,7398520
2021-06-18 10:12:47,203.95,7401254
2021-06-18 10:12:48,203.95,7401371
2021-06-18 10:12:49,203.95,7402477
2021-06-18 10:12:50,203.9,7402525
2021-06-18 10:12:51,203.95,7402559
2021-06-18 10:12:52,203.95,7402880
2021-06-18 10:12:53,203.9,7403521
2021-06-18 10:12:54,203.95,7403553
2021-06-18 10:12:55,203.95,7404016
2021-06-18 10:12:56,203.95,7404169
2021-06-18 10:12:57,204.0,7404247
2021-06-18 10:12:58,203.95,7404261
2021-06-18 10:12:59,204.0,7404369
2021-06-18 10:13:00,204.0,7404420
2021-06-18 10:13:01,204.0,7410786
2021-06-18 10:13:02,203.9,7410921
2021-06-18 10:13:03,203.95,7410932
2021-06-18 10:13:04,203.9,7412249
2021-06-18 10:13:05,203.95,7412252
2021-06-18 10:13:06,203.9,7412576
2021-06-18 10:13:07,203.95,7412618
2021-06-18 10:13:08,204.0,7414125
2021-06-18 10:13:09,203.95,7414180
2021-06-18 10:13:10,203.95,7414580
2021-06-18 10:13:11,203.95,7414602
2021-06-18 10:13:12,203.95,7415305
2021-06-18 10:13:13,204.0,7415488
2021-06-18 10:13:14,204.0,7415929
2021-06-18 10:13:15,203.9,7417339
2021-06-18 10:13:16,203.95,7417590
2021-06-18 10:13:17,203.9,7417891
2021-06-18 10:13:18,203.95,7418346
2021-06-18 10:13:19,203.85,7419365
2021-06-18 10:13:20,203.85,7423867
2021-06-18 10:13:22,203.85,7424934
2021-06-18 10:13:23,203.85,7425317
2021-06-18 10:13:24,203.85,7425436
2021-06-18 10:13:25,203.85,7425678
2021-06-18 10:13:26,203.85,7426386
2021-06-18 10:13:27,203.85,7427515
2021-06-18 10:13:28,203.85,7427626
2021-06-18 10:13:29,203.85,7427854
2021-06-18 10:13:30,203.9,7427933
2021-06-18 10:13:31,203.9,7427948
2021-06-18 10:13:32,203.95,7428985
2021-06-18 10:13:33,203.95,7428993
2021-06-18 10:13:34,203.95,7429211
2021-06-18 10:13:35,203.95,7429372
2021-06-18 10:13:36,203.95,7429442
2021-06-18 10:13:37,203.95,7429706
2021-06-18 10:13:38,203.95,7430665
2021-06-18 10:13:39,203.95,7430670
2021-06-18 10:13:40,203.95,7430782
2021-06-18 10:13:41,203.95,7431918
2021-06-18 10:13:42,203.95,7433156
2021-06-18 10:13:43,203.95,7433320
2021-06-18 10:13:44,203.95,7433573
2021-06-18 10:13:45,203.95,7433955
2021-06-18 10:13:47,203.95,7434076
2021-06-18 10:13:48,203.9,7434379
2021-06-18 10:13:50,203.9,7450266
2021-06-18 10:13:51,203.9,7450469
2021-06-18 10:13:52,203.9,7450752
2021-06-18 10:13:53,203.8,7450917
2021-06-18 10:13:54,203.9,7451089
2021-06-18 10:13:55,203.9,7451157
2021-06-18 10:13:56,203.9,7451583
2021-06-18 10:13:57,203.8,7451856
2021-06-18 10:13:58,203.8,7453298
2021-06-18 10:13:59,203.9,7453406
2021-06-18 10:14:00,203.9,7453523
2021-06-18 10:14:01,203.9,7454124
2021-06-18 10:14:02,203.9,7454325
2021-06-18 10:14:03,203.9,7454499
2021-06-18 10:14:04,203.9,7454827
2021-06-18 10:14:05,203.9,7454917
2021-06-18 10:14:06,203.9,7455889
2021-06-18 10:14:07,203.9,7455962
2021-06-18 10:14:09,203.9,7458106
2021-06-18 10:14:10,203.9,7458117
2021-06-18 10:14:12,203.9,7460535
2021-06-18 10:14:13,203.9,7461426
2021-06-18 10:14:14,203.9,7461993
2021-06-18 10:14:15,203.9,7461993
2021-06-18 10:14:16,203.95,7462175
2021-06-18 10:14:18,203.9,7463029
2021-06-18 10:14:19,203.9,7463504
2021-06-18 10:14:20,203.9,7463614
2021-06-18 10:14:21,203.95,7464233
2021-06-18 10:14:22,203.9,7464348
2021-06-18 10:14:23,203.95,7464395
2021-06-18 10:14:24,203.85,7467717
2021-06-18 10:14:25,203.95,7467976
2021-06-18 10:14:26,203.95,7468063
2021-06-18 10:14:27,203.95,7468189
2021-06-18 10:14:28,203.95,7468299
2021-06-18 10:14:29,203.95,7468390
2021-06-18 10:14:30,203.95,7468395
2021-06-18 10:14:31,203.9,7468960
2021-06-18 10:14:32,203.95,7469691
2021-06-18 10:14:33,203.9,7469843
2021-06-18 10:14:34,203.9,7470016
2021-06-18 10:14:35,203.9,7470211
2021-06-18 10:14:36,203.9,7470230
2021-06-18 10:14:37,203.9,7470835
2021-06-18 10:14:38,203.9,7470886
2021-06-18 10:14:39,203.9,7470952
2021-06-18 10:14:40,203.9,7471457
2021-06-18 10:14:41,203.9,7472144
2021-06-18 10:14:42,203.9,7474460
2021-06-18 10:14:43,203.85,7475206
2021-06-18 10:14:44,203.8,7475517
2021-06-18 10:14:45,203.9,7476262
2021-06-18 10:14:46,203.85,7478290
2021-06-18 10:14:47,203.85,7478342
2021-06-18 10:14:48,203.85,7478468
2021-06-18 10:14:49,203.85,7478658
2021-06-18 10:14:50,203.8,7479059
2021-06-18 10:14:51,203.85,7479170
2021-06-18 10:14:52,203.8,7479438
2021-06-18 10:14:53,203.85,7479493
2021-06-18 10:14:54,203.85,7479951
2021-06-18 10:14:55,203.85,7480475
2021-06-18 10:14:57,203.85,7480700
2021-06-18 10:14:58,203.85,7480843
2021-06-18 10:14:59,203.8,7481078
2021-06-18 10:15:00,203.8,7483425
2021-06-18 10:15:01,203.9,7483445
2021-06-18 10:15:03,203.9,7483501
2021-06-18 10:15:03,203.9,7483851
2021-06-18 10:15:04,203.85,7484448
2021-06-18 10:15:05,203.9,7486407
2021-06-18 10:15:06,203.85,7486466
2021-06-18 10:15:07,203.85,7489925
2021-06-18 10:15:08,203.8,7492704
2021-06-18 10:15:09,203.85,7493315
2021-06-18 10:15:10,203.85,7493364
2021-06-18 10:15:12,203.85,7493775
2021-06-18 10:15:12,203.85,7496980
2021-06-18 10:15:13,203.85,7497171
2021-06-18 10:15:14,203.8,7508946
2021-06-18 10:15:15,203.7,7538273
2021-06-18 10:15:16,203.7,7541740
2021-06-18 10:15:17,203.7,7542274
2021-06-18 10:15:18,203.6,7542563
2021-06-18 10:15:19,203.7,7544929
2021-06-18 10:15:20,203.7,7545132
2021-06-18 10:15:21,203.7,7545248
2021-06-18 10:15:22,203.65,7547869
2021-06-18 10:15:23,203.7,7549142
2021-06-18 10:15:24,203.7,7550157
2021-06-18 10:15:25,203.65,7552057
2021-06-18 10:15:26,203.7,7552829
2021-06-18 10:15:28,203.7,7553685
2021-06-18 10:15:28,203.7,7554951
2021-06-18 10:15:29,203.7,7555014
2021-06-18 10:15:31,203.7,7555938
2021-06-18 10:15:32,203.7,7556654
2021-06-18 10:15:33,203.65,7556843
2021-06-18 10:15:34,203.7,7556960
2021-06-18 10:15:35,203.65,7557034
2021-06-18 10:15:36,203.7,7557241
2021-06-18 10:15:37,203.7,7558103
2021-06-18 10:15:38,203.7,7558145
2021-06-18 10:15:39,203.7,7558250
2021-06-18 10:15:40,203.7,7559270
2021-06-18 10:15:41,203.7,7560253
2021-06-18 10:15:42,203.7,7560408
2021-06-18 10:15:43,203.7,7560488
2021-06-18 10:15:44,203.7,7561120
2021-06-18 10:15:46,203.7,7561412
2021-06-18 10:15:47,203.7,7561504
2021-06-18 10:15:47,203.7,7561534
2021-06-18 10:15:48,203.7,7561657
2021-06-18 10:15:49,203.7,7561742
2021-06-18 10:15:50,203.7,7562810
2021-06-18 10:15:51,203.75,7563999
2021-06-18 10:15:52,203.75,7565010
2021-06-18 10:15:53,203.7,7565044
2021-06-18 10:15:54,203.75,7565049
2021-06-18 10:15:55,203.7,7565428
2021-06-18 10:15:56,203.7,7565626
2021-06-18 10:15:57,203.7,7565665
2021-06-18 10:15:58,203.7,7566528
2021-06-18 10:15:59,203.7,7567073
2021-06-18 10:16:00,203.7,7567237
2021-06-18 10:16:01,203.7,7568278
2021-06-18 10:16:02,203.7,7568413
2021-06-18 10:16:03,203.7,7571732
2021-06-18 10:16:04,203.7,7573169
2021-06-18 10:16:07,203.7,7576260
2021-06-18 10:16:08,203.7,7576649
2021-06-18 10:16:09,203.7,7577149
2021-06-18 10:16:11,203.65,7577224
2021-06-18 10:16:13,203.75,7581989
2021-06-18 10:16:14,203.7,7582085
2021-06-18 10:16:15,203.7,7582415
2021-06-18 10:16:16,203.7,7582566
2021-06-18 10:16:17,203.75,7582647
2021-06-18 10:16:18,203.75,7582920
2021-06-18 10:16:19,203.75,7583173
2021-06-18 10:16:20,203.7,7583230
2021-06-18 10:16:21,203.75,7583510
2021-06-18 10:16:22,203.8,7585170
2021-06-18 10:16:23,203.8,7585881
2021-06-18 10:16:24,203.75,7585931
2021-06-18 10:16:25,203.8,7587054
2021-06-18 10:16:26,203.7,7588058
2021-06-18 10:16:27,203.8,7588587
2021-06-18 10:16:28,203.8,7588704
2021-06-18 10:16:29,203.8,7588836
2021-06-18 10:16:30,203.8,7589504
2021-06-18 10:16:31,203.8,7590659
2021-06-18 10:16:32,203.85,7590996
2021-06-18 10:16:34,203.85,7591040
2021-06-18 10:16:34,203.85,7591250
2021-06-18 10:16:35,203.85,7591329
2021-06-18 10:16:36,203.85,7591591
2021-06-18 10:16:37,203.8,7596319
2021-06-18 10:16:38,203.8,7596464
2021-06-18 10:16:39,203.8,7596693
2021-06-18 10:16:40,203.8,7596943
2021-06-18 10:16:41,203.8,7597093
2021-06-18 10:16:42,203.8,7597100
2021-06-18 10:16:43,203.8,7597239
2021-06-18 10:16:45,203.85,7597434
2021-06-18 10:16:45,203.8,7597429
2021-06-18 10:16:46,203.85,7597464
2021-06-18 10:16:47,203.85,7597525
2021-06-18 10:16:48,203.85,7597535
2021-06-18 10:16:50,203.85,7597863
2021-06-18 10:16:50,203.8,7597926
2021-06-18 10:16:51,203.85,7598005
2021-06-18 10:16:52,203.85,7598090
2021-06-18 10:16:53,203.85,7598143
2021-06-18 10:16:54,203.85,7598186
2021-06-18 10:16:55,203.85,7598683
2021-06-18 10:16:56,203.9,7599538
2021-06-18 10:16:57,203.85,7599845
2021-06-18 10:16:59,203.9,7602067
2021-06-18 10:16:59,203.9,7602231
2021-06-18 10:17:00,203.9,7602674
2021-06-18 10:17:01,203.9,7602708
2021-06-18 10:17:03,203.75,7607008
2021-06-18 10:17:04,203.75,7608632
2021-06-18 10:17:05,203.75,7608786
2021-06-18 10:17:06,203.75,7608964
2021-06-18 10:17:07,203.75,7609940
2021-06-18 10:17:09,203.75,7610096
2021-06-18 10:17:10,203.75,7610250
2021-06-18 10:17:11,203.75,7610431
2021-06-18 10:17:12,203.75,7614079
2021-06-18 10:17:12,203.75,7613675
2021-06-18 10:17:13,203.75,7615185
2021-06-18 10:17:14,203.75,7616796
2021-06-18 10:17:15,203.75,7617844
2021-06-18 10:17:16,203.75,7618102
2021-06-18 10:17:17,203.75,7618844
2021-06-18 10:17:18,203.75,7619360
2021-06-18 10:17:20,203.75,7619661
2021-06-18 10:17:22,203.75,7620935
2021-06-18 10:17:22,203.75,7625950
2021-06-18 10:17:23,203.75,7626348
2021-06-18 10:17:24,203.75,7626882
2021-06-18 10:17:25,203.7,7626974
2021-06-18 10:17:26,203.75,7627091
2021-06-18 10:17:27,203.75,7627444
2021-06-18 10:17:28,203.75,7628750
2021-06-18 10:17:30,203.7,7629268
2021-06-18 10:17:31,203.75,7629663
2021-06-18 10:17:32,203.75,7629884
2021-06-18 10:17:33,203.75,7631089
2021-06-18 10:17:33,203.75,7631143
2021-06-18 10:17:34,203.75,7631416
2021-06-18 10:17:35,203.75,7631501
2021-06-18 10:17:37,203.75,7632015
2021-06-18 10:17:38,203.7,7642298
2021-06-18 10:17:38,203.7,7642298
