timestamp,ltp,volume
2021-06-18 09:18:43,685.9,492023
2021-06-18 09:18:43,685.9,492023
2021-06-18 09:18:44,685.95,492787
2021-06-18 09:18:45,685.4,495150
2021-06-18 09:18:46,685.5,496506
2021-06-18 09:18:47,685.7,497551
2021-06-18 09:18:48,685.75,497972
2021-06-18 09:18:49,685.6,499093
2021-06-18 09:18:50,684.65,511655
2021-06-18 09:18:51,684.7,512897
2021-06-18 09:18:52,684.7,515322
2021-06-18 09:18:53,684.6,515659
2021-06-18 09:18:54,685.15,519436
2021-06-18 09:18:55,684.8,521726
2021-06-18 09:18:56,684.2,522516
2021-06-18 09:18:57,684.15,524409
2021-06-18 09:18:58,684.1,525874
2021-06-18 09:18:59,684.1,526015
2021-06-18 09:19:00,684.3,526211
2021-06-18 09:19:01,684.2,526241
2021-06-18 09:19:02,684.25,528651
2021-06-18 09:19:03,684.0,529244
2021-06-18 09:19:04,684.1,531627
2021-06-18 09:19:06,684.45,533102
2021-06-18 09:19:06,684.05,533162
2021-06-18 09:19:07,684.45,534251
2021-06-18 09:19:08,684.35,536201
2021-06-18 09:19:09,684.5,537163
2021-06-18 09:19:10,685.0,541373
2021-06-18 09:19:11,685.2,543503
2021-06-18 09:19:12,685.25,546510
2021-06-18 09:19:13,684.9,549791
2021-06-18 09:19:16,685.15,552169
2021-06-18 09:19:17,685.0,553049
2021-06-18 09:19:18,684.9,553854
2021-06-18 09:19:19,684.95,555819
2021-06-18 09:19:20,684.85,556980
2021-06-18 09:19:21,684.75,559999
2021-06-18 09:19:22,684.7,560965
2021-06-18 09:19:23,685.0,562153
2021-06-18 09:19:25,684.65,562910
2021-06-18 09:19:25,684.65,562911
2021-06-18 09:19:26,684.3,574681
2021-06-18 09:19:27,684.4,575618
2021-06-18 09:19:28,684.6,576270
2021-06-18 09:19:29,684.45,577046
2021-06-18 09:19:30,684.7,577322
2021-06-18 09:19:31,684.7,577747
2021-06-18 09:19:32,684.5,578406
2021-06-18 09:19:33,684.5,579400
2021-06-18 09:19:34,684.65,579632
2021-06-18 09:19:35,684.65,580363
2021-06-18 09:19:36,685.0,580834
2021-06-18 09:19:37,684.9,582848
2021-06-18 09:19:38,685.3,582868
2021-06-18 09:19:39,685.0,583251
2021-06-18 09:19:40,685.3,585102
2021-06-18 09:19:42,684.95,586315
2021-06-18 09:19:43,685.3,587923
2021-06-18 09:19:44,685.25,588386
2021-06-18 09:19:45,685.4,588872
2021-06-18 09:19:46,685.45,589345
2021-06-18 09:19:47,685.5,589873
2021-06-18 09:19:48,685.55,590860
2021-06-18 09:19:49,685.45,593048
2021-06-18 09:19:50,685.25,593402
2021-06-18 09:19:51,685.45,594317
2021-06-18 09:19:52,685.6,595704
2021-06-18 09:19:53,685.5,596256
2021-06-18 09:19:54,685.45,596291
2021-06-18 09:19:55,685.7,596941
2021-06-18 09:19:56,686.6,602082
2021-06-18 09:19:57,686.35,602925
2021-06-18 09:19:58,686.65,603358
2021-06-18 09:19:59,686.65,603581
2021-06-18 09:20:00,686.3,605777
2021-06-18 09:20:01,686.3,607928
2021-06-18 09:20:03,685.6,609511
2021-06-18 09:20:03,685.85,609711
2021-06-18 09:20:04,685.65,612221
2021-06-18 09:20:05,685.4,614799
2021-06-18 09:20:06,685.35,622867
2021-06-18 09:20:07,685.35,624392
2021-06-18 09:20:08,685.3,625261
2021-06-18 09:20:09,685.3,625464
2021-06-18 09:20:10,684.7,627063
2021-06-18 09:20:11,684.75,628040
2021-06-18 09:20:12,684.65,629584
2021-06-18 09:20:13,683.95,651011
2021-06-18 09:20:14,685.15,664738
2021-06-18 09:20:15,685.0,665837
2021-06-18 09:20:16,684.9,666304
2021-06-18 09:20:17,685.0,666334
2021-06-18 09:20:18,685.0,668210
2021-06-18 09:20:19,685.3,668871
2021-06-18 09:20:20,685.0,668893
2021-06-18 09:20:21,684.8,673633
2021-06-18 09:20:22,684.45,674937
2021-06-18 09:20:24,684.8,675507
2021-06-18 09:20:24,684.8,675507
2021-06-18 09:20:26,684.8,676824
2021-06-18 09:20:28,685.25,678231
2021-06-18 09:20:28,684.95,679039
2021-06-18 09:20:29,684.9,680008
2021-06-18 09:20:30,685.0,680274
2021-06-18 09:20:31,684.65,680784
2021-06-18 09:20:32,684.7,681912
2021-06-18 09:20:33,683.65,695061
2021-06-18 09:20:34,683.1,711709
2021-06-18 09:20:35,683.2,711711
2021-06-18 09:20:36,682.8,713623
2021-06-18 09:20:37,683.05,715764
2021-06-18 09:20:38,682.7,717325
2021-06-18 09:20:39,683.0,717751
2021-06-18 09:20:40,682.4,732967
2021-06-18 09:20:41,682.7,737715
2021-06-18 09:20:42,683.05,738625
2021-06-18 09:20:43,683.15,739514
2021-06-18 09:20:44,683.1,740614
2021-06-18 09:20:45,682.5,741874
2021-06-18 09:20:46,682.7,741996
2021-06-18 09:20:48,683.1,744119
2021-06-18 09:20:49,683.0,744234
2021-06-18 09:20:50,682.5,746442
2021-06-18 09:20:51,682.95,749903
2021-06-18 09:20:52,682.85,750752
2021-06-18 09:20:53,682.85,751352
2021-06-18 09:20:55,682.55,753358
2021-06-18 09:20:56,682.6,753864
2021-06-18 09:20:57,682.6,755033
2021-06-18 09:20:58,682.7,756635
2021-06-18 09:20:59,681.45,788037
2021-06-18 09:21:00,681.5,791672
2021-06-18 09:21:01,681.45,792788
2021-06-18 09:21:02,681.75,796335
2021-06-18 09:21:03,681.05,797174
2021-06-18 09:21:04,681.35,799207
2021-06-18 09:21:05,681.65,800395
2021-06-18 09:21:06,680.5,826876
2021-06-18 09:21:07,680.8,828115
2021-06-18 09:21:08,681.3,832442
2021-06-18 09:21:09,680.4,834723
2021-06-18 09:21:10,681.15,834882
2021-06-18 09:21:11,680.95,837102
2021-06-18 09:21:12,681.2,837468
2021-06-18 09:21:13,681.5,837650
2021-06-18 09:21:16,681.4,843807
2021-06-18 09:21:17,681.95,846881
2021-06-18 09:21:18,681.55,848165
2021-06-18 09:21:19,682.15,849501
2021-06-18 09:21:20,681.95,849677
2021-06-18 09:21:20,682.2,849753
2021-06-18 09:21:21,681.95,849875
2021-06-18 09:21:22,682.2,851801
2021-06-18 09:21:23,682.15,851994
2021-06-18 09:21:24,682.0,853372
2021-06-18 09:21:25,681.8,854062
2021-06-18 09:21:26,682.45,855728
2021-06-18 09:21:27,682.8,856361
2021-06-18 09:21:28,682.15,857325
2021-06-18 09:21:29,682.1,857583
2021-06-18 09:21:30,682.6,858028
2021-06-18 09:21:31,682.6,858500
2021-06-18 09:21:32,682.7,859751
2021-06-18 09:21:33,683.05,861523
2021-06-18 09:21:34,682.6,861830
2021-06-18 09:21:35,683.0,862462
2021-06-18 09:21:36,683.0,862743
2021-06-18 09:21:37,683.0,864283
2021-06-18 09:21:38,683.45,865873
2021-06-18 09:21:39,683.5,866638
2021-06-18 09:21:40,683.4,867141
2021-06-18 09:21:41,683.85,867226
2021-06-18 09:21:42,683.55,867361
2021-06-18 09:21:43,684.0,868799
2021-06-18 09:21:44,684.3,870265
2021-06-18 09:21:45,684.55,870481
2021-06-18 09:21:46,684.35,871563
2021-06-18 09:21:47,684.3,871979
2021-06-18 09:21:48,683.55,873931
2021-06-18 09:21:49,683.5,874275
2021-06-18 09:21:50,683.5,874851
2021-06-18 09:21:51,683.25,876598
2021-06-18 09:21:52,683.6,877005
2021-06-18 09:21:53,683.45,878414
2021-06-18 09:21:54,683.25,880630
2021-06-18 09:21:55,683.5,881161
2021-06-18 09:21:56,683.55,882461
2021-06-18 09:21:57,682.9,884367
2021-06-18 09:21:58,682.75,884799
2021-06-18 09:21:59,683.2,884935
2021-06-18 09:22:00,683.4,885120
2021-06-18 09:22:01,682.9,888566
2021-06-18 09:22:02,682.55,889686
2021-06-18 09:22:03,682.3,891175
2021-06-18 09:22:04,682.3,891175
2021-06-18 09:22:05,683.0,892428
2021-06-18 09:22:06,683.0,892481
2021-06-18 09:22:07,682.1,905205
2021-06-18 09:22:08,682.5,905809
2021-06-18 09:22:09,682.6,906164
2021-06-18 09:22:10,682.6,906341
2021-06-18 09:22:12,682.6,906624
2021-06-18 09:22:12,682.5,906637
2021-06-18 09:22:13,682.6,906838
2021-06-18 09:22:14,682.6,906838
2021-06-18 09:22:16,683.0,907530
2021-06-18 09:22:17,683.0,907597
2021-06-18 09:22:18,683.0,907597
2021-06-18 09:22:19,682.95,908115
2021-06-18 09:22:20,683.25,910058
2021-06-18 09:22:21,683.35,910118
2021-06-18 09:22:23,683.35,910192
2021-06-18 09:22:24,683.55,912674
2021-06-18 09:22:25,683.55,914460
2021-06-18 09:22:26,683.65,914842
2021-06-18 09:22:27,683.65,915109
2021-06-18 09:22:28,683.35,915425
2021-06-18 09:22:29,683.05,917814
2021-06-18 09:22:29,683.2,918254
2021-06-18 09:22:30,682.95,923022
2021-06-18 09:22:32,683.7,931714
2021-06-18 09:22:33,683.65,932444
2021-06-18 09:22:34,684.05,935758
2021-06-18 09:22:35,684.05,935778
2021-06-18 09:22:35,684.05,935778
2021-06-18 09:22:36,684.35,937012
2021-06-18 09:22:37,684.3,937147
2021-06-18 09:22:39,684.7,939236
2021-06-18 09:22:40,685.15,944000
2021-06-18 09:22:41,685.3,944262
2021-06-18 09:22:42,685.15,945863
2021-06-18 09:22:43,685.0,946208
2021-06-18 09:22:44,684.8,947556
2021-06-18 09:22:45,685.15,948818
2021-06-18 09:22:46,685.2,949130
2021-06-18 09:22:47,684.85,949430
2021-06-18 09:22:47,685.2,951680
2021-06-18 09:22:49,685.25,952721
2021-06-18 09:22:50,685.25,954150
2021-06-18 09:22:51,685.0,955225
2021-06-18 09:22:52,685.0,955626
2021-06-18 09:22:53,684.3,959375
2021-06-18 09:22:54,684.35,959500
2021-06-18 09:22:55,684.7,959607
2021-06-18 09:22:57,683.9,970758
2021-06-18 09:22:58,683.6,979809
2021-06-18 09:22:59,683.6,980320
2021-06-18 09:23:00,683.6,980358
2021-06-18 09:23:01,683.75,980508
2021-06-18 09:23:02,683.85,981114
2021-06-18 09:23:03,683.55,984267
2021-06-18 09:23:04,682.95,989763
2021-06-18 09:23:05,683.2,990499
2021-06-18 09:23:06,683.05,992458
2021-06-18 09:23:07,683.45,992519
2021-06-18 09:23:08,683.1,992907
2021-06-18 09:23:09,683.9,995082
2021-06-18 09:23:10,683.2,996737
2021-06-18 09:23:11,683.55,997050
2021-06-18 09:23:12,682.85,998824
2021-06-18 09:23:13,682.85,999097
2021-06-18 09:23:14,683.0,999205
2021-06-18 09:23:15,683.85,1002455
2021-06-18 09:23:15,683.85,1002653
2021-06-18 09:23:16,683.45,1002810
2021-06-18 09:23:17,683.5,1003411
2021-06-18 09:23:18,683.5,1004222
2021-06-18 09:23:19,682.8,1014035
2021-06-18 09:23:21,682.75,1016038
2021-06-18 09:23:22,682.5,1016232
2021-06-18 09:23:23,682.35,1017849
2021-06-18 09:23:24,682.1,1023604
2021-06-18 09:23:25,682.1,1024499
2021-06-18 09:23:26,682.0,1025325
2021-06-18 09:23:26,682.0,1025325
2021-06-18 09:23:27,682.0,1026078
2021-06-18 09:23:28,681.7,1027247
2021-06-18 09:23:29,681.65,1028252
2021-06-18 09:23:30,681.75,1028707
2021-06-18 09:23:31,681.65,1029491
2021-06-18 09:23:32,681.7,1030240
2021-06-18 09:23:33,682.05,1030752
2021-06-18 09:23:34,682.5,1031487
2021-06-18 09:23:35,682.4,1031638
2021-06-18 09:23:36,682.05,1033095
2021-06-18 09:23:38,682.5,1035725
2021-06-18 09:23:39,683.25,1036328
2021-06-18 09:23:40,682.65,1037179
2021-06-18 09:23:41,682.95,1037987
2021-06-18 09:23:42,683.0,1038046
2021-06-18 09:23:43,683.0,1038548
2021-06-18 09:23:44,682.95,1040985
2021-06-18 09:23:45,682.55,1042199
2021-06-18 09:23:46,682.55,1043667
2021-06-18 09:23:47,682.65,1044453
2021-06-18 09:23:48,683.45,1047108
2021-06-18 09:23:49,683.75,1047291
2021-06-18 09:23:49,683.3,1047470
2021-06-18 09:23:50,683.35,1047786
2021-06-18 09:23:51,683.15,1048304
2021-06-18 09:23:53,683.5,1048513
2021-06-18 09:23:54,683.5,1049781
2021-06-18 09:23:55,683.5,1050178
2021-06-18 09:23:56,683.5,1051973
2021-06-18 09:23:57,683.5,1056625
2021-06-18 09:23:58,683.7,1058030
2021-06-18 09:23:59,683.5,1058309
2021-06-18 09:23:59,683.5,1058329
2021-06-18 09:24:00,683.5,1059083
2021-06-18 09:24:01,683.5,1059614
2021-06-18 09:24:02,683.5,1059797
2021-06-18 09:24:03,683.5,1060418
2021-06-18 09:24:04,683.5,1062124
2021-06-18 09:24:05,683.15,1062296
2021-06-18 09:24:07,683.5,1064208
2021-06-18 09:24:08,683.5,1066091
2021-06-18 09:24:09,683.05,1066452
2021-06-18 09:24:13,683.0,1074040
2021-06-18 09:24:14,683.35,1075623
2021-06-18 09:24:15,683.0,1076709
2021-06-18 09:24:16,683.15,1077788
2021-06-18 09:24:17,683.4,1080554
2021-06-18 09:24:17,682.95,1080499
2021-06-18 09:24:19,683.1,1082558
2021-06-18 09:24:20,683.65,1086804
2021-06-18 09:24:21,683.5,1087966
2021-06-18 09:24:22,683.6,1088591
2021-06-18 09:24:23,683.85,1088861
2021-06-18 09:24:24,683.95,1090054
2021-06-18 09:24:25,683.9,1091433
2021-06-18 09:24:26,683.6,1091583
2021-06-18 09:24:27,683.5,1091675
2021-06-18 09:24:28,683.6,1092371
2021-06-18 09:24:29,683.8,1092657
2021-06-18 09:24:30,683.5,1092968
2021-06-18 09:24:31,683.65,1095680
2021-06-18 09:24:32,683.65,1095828
2021-06-18 09:24:33,684.0,1096843
2021-06-18 09:24:33,684.0,1098655
2021-06-18 09:24:35,684.15,1099936
2021-06-18 09:24:36,684.6,1101299
2021-06-18 09:24:37,684.8,1106078
2021-06-18 09:24:38,684.8,1107521
2021-06-18 09:24:39,684.85,1107979
2021-06-18 09:24:40,684.5,1108674
2021-06-18 09:24:41,684.1,1108774
2021-06-18 09:24:42,684.0,1109831
2021-06-18 09:24:43,684.15,1111530
2021-06-18 09:24:44,684.3,1113239
2021-06-18 09:24:45,683.95,1114960
2021-06-18 09:24:46,684.2,1115046
2021-06-18 09:24:47,684.5,1115207
2021-06-18 09:24:48,684.6,1115659
2021-06-18 09:24:49,684.25,1121298
2021-06-18 09:24:50,684.15,1124734
2021-06-18 09:24:51,684.35,1127104
2021-06-18 09:24:52,684.0,1128005
2021-06-18 09:24:53,684.3,1128187
2021-06-18 09:24:54,684.35,1128880
2021-06-18 09:24:55,684.05,1129833
2021-06-18 09:24:56,684.4,1130583
2021-06-18 09:24:58,684.45,1130858
2021-06-18 09:24:59,684.1,1131170
2021-06-18 09:25:00,684.1,1131919
2021-06-18 09:25:01,684.5,1133400
2021-06-18 09:25:02,684.1,1134585
2021-06-18 09:25:03,684.5,1136110
2021-06-18 09:25:04,684.1,1137472
2021-06-18 09:25:05,684.6,1139408
2021-06-18 09:25:06,684.25,1140047
2021-06-18 09:25:06,684.4,1140175
2021-06-18 09:25:07,684.45,1140755
2021-06-18 09:25:09,684.2,1143046
2021-06-18 09:25:09,684.2,1143193
2021-06-18 09:25:10,684.75,1144062
2021-06-18 09:25:11,684.5,1144760
2021-06-18 09:25:12,684.8,1145629
2021-06-18 09:25:13,684.9,1146048
2021-06-18 09:25:14,685.2,1156449
2021-06-18 09:25:15,685.4,1159286
2021-06-18 09:25:16,685.6,1160947
2021-06-18 09:25:17,685.6,1163109
2021-06-18 09:25:18,685.15,1164648
2021-06-18 09:25:20,685.65,1165608
2021-06-18 09:25:21,685.65,1166301
2021-06-18 09:25:22,685.3,1167148
2021-06-18 09:25:24,685.65,1167718
2021-06-18 09:25:25,685.45,1168351
2021-06-18 09:25:26,685.75,1170291
2021-06-18 09:25:27,685.9,1171325
2021-06-18 09:25:28,685.9,1172085
2021-06-18 09:25:29,686.35,1178359
2021-06-18 09:25:30,685.9,1179582
2021-06-18 09:25:31,686.2,1180492
2021-06-18 09:25:32,686.2,1180974
2021-06-18 09:25:33,685.9,1181141
2021-06-18 09:25:34,685.8,1184471
2021-06-18 09:25:35,686.0,1186790
2021-06-18 09:25:35,686.2,1185004
2021-06-18 09:25:37,686.0,1187620
2021-06-18 09:25:38,685.7,1188837
2021-06-18 09:25:39,686.15,1190647
2021-06-18 09:25:42,686.25,1192991
2021-06-18 09:25:43,686.0,1194451
2021-06-18 09:25:44,686.0,1196405
2021-06-18 09:25:45,686.35,1201205
2021-06-18 09:25:46,685.75,1201474
2021-06-18 09:25:47,685.45,1216517
2021-06-18 09:25:48,686.0,1219164
2021-06-18 09:25:49,685.9,1220991
2021-06-18 09:25:50,685.85,1221136
2021-06-18 09:25:51,685.85,1221733
2021-06-18 09:25:52,686.0,1226990
2021-06-18 09:25:53,686.2,1227948
2021-06-18 09:25:54,685.9,1228784
2021-06-18 09:25:55,685.8,1230473
2021-06-18 09:25:55,685.8,1231625
2021-06-18 09:25:56,685.2,1232615
2021-06-18 09:25:58,685.35,1235658
2021-06-18 09:25:59,685.35,1238751
2021-06-18 09:26:00,685.15,1239526
2021-06-18 09:26:01,685.15,1241579
2021-06-18 09:26:02,685.15,1244090
2021-06-18 09:26:03,685.15,1245072
2021-06-18 09:26:04,685.15,1245386
2021-06-18 09:26:05,685.35,1246156
2021-06-18 09:26:06,685.35,1246293
2021-06-18 09:26:07,685.35,1246428
2021-06-18 09:26:08,685.0,1247635
2021-06-18 09:26:09,685.0,1249216
2021-06-18 09:26:10,685.0,1250763
2021-06-18 09:26:10,684.95,1250802
2021-06-18 09:26:12,685.0,1251222
2021-06-18 09:26:13,685.0,1252212
2021-06-18 09:26:14,684.75,1252393
2021-06-18 09:26:15,685.0,1253025
2021-06-18 09:26:16,685.0,1253060
2021-06-18 09:26:17,684.65,1253803
2021-06-18 09:26:18,685.0,1254279
2021-06-18 09:26:19,685.0,1254602
2021-06-18 09:26:20,684.65,1255464
2021-06-18 09:26:21,685.0,1255836
2021-06-18 09:26:22,685.15,1256491
2021-06-18 09:26:23,684.65,1257519
2021-06-18 09:26:24,684.85,1257545
2021-06-18 09:26:25,684.6,1257650
2021-06-18 09:26:26,684.85,1258130
2021-06-18 09:26:27,684.55,1258503
2021-06-18 09:26:28,684.5,1259506
2021-06-18 09:26:29,684.55,1259807
2021-06-18 09:26:30,684.35,1260544
2021-06-18 09:26:31,684.5,1260805
2021-06-18 09:26:32,684.35,1261023
2021-06-18 09:26:32,684.35,1260983
2021-06-18 09:26:34,684.5,1261028
2021-06-18 09:26:35,684.3,1261585
2021-06-18 09:26:36,684.2,1261732
2021-06-18 09:26:37,684.3,1262817
2021-06-18 09:26:38,684.3,1262972
2021-06-18 09:26:39,684.3,1263029
2021-06-18 09:26:40,684.45,1264201
2021-06-18 09:26:41,684.6,1265919
2021-06-18 09:26:42,685.0,1266555
2021-06-18 09:26:42,685.0,1266555
2021-06-18 09:26:43,685.0,1266745
2021-06-18 09:26:44,684.7,1267121
2021-06-18 09:26:46,685.3,1272877
2021-06-18 09:26:47,685.3,1273007
2021-06-18 09:26:48,685.0,1274022
2021-06-18 09:26:49,684.95,1275096
2021-06-18 09:26:50,684.9,1275413
2021-06-18 09:26:51,684.9,1277312
2021-06-18 09:26:52,684.85,1277313
2021-06-18 09:26:53,684.85,1278355
2021-06-18 09:26:55,684.6,1278999
2021-06-18 09:26:54,685.0,1278778
2021-06-18 09:26:56,684.55,1279072
2021-06-18 09:26:57,684.9,1279149
2021-06-18 09:26:58,684.6,1280828
2021-06-18 09:26:59,684.6,1280906
2021-06-18 09:27:00,684.6,1281174
2021-06-18 09:27:01,684.45,1281434
2021-06-18 09:27:02,684.9,1282914
2021-06-18 09:27:03,684.9,1283014
2021-06-18 09:27:04,684.9,1283233
2021-06-18 09:27:04,684.9,1283233
2021-06-18 09:27:06,684.9,1283572
2021-06-18 09:27:07,684.55,1283740
2021-06-18 09:27:08,684.6,1284317
2021-06-18 09:27:09,684.6,1284974
2021-06-18 09:27:10,684.5,1286628
2021-06-18 09:27:11,684.6,1286827
2021-06-18 09:27:12,684.35,1286857
2021-06-18 09:27:13,684.6,1287178
2021-06-18 09:27:14,684.6,1287183
2021-06-18 09:27:15,684.3,1287475
2021-06-18 09:27:16,684.0,1289308
2021-06-18 09:27:17,683.6,1293728
2021-06-18 09:27:18,683.85,1294427
2021-06-18 09:27:19,683.9,1295004
2021-06-18 09:27:20,683.65,1295044
2021-06-18 09:27:21,683.7,1296741
2021-06-18 09:27:22,683.7,1297307
2021-06-18 09:27:23,683.2,1298345
2021-06-18 09:27:24,683.7,1299254
2021-06-18 09:27:25,683.25,1299765
2021-06-18 09:27:26,683.05,1302770
2021-06-18 09:27:27,683.7,1303236
2021-06-18 09:27:28,683.7,1303341
2021-06-18 09:27:29,683.7,1303413
2021-06-18 09:27:30,683.7,1303445
2021-06-18 09:27:31,683.6,1303574
2021-06-18 09:27:32,684.5,1306183
2021-06-18 09:27:33,684.1,1306626
2021-06-18 09:27:34,684.4,1307176
2021-06-18 09:27:35,683.8,1308076
2021-06-18 09:27:36,684.25,1308247
2021-06-18 09:27:36,684.25,1308247
2021-06-18 09:27:37,683.9,1308853
2021-06-18 09:27:39,684.05,1311314
2021-06-18 09:27:40,684.25,1311585
2021-06-18 09:27:41,684.1,1311886
2021-06-18 09:27:42,684.25,1312072
2021-06-18 09:27:43,684.25,1312362
2021-06-18 09:27:44,684.25,1312457
2021-06-18 09:27:45,684.5,1313172
2021-06-18 09:27:46,684.5,1313189
2021-06-18 09:27:47,684.25,1314065
2021-06-18 09:27:48,684.3,1314201
2021-06-18 09:27:49,684.5,1314273
2021-06-18 09:27:50,684.6,1314850
2021-06-18 09:27:51,684.6,1314850
2021-06-18 09:27:58,684.8,1317206
2021-06-18 09:27:59,684.7,1317531
2021-06-18 09:28:00,684.25,1317884
2021-06-18 09:28:01,684.4,1318821
2021-06-18 09:28:02,684.4,1319548
2021-06-18 09:28:03,684.4,1319703
2021-06-18 09:28:04,684.5,1326047
2021-06-18 09:28:05,684.95,1326391
2021-06-18 09:28:06,684.4,1326715
2021-06-18 09:28:07,684.35,1327227
2021-06-18 09:28:08,684.65,1327755
2021-06-18 09:28:09,684.4,1327786
2021-06-18 09:28:10,684.4,1328619
2021-06-18 09:28:11,684.4,1329047
2021-06-18 09:28:12,684.4,1329049
2021-06-18 09:28:13,684.4,1329184
2021-06-18 09:28:14,684.4,1330397
2021-06-18 09:28:15,684.3,1330788
2021-06-18 09:28:16,684.4,1332013
2021-06-18 09:28:17,684.4,1332716
2021-06-18 09:28:18,684.5,1334679
2021-06-18 09:28:19,684.5,1334815
2021-06-18 09:28:20,684.5,1335130
2021-06-18 09:28:21,684.5,1335315
2021-06-18 09:28:22,684.7,1335571
2021-06-18 09:28:23,684.7,1335691
2021-06-18 09:28:24,684.65,1336116
2021-06-18 09:28:25,684.65,1336116
2021-06-18 09:28:26,684.7,1336511
2021-06-18 09:28:27,684.7,1336593
2021-06-18 09:28:28,684.7,1336950
2021-06-18 09:28:29,684.55,1337933
2021-06-18 09:28:30,684.5,1338917
2021-06-18 09:28:31,684.55,1339294
2021-06-18 09:28:32,684.5,1339451
2021-06-18 09:28:33,684.5,1339472
2021-06-18 09:28:34,684.65,1339972
2021-06-18 09:28:35,684.8,1341272
2021-06-18 09:28:36,684.65,1342466
2021-06-18 09:28:37,684.6,1342494
2021-06-18 09:28:38,684.6,1343022
2021-06-18 09:28:39,684.6,1343139
2021-06-18 09:28:40,684.6,1343726
2021-06-18 09:28:41,684.5,1344722
2021-06-18 09:28:42,684.4,1344743
2021-06-18 09:28:43,684.4,1345585
2021-06-18 09:28:44,684.4,1345665
2021-06-18 09:28:45,684.4,1346316
2021-06-18 09:28:46,684.35,1346350
2021-06-18 09:28:47,684.4,1346418
2021-06-18 09:28:48,684.5,1346951
2021-06-18 09:28:50,684.5,1346973
2021-06-18 09:28:49,684.5,1346973
2021-06-18 09:28:51,684.4,1347861
2021-06-18 09:28:53,684.35,1347975
2021-06-18 09:28:54,684.5,1349380
2021-06-18 09:28:56,684.5,1350574
2021-06-18 09:28:55,684.3,1349774
2021-06-18 09:28:57,684.35,1350624
2021-06-18 09:28:58,684.35,1351154
2021-06-18 09:28:59,684.4,1351700
2021-06-18 09:29:01,684.2,1353560
2021-06-18 09:29:02,683.75,1361015
2021-06-18 09:29:03,684.1,1361045
2021-06-18 09:29:04,684.0,1361065
2021-06-18 09:29:05,684.0,1361487
2021-06-18 09:29:06,684.15,1362128
2021-06-18 09:29:07,684.1,1362624
2021-06-18 09:29:08,684.1,1363629
2021-06-18 09:29:09,684.05,1363634
2021-06-18 09:29:10,684.05,1363790
2021-06-18 09:29:11,684.05,1363793
2021-06-18 09:29:12,684.05,1364129
2021-06-18 09:29:13,684.05,1364931
2021-06-18 09:29:14,684.0,1365121
2021-06-18 09:29:15,684.0,1365736
2021-06-18 09:29:16,683.85,1365738
2021-06-18 09:29:17,684.0,1366300
2021-06-18 09:29:18,684.05,1366678
2021-06-18 09:29:19,684.1,1366908
2021-06-18 09:29:20,684.0,1366923
2021-06-18 09:29:21,683.8,1367351
2021-06-18 09:29:22,683.8,1367351
2021-06-18 09:29:23,684.0,1367887
2021-06-18 09:29:24,683.85,1368496
2021-06-18 09:29:25,683.5,1369102
2021-06-18 09:29:26,683.5,1370746
2021-06-18 09:29:27,683.5,1370811
2021-06-18 09:29:29,683.4,1370841
2021-06-18 09:29:28,683.5,1370831
2021-06-18 09:29:30,683.5,1371065
2021-06-18 09:29:31,683.5,1371109
2021-06-18 09:29:32,683.5,1371114
2021-06-18 09:29:33,683.75,1371914
2021-06-18 09:29:34,683.35,1374967
2021-06-18 09:29:35,683.35,1374967
2021-06-18 09:29:36,683.4,1375874
2021-06-18 09:29:37,683.4,1377016
2021-06-18 09:29:38,683.45,1377335
2021-06-18 09:29:39,683.5,1377665
2021-06-18 09:29:40,683.2,1377716
2021-06-18 09:29:41,683.4,1378392
2021-06-18 09:29:42,683.45,1378531
2021-06-18 09:29:43,683.6,1378914
2021-06-18 09:29:44,683.4,1379914
2021-06-18 09:29:46,683.2,1380391
2021-06-18 09:29:45,683.45,1380191
2021-06-18 09:29:47,683.2,1380747
2021-06-18 09:29:48,683.45,1381055
2021-06-18 09:29:49,683.45,1381064
2021-06-18 09:29:50,683.6,1381792
2021-06-18 09:29:51,683.55,1381812
2021-06-18 09:29:52,684.0,1382655
2021-06-18 09:29:53,683.7,1383032
2021-06-18 09:29:54,684.05,1384207
2021-06-18 09:29:55,684.05,1384207
2021-06-18 09:29:56,683.9,1384417
2021-06-18 09:29:57,683.95,1386161
2021-06-18 09:29:58,683.95,1386664
2021-06-18 09:30:00,683.95,1386664
2021-06-18 09:30:00,683.95,1386664
2021-06-18 09:30:01,683.95,1386793
2021-06-18 09:30:02,683.9,1387857
2021-06-18 09:30:03,683.95,1388374
2021-06-18 09:30:05,683.6,1388827
2021-06-18 09:30:05,683.55,1388837
2021-06-18 09:30:06,683.5,1388957
2021-06-18 09:30:07,683.45,1390633
2021-06-18 09:30:08,683.45,1391408
2021-06-18 09:30:10,683.45,1391608
2021-06-18 09:30:10,683.2,1391762
2021-06-18 09:30:11,683.15,1392312
2021-06-18 09:30:12,683.35,1392612
2021-06-18 09:30:13,683.1,1393692
2021-06-18 09:30:14,683.1,1400170
2021-06-18 09:30:15,683.2,1414296
2021-06-18 09:30:16,682.8,1415045
2021-06-18 09:30:17,683.0,1415191
2021-06-18 09:30:18,683.1,1415195
2021-06-18 09:30:20,683.05,1415507
2021-06-18 09:30:20,683.05,1415647
2021-06-18 09:30:22,683.15,1417091
2021-06-18 09:30:22,683.1,1416279
2021-06-18 09:30:23,683.5,1417384
2021-06-18 09:30:24,683.15,1417699
2021-06-18 09:30:25,683.15,1418010
2021-06-18 09:30:26,683.15,1420168
2021-06-18 09:30:27,683.0,1421259
2021-06-18 09:30:28,683.0,1422733
2021-06-18 09:30:29,682.8,1423912
2021-06-18 09:30:30,682.5,1425084
2021-06-18 09:30:32,682.8,1425369
2021-06-18 09:30:32,682.7,1425948
2021-06-18 09:30:33,682.35,1425970
2021-06-18 09:30:34,682.55,1426137
2021-06-18 09:30:35,682.2,1427237
2021-06-18 09:30:36,682.7,1427723
2021-06-18 09:30:37,682.3,1427983
2021-06-18 09:30:38,682.05,1429024
2021-06-18 09:30:39,682.2,1429885
2021-06-18 09:30:40,682.15,1430975
2021-06-18 09:30:41,682.25,1431217
2021-06-18 09:30:42,682.45,1431398
2021-06-18 09:30:43,682.0,1432665
2021-06-18 09:30:44,682.3,1433680
2021-06-18 09:30:45,682.0,1441863
2021-06-18 09:30:46,682.3,1441944
2021-06-18 09:30:47,682.4,1443558
2021-06-18 09:30:48,682.05,1443632
2021-06-18 09:30:49,682.4,1443910
2021-06-18 09:30:50,682.0,1445292
2021-06-18 09:30:51,681.95,1452591
2021-06-18 09:30:52,682.0,1454023
2021-06-18 09:30:53,681.75,1455568
2021-06-18 09:30:55,682.1,1456658
2021-06-18 09:30:55,682.3,1456858
2021-06-18 09:30:56,682.3,1457170
2021-06-18 09:30:57,682.4,1457814
2021-06-18 09:30:58,682.4,1458161
2021-06-18 09:30:59,682.15,1458329
2021-06-18 09:31:00,682.4,1458946
2021-06-18 09:31:01,682.15,1460209
2021-06-18 09:31:02,682.15,1460705
2021-06-18 09:31:03,682.1,1461173
2021-06-18 09:31:05,682.3,1463686
2021-06-18 09:31:06,682.0,1464051
2021-06-18 09:31:06,682.0,1464051
2021-06-18 09:31:07,681.75,1472342
2021-06-18 09:31:08,681.75,1472600
2021-06-18 09:31:09,681.65,1473140
2021-06-18 09:31:10,681.35,1475038
2021-06-18 09:31:11,681.5,1475784
2021-06-18 09:31:12,681.5,1475988
2021-06-18 09:31:13,681.5,1476119
2021-06-18 09:31:14,681.35,1476240
2021-06-18 09:31:15,681.25,1476763
2021-06-18 09:31:16,681.45,1477412
2021-06-18 09:31:17,681.5,1479083
2021-06-18 09:31:18,681.25,1480139
2021-06-18 09:31:20,681.65,1481950
2021-06-18 09:31:21,681.95,1482387
2021-06-18 09:31:22,681.95,1482592
2021-06-18 09:31:22,681.55,1482692
2021-06-18 09:31:23,681.65,1482905
2021-06-18 09:31:24,681.7,1483298
2021-06-18 09:31:25,681.7,1483408
2021-06-18 09:31:27,681.7,1484142
2021-06-18 09:31:28,682.0,1484487
2021-06-18 09:31:29,682.0,1485149
2021-06-18 09:31:30,682.15,1487645
2021-06-18 09:31:31,682.7,1494034
2021-06-18 09:31:33,683.0,1499024
2021-06-18 09:31:34,683.25,1500190
2021-06-18 09:31:34,683.2,1501258
2021-06-18 09:31:35,683.5,1503501
2021-06-18 09:31:37,683.55,1508659
2021-06-18 09:31:38,683.55,1508869
2021-06-18 09:31:38,683.55,1508869
2021-06-18 09:31:40,683.9,1516458
2021-06-18 09:31:41,683.65,1516918
2021-06-18 09:31:41,683.7,1517093
2021-06-18 09:31:42,683.7,1517493
2021-06-18 09:31:43,684.0,1517993
2021-06-18 09:31:44,683.8,1518861
2021-06-18 09:31:45,683.8,1519341
2021-06-18 09:31:46,683.8,1519660
2021-06-18 09:31:47,683.8,1519810
2021-06-18 09:31:48,683.9,1519930
2021-06-18 09:31:49,683.9,1519944
2021-06-18 09:31:50,683.9,1521015
2021-06-18 09:31:51,683.9,1521030
2021-06-18 09:31:52,684.0,1522550
2021-06-18 09:31:53,683.9,1522603
2021-06-18 09:31:54,683.9,1523060
2021-06-18 09:31:58,683.65,1526571
2021-06-18 09:32:00,683.4,1526572
2021-06-18 09:32:00,683.4,1527571
2021-06-18 09:32:01,683.4,1527636
2021-06-18 09:32:02,683.2,1528000
2021-06-18 09:32:03,683.4,1528503
2021-06-18 09:32:05,683.2,1529167
2021-06-18 09:32:06,683.2,1529226
2021-06-18 09:32:06,683.2,1529226
2021-06-18 09:32:07,683.4,1529492
2021-06-18 09:32:08,682.7,1531468
2021-06-18 09:32:09,682.55,1531628
2021-06-18 09:32:10,682.8,1531689
2021-06-18 09:32:11,682.8,1531839
2021-06-18 09:32:12,682.8,1532448
2021-06-18 09:32:14,682.95,1533792
2021-06-18 09:32:15,682.55,1534077
2021-06-18 09:32:16,682.9,1534582
2021-06-18 09:32:17,682.8,1534588
2021-06-18 09:32:18,682.9,1534610
2021-06-18 09:32:19,682.85,1534835
2021-06-18 09:32:19,682.85,1534837
2021-06-18 09:32:20,682.85,1535270
2021-06-18 09:32:21,682.85,1535280
2021-06-18 09:32:22,682.85,1535280
2021-06-18 09:32:24,682.9,1536244
2021-06-18 09:32:25,682.85,1536404
2021-06-18 09:32:26,682.8,1536589
2021-06-18 09:32:27,682.6,1537114
2021-06-18 09:32:27,682.85,1537115
2021-06-18 09:32:28,682.9,1537895
2021-06-18 09:32:29,682.9,1537905
2021-06-18 09:32:30,682.7,1540508
2021-06-18 09:32:31,682.8,1540619
2021-06-18 09:32:33,682.85,1540846
2021-06-18 09:32:34,682.6,1540951
2021-06-18 09:32:34,682.8,1540956
2021-06-18 09:32:35,682.85,1541296
2021-06-18 09:32:36,682.85,1541438
2021-06-18 09:32:37,682.85,1541480
2021-06-18 09:32:38,682.85,1541516
2021-06-18 09:32:39,682.7,1541602
2021-06-18 09:32:42,682.85,1542295
2021-06-18 09:32:43,682.85,1544504
2021-06-18 09:32:43,682.85,1544554
2021-06-18 09:32:44,682.85,1544584
2021-06-18 09:32:45,682.85,1544653
2021-06-18 09:32:46,682.85,1544713
2021-06-18 09:32:48,682.85,1544918
2021-06-18 09:32:48,682.85,1544918
2021-06-18 09:32:49,682.85,1544918
2021-06-18 09:32:50,682.85,1544918
2021-06-18 09:32:52,682.85,1545491
2021-06-18 09:32:53,682.85,1545511
2021-06-18 09:32:54,682.85,1545611
2021-06-18 09:32:55,683.15,1547953
2021-06-18 09:32:56,683.2,1548007
2021-06-18 09:32:57,683.2,1548355
2021-06-18 09:32:58,683.2,1548858
2021-06-18 09:32:59,683.2,1549478
2021-06-18 09:32:59,683.2,1549478
2021-06-18 09:33:00,683.2,1549648
2021-06-18 09:33:01,683.2,1549698
2021-06-18 09:33:02,683.1,1549700
2021-06-18 09:33:03,683.1,1549710
2021-06-18 09:33:05,683.2,1550250
2021-06-18 09:33:06,683.2,1550284
2021-06-18 09:33:07,683.0,1550354
2021-06-18 09:33:09,683.2,1550518
2021-06-18 09:33:10,683.1,1550530
2021-06-18 09:33:11,683.2,1550538
2021-06-18 09:33:12,683.2,1550639
2021-06-18 09:33:13,683.2,1550937
2021-06-18 09:33:14,683.0,1550938
2021-06-18 09:33:15,683.05,1551024
2021-06-18 09:33:16,683.0,1551345
2021-06-18 09:33:17,683.0,1551413
2021-06-18 09:33:19,683.0,1551533
2021-06-18 09:33:20,683.05,1551535
2021-06-18 09:33:20,683.05,1551563
2021-06-18 09:33:22,683.05,1552293
2021-06-18 09:33:22,683.0,1552473
2021-06-18 09:33:23,682.95,1553002
2021-06-18 09:33:24,683.1,1553402
2021-06-18 09:33:25,683.05,1554323
2021-06-18 09:33:26,683.2,1554374
2021-06-18 09:33:27,683.1,1554745
2021-06-18 09:33:28,683.3,1554747
2021-06-18 09:33:29,683.1,1555053
2021-06-18 09:33:31,683.1,1555122
2021-06-18 09:33:30,683.1,1555094
2021-06-18 09:33:32,683.35,1555236
2021-06-18 09:33:33,683.05,1555736
2021-06-18 09:33:34,683.35,1556399
2021-06-18 09:33:35,683.2,1557009
2021-06-18 09:33:36,683.45,1559389
2021-06-18 09:33:39,683.45,1561591
2021-06-18 09:33:41,683.1,1561651
2021-06-18 09:33:42,683.2,1562125
2021-06-18 09:33:43,683.4,1562891
2021-06-18 09:33:44,683.1,1566251
2021-06-18 09:33:44,683.5,1565621
2021-06-18 09:33:45,683.1,1566295
2021-06-18 09:33:46,683.4,1567386
2021-06-18 09:33:47,683.4,1567481
2021-06-18 09:33:48,683.2,1567610
2021-06-18 09:33:49,683.2,1567761
2021-06-18 09:33:51,683.15,1568354
2021-06-18 09:33:52,683.1,1568394
2021-06-18 09:33:53,682.9,1573780
2021-06-18 09:33:54,682.75,1573825
2021-06-18 09:33:55,682.75,1574158
2021-06-18 09:33:56,682.35,1575889
2021-06-18 09:33:57,682.5,1577425
2021-06-18 09:33:58,682.45,1577726
2021-06-18 09:33:59,682.95,1578683
2021-06-18 09:34:00,682.35,1578881
2021-06-18 09:34:01,682.75,1578882
2021-06-18 09:34:02,682.75,1578886
2021-06-18 09:34:03,682.75,1579016
2021-06-18 09:34:03,682.75,1579018
2021-06-18 09:34:04,682.75,1579174
2021-06-18 09:34:05,682.4,1579685
2021-06-18 09:34:06,682.75,1579746
2021-06-18 09:34:07,682.7,1579788
2021-06-18 09:34:08,682.7,1580003
2021-06-18 09:34:09,682.5,1580103
2021-06-18 09:34:10,682.45,1580628
2021-06-18 09:34:12,682.45,1580793
2021-06-18 09:34:13,682.5,1580950
2021-06-18 09:34:14,682.7,1581056
2021-06-18 09:34:15,682.7,1581254
2021-06-18 09:34:16,682.5,1581443
2021-06-18 09:34:17,682.75,1581696
2021-06-18 09:34:18,682.7,1582125
2021-06-18 09:34:19,682.75,1585795
2021-06-18 09:34:19,682.8,1585821
2021-06-18 09:34:20,682.8,1587701
2021-06-18 09:34:21,682.8,1588144
2021-06-18 09:34:22,682.8,1588251
2021-06-18 09:34:23,682.85,1588860
2021-06-18 09:34:24,682.8,1588940
2021-06-18 09:34:25,682.8,1589487
2021-06-18 09:34:26,682.95,1589636
2021-06-18 09:34:28,683.1,1589921
2021-06-18 09:34:29,682.8,1589922
2021-06-18 09:34:30,682.8,1589922
2021-06-18 09:34:31,683.2,1590538
2021-06-18 09:34:32,683.2,1590724
2021-06-18 09:34:33,683.2,1590724
2021-06-18 09:34:34,683.2,1590859
2021-06-18 09:34:35,683.2,1591173
2021-06-18 09:34:36,683.2,1591173
2021-06-18 09:34:37,683.0,1591213
2021-06-18 09:34:38,683.0,1591293
2021-06-18 09:34:39,683.0,1593338
2021-06-18 09:34:40,683.0,1593848
2021-06-18 09:34:41,682.8,1594768
2021-06-18 09:34:42,683.0,1596811
2021-06-18 09:34:43,682.9,1596932
2021-06-18 09:34:44,683.2,1598242
2021-06-18 09:34:45,683.0,1599416
2021-06-18 09:34:45,683.05,1599449
2021-06-18 09:34:46,683.0,1599459
2021-06-18 09:34:47,682.7,1599774
2021-06-18 09:34:48,682.8,1599781
2021-06-18 09:34:50,682.5,1599913
2021-06-18 09:34:51,682.45,1601141
2021-06-18 09:34:52,682.8,1601247
2021-06-18 09:34:53,682.5,1601265
2021-06-18 09:34:54,682.8,1601492
2021-06-18 09:34:55,682.85,1601493
2021-06-18 09:34:56,682.85,1601686
2021-06-18 09:34:57,682.35,1602171
2021-06-18 09:34:58,682.8,1602272
2021-06-18 09:34:59,682.8,1602280
2021-06-18 09:34:59,682.8,1602295
2021-06-18 09:35:00,682.6,1602367
2021-06-18 09:35:01,682.8,1602387
2021-06-18 09:35:02,683.2,1607494
2021-06-18 09:35:03,682.8,1607704
2021-06-18 09:35:04,682.8,1607854
2021-06-18 09:35:05,682.8,1607854
2021-06-18 09:35:06,682.5,1608105
2021-06-18 09:35:07,682.75,1608110
2021-06-18 09:35:08,682.85,1608389
2021-06-18 09:35:09,682.9,1608825
2021-06-18 09:35:10,682.9,1608976
2021-06-18 09:35:11,682.9,1609329
2021-06-18 09:35:12,682.8,1610395
2021-06-18 09:35:14,682.8,1610472
2021-06-18 09:35:15,682.8,1610680
2021-06-18 09:35:15,682.8,1610832
2021-06-18 09:35:17,682.75,1610883
2021-06-18 09:35:18,682.9,1611288
2021-06-18 09:35:18,682.8,1611884
2021-06-18 09:35:20,683.0,1611898
2021-06-18 09:35:21,683.1,1612098
2021-06-18 09:35:22,682.8,1612170
2021-06-18 09:35:23,682.8,1612180
2021-06-18 09:35:24,683.2,1612272
2021-06-18 09:35:25,683.2,1612373
2021-06-18 09:35:26,683.0,1612573
2021-06-18 09:35:27,683.0,1612682
2021-06-18 09:35:28,683.15,1612747
2021-06-18 09:35:28,683.1,1613474
2021-06-18 09:35:29,682.8,1613691
2021-06-18 09:35:30,682.8,1613822
2021-06-18 09:35:31,682.8,1613837
2021-06-18 09:35:33,682.8,1614055
2021-06-18 09:35:34,682.8,1614306
2021-06-18 09:35:35,682.65,1614488
2021-06-18 09:35:37,682.8,1614603
2021-06-18 09:35:38,682.95,1614676
2021-06-18 09:35:39,683.0,1615569
2021-06-18 09:35:40,683.0,1615571
2021-06-18 09:35:41,682.85,1616056
2021-06-18 09:35:42,682.8,1616118
2021-06-18 09:35:43,682.8,1616155
2021-06-18 09:35:44,683.0,1616326
2021-06-18 09:35:45,683.0,1616326
2021-06-18 09:35:46,682.95,1616426
2021-06-18 09:35:47,683.0,1616536
2021-06-18 09:35:48,683.0,1616540
2021-06-18 09:35:49,683.0,1616849
2021-06-18 09:35:50,683.2,1617394
2021-06-18 09:35:51,683.2,1617394
2021-06-18 09:35:52,683.0,1617539
2021-06-18 09:35:53,683.2,1617844
2021-06-18 09:35:54,683.2,1617849
2021-06-18 09:35:55,682.95,1618043
2021-06-18 09:35:55,683.2,1619043
2021-06-18 09:35:56,682.95,1619500
2021-06-18 09:35:57,683.0,1619956
2021-06-18 09:35:58,682.85,1620173
2021-06-18 09:35:59,683.2,1620193
2021-06-18 09:36:00,683.2,1621105
2021-06-18 09:36:02,682.8,1621338
2021-06-18 09:36:03,682.8,1622539
2021-06-18 09:36:04,682.8,1622618
2021-06-18 09:36:04,682.8,1622730
2021-06-18 09:36:06,682.65,1624057
2021-06-18 09:36:06,682.65,1624081
2021-06-18 09:36:07,682.8,1624267
2021-06-18 09:36:08,682.8,1624506
2021-06-18 09:36:09,682.85,1625586
2021-06-18 09:36:10,683.05,1625664
2021-06-18 09:36:11,683.0,1625739
2021-06-18 09:36:15,682.75,1626207
2021-06-18 09:36:16,682.65,1626294
2021-06-18 09:36:17,682.65,1627057
2021-06-18 09:36:19,682.75,1627107
2021-06-18 09:36:20,682.6,1627355
2021-06-18 09:36:21,682.6,1627355
2021-06-18 09:36:22,682.75,1627369
2021-06-18 09:36:22,682.65,1627459
2021-06-18 09:36:24,682.8,1627992
2021-06-18 09:36:25,682.8,1628232
2021-06-18 09:36:26,682.8,1628740
2021-06-18 09:36:27,682.85,1628916
2021-06-18 09:36:28,682.85,1629111
2021-06-18 09:36:29,682.6,1629219
2021-06-18 09:36:30,682.75,1629603
2021-06-18 09:36:31,682.8,1630140
2021-06-18 09:36:32,682.85,1630190
2021-06-18 09:36:33,682.7,1630246
2021-06-18 09:36:34,682.6,1630343
2021-06-18 09:36:35,682.6,1630347
2021-06-18 09:36:35,682.6,1631147
2021-06-18 09:36:37,682.4,1636340
2021-06-18 09:36:38,682.5,1636393
2021-06-18 09:36:39,682.5,1636759
2021-06-18 09:36:40,682.4,1636893
2021-06-18 09:36:41,682.4,1637819
2021-06-18 09:36:42,682.4,1638529
2021-06-18 09:36:43,682.4,1638580
2021-06-18 09:36:44,682.4,1638651
2021-06-18 09:36:44,682.25,1640125
2021-06-18 09:36:45,682.25,1640227
2021-06-18 09:36:46,682.35,1641041
2021-06-18 09:36:47,682.35,1641041
2021-06-18 09:36:48,682.35,1641229
2021-06-18 09:36:50,682.35,1641609
2021-06-18 09:36:50,682.35,1641646
2021-06-18 09:36:52,682.35,1641646
2021-06-18 09:36:53,682.35,1641663
2021-06-18 09:36:54,682.35,1641692
2021-06-18 09:36:55,682.5,1642434
2021-06-18 09:36:56,682.5,1644964
2021-06-18 09:36:57,682.5,1644964
2021-06-18 09:36:58,682.4,1644974
2021-06-18 09:36:59,682.35,1645303
2021-06-18 09:37:00,682.05,1645575
2021-06-18 09:37:01,682.05,1645575
2021-06-18 09:37:02,682.35,1645785
2021-06-18 09:37:03,682.4,1645807
2021-06-18 09:37:04,682.3,1648345
2021-06-18 09:37:05,682.35,1648369
2021-06-18 09:37:06,682.35,1649217
2021-06-18 09:37:06,682.4,1649218
2021-06-18 09:37:08,682.35,1650839
2021-06-18 09:37:09,682.35,1651185
2021-06-18 09:37:10,682.6,1651236
2021-06-18 09:37:11,682.5,1652100
2021-06-18 09:37:12,682.8,1653879
2021-06-18 09:37:13,682.7,1654029
2021-06-18 09:37:14,682.95,1654135
2021-06-18 09:37:15,682.7,1654381
2021-06-18 09:37:16,682.95,1654632
2021-06-18 09:37:17,682.7,1654932
2021-06-18 09:37:18,682.95,1655032
2021-06-18 09:37:19,682.55,1655289
2021-06-18 09:37:20,682.55,1655381
2021-06-18 09:37:21,682.85,1655402
2021-06-18 09:37:22,682.8,1656992
2021-06-18 09:37:23,682.8,1657973
2021-06-18 09:37:24,683.05,1664388
2021-06-18 09:37:25,683.1,1664406
2021-06-18 09:37:26,684.0,1668577
2021-06-18 09:37:27,683.75,1669965
2021-06-18 09:37:29,683.3,1670000
2021-06-18 09:37:30,683.55,1670003
2021-06-18 09:37:31,683.55,1670003
2021-06-18 09:37:32,683.3,1670290
2021-06-18 09:37:33,683.0,1670447
2021-06-18 09:37:34,683.2,1670606
2021-06-18 09:37:35,683.2,1670726
2021-06-18 09:37:36,682.95,1671331
2021-06-18 09:37:37,682.85,1671873
2021-06-18 09:37:38,682.85,1671896
2021-06-18 09:37:39,682.85,1672057
2021-06-18 09:37:40,682.85,1672118
2021-06-18 09:37:41,682.85,1672119
2021-06-18 09:37:42,682.65,1672334
2021-06-18 09:37:43,682.65,1672346
2021-06-18 09:37:44,682.65,1672470
2021-06-18 09:37:45,682.65,1673496
2021-06-18 09:37:46,682.65,1673935
2021-06-18 09:37:47,682.65,1673935
2021-06-18 09:37:48,682.7,1673973
2021-06-18 09:37:49,682.7,1674165
2021-06-18 09:37:50,683.0,1674522
2021-06-18 09:37:50,683.0,1674522
2021-06-18 09:37:52,682.65,1675524
2021-06-18 09:37:53,682.65,1675524
2021-06-18 09:37:54,682.75,1675852
2021-06-18 09:37:55,683.15,1675857
2021-06-18 09:37:56,683.2,1675859
2021-06-18 09:37:57,683.0,1675909
2021-06-18 09:37:58,683.3,1676103
2021-06-18 09:37:59,683.55,1677103
2021-06-18 09:37:59,683.55,1677103
2021-06-18 09:38:00,683.2,1677968
2021-06-18 09:38:01,683.15,1678088
2021-06-18 09:38:02,683.15,1678255
2021-06-18 09:38:03,683.05,1678559
2021-06-18 09:38:05,683.2,1678686
2021-06-18 09:38:06,683.2,1678856
2021-06-18 09:38:07,683.2,1679056
2021-06-18 09:38:08,683.0,1679206
2021-06-18 09:38:09,683.1,1679263
2021-06-18 09:38:10,683.0,1682337
2021-06-18 09:38:11,683.0,1682337
2021-06-18 09:38:12,683.0,1682459
2021-06-18 09:38:13,683.5,1682860
2021-06-18 09:38:13,683.1,1683521
2021-06-18 09:38:14,683.45,1683524
2021-06-18 09:38:15,683.2,1683629
2021-06-18 09:38:17,683.2,1683646
2021-06-18 09:38:18,683.45,1683648
2021-06-18 09:38:19,683.2,1683688
2021-06-18 09:38:20,683.2,1683707
2021-06-18 09:38:21,683.45,1684168
2021-06-18 09:38:22,683.45,1684934
2021-06-18 09:38:23,683.45,1685262
2021-06-18 09:38:24,683.45,1685262
2021-06-18 09:38:25,683.45,1685378
2021-06-18 09:38:26,683.4,1685834
2021-06-18 09:38:27,683.35,1687497
2021-06-18 09:38:28,683.4,1687517
2021-06-18 09:38:29,683.4,1687634
2021-06-18 09:38:29,683.4,1687634
2021-06-18 09:38:30,683.4,1687799
2021-06-18 09:38:32,683.35,1687901
2021-06-18 09:38:33,683.4,1687937
2021-06-18 09:38:34,683.4,1688564
2021-06-18 09:38:35,683.4,1688741
2021-06-18 09:38:36,683.4,1689031
2021-06-18 09:38:38,683.4,1689240
2021-06-18 09:38:37,683.4,1689035
2021-06-18 09:38:39,683.8,1689858
2021-06-18 09:38:40,683.8,1691788
2021-06-18 09:38:42,683.75,1695187
2021-06-18 09:38:41,683.75,1695187
2021-06-18 09:38:43,683.7,1695189
2021-06-18 09:38:44,683.4,1695209
2021-06-18 09:38:45,683.4,1695489
2021-06-18 09:38:46,683.8,1696601
2021-06-18 09:38:47,683.8,1696991
2021-06-18 09:38:48,683.8,1697271
2021-06-18 09:38:49,683.8,1697274
2021-06-18 09:38:50,683.8,1697324
2021-06-18 09:38:51,683.7,1697447
2021-06-18 09:38:52,683.5,1697488
2021-06-18 09:38:54,683.7,1697612
2021-06-18 09:38:55,683.7,1697764
2021-06-18 09:38:56,683.7,1697984
2021-06-18 09:38:57,683.6,1698009
2021-06-18 09:38:58,683.5,1698359
2021-06-18 09:38:59,683.6,1698431
2021-06-18 09:39:00,683.5,1699908
2021-06-18 09:39:01,683.5,1700302
2021-06-18 09:39:02,683.5,1700317
2021-06-18 09:39:04,683.5,1700530
2021-06-18 09:39:03,683.5,1700527
2021-06-18 09:39:05,683.5,1700533
2021-06-18 09:39:06,683.5,1700800
2021-06-18 09:39:07,683.65,1700804
2021-06-18 09:39:08,683.5,1700874
2021-06-18 09:39:09,683.65,1700891
2021-06-18 09:39:11,683.35,1702943
2021-06-18 09:39:10,683.3,1702276
2021-06-18 09:39:12,683.5,1703528
2021-06-18 09:39:13,683.5,1703774
2021-06-18 09:39:14,683.5,1703776
2021-06-18 09:39:15,683.5,1703881
2021-06-18 09:39:16,683.45,1704564
2021-06-18 09:39:17,683.45,1704602
2021-06-18 09:39:18,683.45,1704654
2021-06-18 09:39:19,683.45,1704784
2021-06-18 09:39:20,683.45,1705100
2021-06-18 09:39:21,683.3,1705200
2021-06-18 09:39:22,683.3,1706101
2021-06-18 09:39:23,683.3,1706131
2021-06-18 09:39:24,683.45,1706141
2021-06-18 09:39:25,683.45,1708277
2021-06-18 09:39:27,683.3,1708645
2021-06-18 09:39:28,683.45,1708961
2021-06-18 09:39:29,683.6,1709822
2021-06-18 09:39:30,683.6,1709822
2021-06-18 09:39:31,683.6,1709822
2021-06-18 09:39:32,683.6,1710146
2021-06-18 09:39:33,683.6,1710146
2021-06-18 09:39:34,683.95,1710909
2021-06-18 09:39:35,684.05,1719330
2021-06-18 09:39:36,684.35,1719352
2021-06-18 09:39:37,684.35,1719472
2021-06-18 09:39:38,683.7,1720434
2021-06-18 09:39:39,683.55,1722471
2021-06-18 09:39:40,683.85,1722675
2021-06-18 09:39:41,683.85,1722717
2021-06-18 09:39:42,683.65,1723381
2021-06-18 09:39:43,683.65,1723381
2021-06-18 09:39:44,683.75,1724450
2021-06-18 09:39:45,683.8,1724460
2021-06-18 09:39:46,683.8,1724964
2021-06-18 09:39:47,683.8,1725186
2021-06-18 09:39:48,683.75,1725299
2021-06-18 09:39:49,683.8,1725324
2021-06-18 09:39:50,683.7,1725349
2021-06-18 09:39:51,683.6,1726237
2021-06-18 09:39:52,683.5,1726262
2021-06-18 09:39:53,683.3,1727119
2021-06-18 09:39:55,683.55,1727848
2021-06-18 09:39:54,683.6,1727760
2021-06-18 09:39:56,683.55,1727898
2021-06-18 09:39:57,683.55,1727958
2021-06-18 09:39:58,683.55,1727958
2021-06-18 09:39:59,683.55,1727958
2021-06-18 09:40:00,683.05,1728908
2021-06-18 09:40:01,683.35,1728922
2021-06-18 09:40:02,683.35,1729280
2021-06-18 09:40:03,683.2,1729529
2021-06-18 09:40:04,683.3,1729704
2021-06-18 09:40:05,683.3,1729754
2021-06-18 09:40:07,683.25,1730099
2021-06-18 09:40:06,683.25,1729799
2021-06-18 09:40:08,683.25,1730100
2021-06-18 09:40:09,683.25,1730100
2021-06-18 09:40:10,683.2,1730125
2021-06-18 09:40:11,683.25,1730133
2021-06-18 09:40:12,683.25,1730250
2021-06-18 09:40:13,683.25,1730255
2021-06-18 09:40:14,683.25,1730255
2021-06-18 09:40:15,683.25,1730255
2021-06-18 09:40:16,683.1,1731033
2021-06-18 09:40:17,683.1,1731063
2021-06-18 09:40:18,683.0,1734706
2021-06-18 09:40:19,683.0,1734708
2021-06-18 09:40:20,682.8,1735059
2021-06-18 09:40:21,682.6,1740014
2021-06-18 09:40:22,682.6,1740028
2021-06-18 09:40:23,682.6,1740283
2021-06-18 09:40:24,682.6,1742745
2021-06-18 09:40:25,682.6,1742955
2021-06-18 09:40:26,682.6,1743243
2021-06-18 09:40:27,682.6,1743245
2021-06-18 09:40:28,682.5,1744038
2021-06-18 09:40:29,682.6,1744048
2021-06-18 09:40:30,682.6,1744048
2021-06-18 09:40:31,682.3,1745765
2021-06-18 09:40:32,682.45,1746044
2021-06-18 09:40:34,682.45,1746113
2021-06-18 09:40:33,682.45,1746069
2021-06-18 09:40:35,682.45,1746118
2021-06-18 09:40:36,682.45,1746409
2021-06-18 09:40:37,682.45,1746494
2021-06-18 09:40:38,682.45,1746850
2021-06-18 09:40:39,682.45,1746965
2021-06-18 09:40:40,682.45,1746995
2021-06-18 09:40:41,682.45,1746995
2021-06-18 09:40:42,682.45,1747095
2021-06-18 09:40:43,682.2,1747146
2021-06-18 09:40:44,682.15,1747746
2021-06-18 09:40:45,682.45,1747967
2021-06-18 09:40:46,682.8,1749621
2021-06-18 09:40:47,682.8,1749621
2021-06-18 09:40:49,682.8,1749676
2021-06-18 09:40:49,682.8,1749681
2021-06-18 09:40:50,682.8,1749681
2021-06-18 09:40:51,682.55,1749822
2021-06-18 09:40:52,682.55,1749822
2021-06-18 09:40:53,682.55,1749822
2021-06-18 09:40:54,682.8,1750122
2021-06-18 09:40:55,682.8,1750135
2021-06-18 09:40:56,682.8,1750255
2021-06-18 09:40:57,682.8,1750255
2021-06-18 09:40:58,682.8,1750255
2021-06-18 09:40:59,682.8,1750755
2021-06-18 09:41:01,682.5,1750917
2021-06-18 09:41:02,682.5,1751744
2021-06-18 09:41:02,682.5,1751744
2021-06-18 09:41:03,682.5,1751744
2021-06-18 09:41:04,682.5,1751819
2021-06-18 09:41:05,682.5,1751874
2021-06-18 09:41:06,682.5,1751899
2021-06-18 09:41:07,682.5,1752133
2021-06-18 09:41:08,682.5,1752360
2021-06-18 09:41:09,682.5,1752460
2021-06-18 09:41:10,682.6,1752996
2021-06-18 09:41:11,682.65,1753497
2021-06-18 09:41:12,682.5,1753615
2021-06-18 09:41:13,682.75,1754667
2021-06-18 09:41:15,682.75,1754667
2021-06-18 09:41:15,682.75,1754667
2021-06-18 09:41:16,682.5,1755114
2021-06-18 09:41:17,682.1,1757936
2021-06-18 09:41:18,681.8,1776482
2021-06-18 09:41:19,681.55,1778266
2021-06-18 09:41:20,682.3,1780810
2021-06-18 09:41:21,682.25,1780940
2021-06-18 09:41:22,681.8,1782100
2021-06-18 09:41:23,681.8,1782193
2021-06-18 09:41:24,682.1,1782224
2021-06-18 09:41:25,682.15,1782735
2021-06-18 09:41:26,681.8,1782989
2021-06-18 09:41:27,681.9,1783286
2021-06-18 09:41:28,681.8,1783745
2021-06-18 09:41:29,681.8,1783908
2021-06-18 09:41:30,681.95,1783940
2021-06-18 09:41:31,681.95,1784595
2021-06-18 09:41:32,681.95,1784935
2021-06-18 09:41:33,681.95,1784935
2021-06-18 09:41:35,681.8,1785013
2021-06-18 09:41:35,681.8,1785013
2021-06-18 09:41:36,681.85,1785212
2021-06-18 09:41:37,681.7,1785696
2021-06-18 09:41:38,681.75,1785715
2021-06-18 09:41:39,681.8,1786356
2021-06-18 09:41:40,681.5,1787176
2021-06-18 09:41:41,681.5,1787985
2021-06-18 09:41:42,681.65,1789887
2021-06-18 09:41:43,681.75,1790792
2021-06-18 09:41:44,681.8,1791152
2021-06-18 09:41:45,681.8,1792339
2021-06-18 09:41:46,681.8,1792535
2021-06-18 09:41:47,681.8,1793130
2021-06-18 09:41:48,681.8,1793266
2021-06-18 09:41:49,681.8,1793284
2021-06-18 09:41:50,681.8,1793512
2021-06-18 09:41:51,681.9,1793569
2021-06-18 09:41:52,682.0,1794204
2021-06-18 09:41:53,681.65,1795202
2021-06-18 09:41:54,681.8,1795226
2021-06-18 09:41:55,681.65,1795500
2021-06-18 09:41:56,682.0,1795887
2021-06-18 09:41:57,681.95,1796120
2021-06-18 09:41:58,681.9,1796190
2021-06-18 09:41:59,681.8,1796254
2021-06-18 09:42:00,681.9,1796555
2021-06-18 09:42:01,681.9,1796555
2021-06-18 09:42:04,681.7,1796905
2021-06-18 09:42:04,681.7,1796905
2021-06-18 09:42:05,681.8,1797037
2021-06-18 09:42:06,682.0,1797749
2021-06-18 09:42:07,682.0,1797760
2021-06-18 09:42:08,681.8,1797795
2021-06-18 09:42:09,682.0,1798005
2021-06-18 09:42:10,682.0,1798005
2021-06-18 09:42:11,682.0,1798005
2021-06-18 09:42:12,681.75,1798065
2021-06-18 09:42:13,681.75,1798241
2021-06-18 09:42:14,682.0,1798251
2021-06-18 09:42:15,682.0,1798369
2021-06-18 09:42:16,682.0,1798594
2021-06-18 09:42:17,681.8,1799344
2021-06-18 09:42:18,681.75,1799590
2021-06-18 09:42:19,681.75,1799649
2021-06-18 09:42:20,681.7,1799855
2021-06-18 09:42:21,681.8,1799955
2021-06-18 09:42:22,681.75,1800085
2021-06-18 09:42:24,681.8,1800112
2021-06-18 09:42:24,681.8,1800112
2021-06-18 09:42:25,681.75,1800157
2021-06-18 09:42:26,681.75,1800199
2021-06-18 09:42:27,681.75,1800578
2021-06-18 09:42:28,681.75,1800845
2021-06-18 09:42:29,681.75,1801030
2021-06-18 09:42:30,681.8,1801520
2021-06-18 09:42:31,681.75,1801535
2021-06-18 09:42:32,681.75,1801535
2021-06-18 09:42:33,681.5,1804410
2021-06-18 09:42:34,681.5,1804660
2021-06-18 09:42:35,681.5,1807321
2021-06-18 09:42:36,681.5,1807386
2021-06-18 09:42:37,681.5,1807386
2021-06-18 09:42:38,681.6,1807516
2021-06-18 09:42:39,681.5,1807866
2021-06-18 09:42:40,681.4,1807966
2021-06-18 09:42:41,681.6,1807980
2021-06-18 09:42:42,681.5,1808185
2021-06-18 09:42:43,681.5,1808365
2021-06-18 09:42:44,681.3,1808845
2021-06-18 09:42:45,681.3,1808937
2021-06-18 09:42:46,681.5,1809123
2021-06-18 09:42:47,681.5,1809381
2021-06-18 09:42:48,681.4,1809510
2021-06-18 09:42:49,681.5,1809619
2021-06-18 09:42:51,681.5,1810214
2021-06-18 09:42:52,681.3,1810734
2021-06-18 09:42:53,681.5,1816931
2021-06-18 09:42:53,681.5,1817031
2021-06-18 09:42:55,681.5,1817601
2021-06-18 09:42:55,681.5,1820101
2021-06-18 09:42:57,681.5,1820680
2021-06-18 09:42:57,681.5,1820710
2021-06-18 09:42:58,681.5,1820710
2021-06-18 09:42:59,680.5,1849133
2021-06-18 09:43:00,680.25,1900450
2021-06-18 09:43:01,680.25,1901114
2021-06-18 09:43:02,680.3,1903557
2021-06-18 09:43:03,680.3,1904398
2021-06-18 09:43:04,679.55,1930739
2021-06-18 09:43:05,680.0,1934498
2021-06-18 09:43:06,679.65,1935148
2021-06-18 09:43:07,679.7,1936727
2021-06-18 09:43:08,679.5,1937373
2021-06-18 09:43:09,679.95,1938612
2021-06-18 09:43:10,679.55,1938957
2021-06-18 09:43:12,679.55,1941916
2021-06-18 09:43:13,679.3,1942495
2021-06-18 09:43:13,679.35,1942595
2021-06-18 09:43:14,679.15,1945212
2021-06-18 09:43:15,679.25,1948088
2021-06-18 09:43:16,679.35,1948981
2021-06-18 09:43:17,679.05,1949160
2021-06-18 09:43:18,679.75,1949896
2021-06-18 09:43:19,679.45,1952065
2021-06-18 09:43:20,679.75,1953020
2021-06-18 09:43:21,679.75,1953189
2021-06-18 09:43:22,679.8,1955629
2021-06-18 09:43:24,679.7,1956404
2021-06-18 09:43:25,679.45,1957225
2021-06-18 09:43:25,679.45,1957426
2021-06-18 09:43:26,679.45,1958849
2021-06-18 09:43:27,679.45,1959467
2021-06-18 09:43:28,679.4,1959635
2021-06-18 09:43:29,679.0,1960333
2021-06-18 09:43:30,678.6,1965574
2021-06-18 09:43:31,678.65,1966703
2021-06-18 09:43:32,678.8,1968167
2021-06-18 09:43:33,678.55,1968374
2021-06-18 09:43:34,678.7,1969294
2021-06-18 09:43:36,679.0,1969964
2021-06-18 09:43:37,678.4,1971761
2021-06-18 09:43:38,678.55,1972026
2021-06-18 09:43:39,678.85,1973457
2021-06-18 09:43:39,678.45,1974487
2021-06-18 09:43:40,679.0,1975757
2021-06-18 09:43:41,678.65,1977339
2021-06-18 09:43:42,678.4,1978883
2021-06-18 09:43:43,678.75,1979386
2021-06-18 09:43:45,678.25,1982478
2021-06-18 09:43:46,678.55,1982511
2021-06-18 09:43:47,679.0,1988203
2021-06-18 09:43:48,678.9,1988651
2021-06-18 09:43:49,679.0,1989420
2021-06-18 09:43:50,678.7,1991880
2021-06-18 09:43:51,679.0,1992598
2021-06-18 09:43:51,679.0,1992598
2021-06-18 09:43:52,678.6,1993938
2021-06-18 09:43:53,678.95,1994549
2021-06-18 09:43:54,678.95,1994894
2021-06-18 09:43:55,678.65,1995736
2021-06-18 09:43:56,678.6,1996916
2021-06-18 09:43:57,679.0,1997508
2021-06-18 09:43:58,679.0,1997771
2021-06-18 09:43:59,679.0,1998846
2021-06-18 09:44:00,678.65,2001497
2021-06-18 09:44:01,678.7,2001578
2021-06-18 09:44:02,678.95,2003590
2021-06-18 09:44:03,678.65,2003833
2021-06-18 09:44:04,678.6,2004787
2021-06-18 09:44:05,678.7,2005597
2021-06-18 09:44:06,679.4,2009090
2021-06-18 09:44:07,678.95,2009836
2021-06-18 09:44:08,678.8,2010001
2021-06-18 09:44:09,679.05,2012374
2021-06-18 09:44:10,678.6,2013024
2021-06-18 09:44:11,678.65,2014438
2021-06-18 09:44:13,678.75,2015198
2021-06-18 09:44:14,679.0,2015505
2021-06-18 09:44:14,679.0,2015592
2021-06-18 09:44:15,678.9,2016020
2021-06-18 09:44:16,678.9,2016158
2021-06-18 09:44:17,678.9,2017104
2021-06-18 09:44:18,678.95,2017224
2021-06-18 09:44:19,678.95,2017345
2021-06-18 09:44:20,678.95,2017509
2021-06-18 09:44:21,679.0,2018147
2021-06-18 09:44:22,679.0,2019140
2021-06-18 09:44:23,678.8,2019877
2021-06-18 09:44:24,678.8,2019962
2021-06-18 09:44:25,678.9,2020466
2021-06-18 09:44:27,678.9,2022759
2021-06-18 09:44:29,679.15,2023442
2021-06-18 09:44:30,679.35,2023558
2021-06-18 09:44:31,679.4,2023929
2021-06-18 09:44:31,679.0,2024021
2021-06-18 09:44:32,679.4,2024401
2021-06-18 09:44:33,679.15,2024750
2021-06-18 09:44:34,679.1,2025509
2021-06-18 09:44:35,679.4,2025955
2021-06-18 09:44:36,679.15,2026711
2021-06-18 09:44:37,679.4,2026749
2021-06-18 09:44:38,679.55,2029081
2021-06-18 09:44:39,679.55,2029264
2021-06-18 09:44:43,679.65,2030405
2021-06-18 09:44:43,679.85,2030475
2021-06-18 09:44:44,679.85,2030709
2021-06-18 09:44:45,679.9,2030834
2021-06-18 09:44:46,679.3,2031231
2021-06-18 09:44:47,679.4,2031928
2021-06-18 09:44:48,679.1,2036645
2021-06-18 09:44:49,679.0,2036677
2021-06-18 09:44:50,678.9,2037238
2021-06-18 09:44:51,678.9,2037340
2021-06-18 09:44:52,678.85,2038584
2021-06-18 09:44:53,679.05,2039114
2021-06-18 09:44:54,679.0,2041864
2021-06-18 09:44:55,679.1,2042498
2021-06-18 09:44:56,679.05,2042664
2021-06-18 09:44:57,678.75,2042745
2021-06-18 09:44:58,678.95,2042748
2021-06-18 09:44:59,678.75,2042953
2021-06-18 09:45:00,678.8,2043305
2021-06-18 09:45:01,678.65,2043826
2021-06-18 09:45:02,678.0,2104927
2021-06-18 09:45:04,677.85,2105857
2021-06-18 09:45:04,677.85,2106437
2021-06-18 09:45:05,677.85,2107028
2021-06-18 09:45:06,677.45,2107399
2021-06-18 09:45:07,677.75,2107457
2021-06-18 09:45:09,677.85,2109204
2021-06-18 09:45:10,677.95,2109815
2021-06-18 09:45:10,678.0,2132010
2021-06-18 09:45:12,677.85,2147934
2021-06-18 09:45:12,677.65,2148571
2021-06-18 09:45:14,677.85,2150132
2021-06-18 09:45:14,677.9,2150664
2021-06-18 09:45:15,677.95,2151353
2021-06-18 09:45:17,678.2,2162306
2021-06-18 09:45:16,678.2,2161460
2021-06-18 09:45:18,677.8,2162643
2021-06-18 09:45:19,678.2,2163123
2021-06-18 09:45:20,678.0,2166520
2021-06-18 09:45:21,678.35,2166963
2021-06-18 09:45:22,678.0,2167096
2021-06-18 09:45:23,678.05,2167323
2021-06-18 09:45:25,678.15,2167852
2021-06-18 09:45:26,678.05,2168216
2021-06-18 09:45:27,678.05,2168585
2021-06-18 09:45:28,678.05,2169474
2021-06-18 09:45:28,678.45,2169939
2021-06-18 09:45:29,678.0,2170385
2021-06-18 09:45:30,677.85,2175120
2021-06-18 09:45:31,677.85,2175543
2021-06-18 09:45:32,678.0,2176434
2021-06-18 09:45:33,678.0,2177070
2021-06-18 09:45:35,677.65,2178669
2021-06-18 09:45:36,678.0,2179028
2021-06-18 09:45:37,677.8,2185309
2021-06-18 09:45:38,678.0,2185660
2021-06-18 09:45:39,678.0,2185952
2021-06-18 09:45:40,678.0,2186019
2021-06-18 09:45:41,678.0,2186887
2021-06-18 09:45:42,678.0,2191102
2021-06-18 09:45:43,677.8,2191303
2021-06-18 09:45:43,678.0,2191390
2021-06-18 09:45:45,677.65,2193294
2021-06-18 09:45:46,677.55,2194018
2021-06-18 09:45:46,677.85,2194158
2021-06-18 09:45:47,677.85,2194299
2021-06-18 09:45:48,677.55,2194622
2021-06-18 09:45:49,677.85,2195006
2021-06-18 09:45:50,677.75,2195327
2021-06-18 09:45:51,677.85,2196145
2021-06-18 09:45:53,678.0,2198784
2021-06-18 09:45:54,678.0,2199382
2021-06-18 09:45:55,677.95,2199483
2021-06-18 09:45:56,678.0,2200438
2021-06-18 09:45:56,677.7,2201660
2021-06-18 09:45:57,677.85,2202745
2021-06-18 09:45:58,678.0,2206915
2021-06-18 09:45:59,678.0,2227102
2021-06-18 09:46:00,678.0,2227324
2021-06-18 09:46:01,678.0,2229426
2021-06-18 09:46:02,678.0,2232079
2021-06-18 09:46:04,678.0,2233468
2021-06-18 09:46:04,677.7,2233612
2021-06-18 09:46:05,678.0,2233844
2021-06-18 09:46:06,677.95,2233894
2021-06-18 09:46:07,677.8,2234200
2021-06-18 09:46:08,677.75,2234446
2021-06-18 09:46:10,677.75,2234494
2021-06-18 09:46:11,677.75,2235072
2021-06-18 09:46:11,677.5,2235372
2021-06-18 09:46:12,677.75,2235818
2021-06-18 09:46:14,677.75,2237989
2021-06-18 09:46:15,677.8,2238124
2021-06-18 09:46:16,677.5,2241526
2021-06-18 09:46:18,677.55,2241977
2021-06-18 09:46:19,677.55,2242292
2021-06-18 09:46:19,677.5,2242294
2021-06-18 09:46:20,677.5,2242751
2021-06-18 09:46:21,677.85,2242983
2021-06-18 09:46:22,677.5,2243322
2021-06-18 09:46:23,677.85,2243592
2021-06-18 09:46:25,677.6,2244204
2021-06-18 09:46:25,677.6,2244293
2021-06-18 09:46:26,677.55,2244718
2021-06-18 09:46:28,677.6,2245333
2021-06-18 09:46:29,677.5,2245453
2021-06-18 09:46:29,677.6,2245524
2021-06-18 09:46:30,677.25,2247301
2021-06-18 09:46:31,677.5,2247635
2021-06-18 09:46:33,677.5,2248105
2021-06-18 09:46:33,677.5,2248332
2021-06-18 09:46:34,677.5,2248532
2021-06-18 09:46:36,676.55,2274534
2021-06-18 09:46:37,676.45,2274813
2021-06-18 09:46:38,676.65,2275197
2021-06-18 09:46:39,676.65,2275723
2021-06-18 09:46:42,676.8,2280011
2021-06-18 09:46:43,677.1,2280326
2021-06-18 09:46:44,676.8,2281173
2021-06-18 09:46:45,676.7,2281544
2021-06-18 09:46:46,676.8,2281830
2021-06-18 09:46:47,676.6,2282158
2021-06-18 09:46:48,676.6,2282360
2021-06-18 09:46:48,676.6,2282360
2021-06-18 09:46:49,676.9,2283049
2021-06-18 09:46:51,676.95,2283824
2021-06-18 09:46:52,676.95,2283839
2021-06-18 09:46:53,676.5,2287245
2021-06-18 09:46:54,676.85,2287889
2021-06-18 09:46:55,676.85,2288105
2021-06-18 09:46:55,676.9,2289096
2021-06-18 09:46:57,676.7,2289368
2021-06-18 09:46:58,676.65,2289512
2021-06-18 09:46:59,676.9,2289597
2021-06-18 09:47:00,677.0,2290337
2021-06-18 09:47:01,676.85,2292159
2021-06-18 09:47:02,677.0,2296314
2021-06-18 09:47:03,677.1,2296663
2021-06-18 09:47:04,677.15,2297230
2021-06-18 09:47:05,677.55,2298982
2021-06-18 09:47:06,677.5,2301343
2021-06-18 09:47:07,677.45,2303037
2021-06-18 09:47:08,677.5,2303227
2021-06-18 09:47:09,677.8,2304038
2021-06-18 09:47:10,677.55,2304089
2021-06-18 09:47:11,677.75,2314876
2021-06-18 09:47:12,678.0,2315037
2021-06-18 09:47:13,677.8,2315055
2021-06-18 09:47:14,678.0,2315056
2021-06-18 09:47:15,678.0,2316925
2021-06-18 09:47:17,677.95,2318042
2021-06-18 09:47:16,678.0,2317807
2021-06-18 09:47:18,677.8,2318237
2021-06-18 09:47:19,677.5,2320545
2021-06-18 09:47:19,677.45,2320744
2021-06-18 09:47:20,677.45,2321155
2021-06-18 09:47:21,677.45,2321589
2021-06-18 09:47:23,677.45,2321737
2021-06-18 09:47:24,677.5,2322664
2021-06-18 09:47:25,677.65,2323523
2021-06-18 09:47:26,677.7,2323601
2021-06-18 09:47:27,677.55,2324434
2021-06-18 09:47:27,677.7,2324637
2021-06-18 09:47:29,677.65,2325622
2021-06-18 09:47:30,677.75,2325794
2021-06-18 09:47:31,677.75,2325885
2021-06-18 09:47:32,677.9,2326954
2021-06-18 09:47:33,677.9,2326964
2021-06-18 09:47:34,677.95,2327062
2021-06-18 09:47:35,677.95,2328189
2021-06-18 09:47:36,677.7,2328416
2021-06-18 09:47:37,677.95,2328453
2021-06-18 09:47:38,677.95,2328654
2021-06-18 09:47:39,678.0,2328918
2021-06-18 09:47:40,678.0,2338819
2021-06-18 09:47:40,678.0,2339174
2021-06-18 09:47:41,678.0,2339777
2021-06-18 09:47:42,677.95,2343736
2021-06-18 09:47:44,678.0,2343846
2021-06-18 09:47:45,678.0,2344032
2021-06-18 09:47:45,678.0,2374222
2021-06-18 09:47:47,678.0,2374457
2021-06-18 09:47:47,678.0,2376762
2021-06-18 09:47:48,678.0,2376762
2021-06-18 09:47:50,678.45,2382406
2021-06-18 09:47:51,678.15,2382572
2021-06-18 09:47:52,678.45,2382672
2021-06-18 09:47:53,678.0,2383321
2021-06-18 09:47:54,678.15,2383498
2021-06-18 09:47:56,677.7,2388631
2021-06-18 09:47:56,677.75,2389064
2021-06-18 09:47:57,677.85,2389794
2021-06-18 09:47:59,677.5,2389885
2021-06-18 09:48:00,677.9,2390612
2021-06-18 09:48:01,677.95,2391834
2021-06-18 09:48:02,677.85,2391887
2021-06-18 09:48:03,677.7,2392305
2021-06-18 09:48:04,677.7,2392355
2021-06-18 09:48:05,677.7,2392756
2021-06-18 09:48:05,677.65,2392842
2021-06-18 09:48:06,677.4,2393319
2021-06-18 09:48:08,677.6,2394220
2021-06-18 09:48:08,677.45,2394427
2021-06-18 09:48:10,677.4,2395106
2021-06-18 09:48:11,677.0,2396472
2021-06-18 09:48:12,677.35,2397361
2021-06-18 09:48:13,677.35,2397391
2021-06-18 09:48:14,677.3,2397580
2021-06-18 09:48:15,677.3,2397616
2021-06-18 09:48:16,677.3,2397710
2021-06-18 09:48:17,677.3,2397872
2021-06-18 09:48:18,677.1,2397930
2021-06-18 09:48:19,677.3,2398030
2021-06-18 09:48:20,677.5,2398449
2021-06-18 09:48:22,678.3,2403138
2021-06-18 09:48:21,677.85,2402798
2021-06-18 09:48:23,677.3,2403308
2021-06-18 09:48:24,677.5,2404215
2021-06-18 09:48:24,677.5,2404215
2021-06-18 09:48:25,677.2,2404376
2021-06-18 09:48:27,677.2,2406556
2021-06-18 09:48:28,677.2,2406817
2021-06-18 09:48:29,677.35,2406840
2021-06-18 09:48:30,677.9,2408595
2021-06-18 09:48:31,677.9,2408951
2021-06-18 09:48:32,677.8,2409365
2021-06-18 09:48:33,677.8,2409365
2021-06-18 09:48:33,677.75,2409475
2021-06-18 09:48:35,677.8,2409775
2021-06-18 09:48:35,678.0,2409845
2021-06-18 09:48:37,678.0,2409908
2021-06-18 09:48:39,678.0,2410159
2021-06-18 09:48:40,677.9,2410209
2021-06-18 09:48:41,677.65,2410459
2021-06-18 09:48:42,678.0,2410580
2021-06-18 09:48:44,677.75,2410817
2021-06-18 09:48:45,677.95,2410927
2021-06-18 09:48:46,678.0,2411007
2021-06-18 09:48:48,678.0,2414670
2021-06-18 09:48:48,678.25,2414698
2021-06-18 09:48:49,678.25,2414711
2021-06-18 09:48:50,678.1,2414712
2021-06-18 09:48:51,678.1,2414892
2021-06-18 09:48:52,678.4,2415587
2021-06-18 09:48:53,678.4,2415592
2021-06-18 09:48:55,678.4,2415937
2021-06-18 09:48:56,678.4,2416320
2021-06-18 09:48:57,678.1,2416481
2021-06-18 09:48:58,678.4,2418342
2021-06-18 09:48:58,678.4,2418342
2021-06-18 09:48:59,678.4,2418346
2021-06-18 09:49:00,678.15,2418434
2021-06-18 09:49:02,678.45,2419474
2021-06-18 09:49:02,678.05,2422123
2021-06-18 09:49:03,678.0,2422312
2021-06-18 09:49:04,678.2,2422338
2021-06-18 09:49:06,678.35,2422422
2021-06-18 09:49:07,678.0,2423019
2021-06-18 09:49:08,678.35,2423638
2021-06-18 09:49:09,678.45,2424355
2021-06-18 09:49:10,678.45,2424365
2021-06-18 09:49:10,678.3,2424632
2021-06-18 09:49:11,678.25,2425022
2021-06-18 09:49:13,678.25,2425957
2021-06-18 09:49:14,678.15,2426186
2021-06-18 09:49:15,678.5,2426331
2021-06-18 09:49:16,678.5,2426804
2021-06-18 09:49:17,678.3,2426808
2021-06-18 09:49:18,678.05,2427549
2021-06-18 09:49:19,678.0,2429684
2021-06-18 09:49:20,678.3,2429709
2021-06-18 09:49:21,678.5,2430571
2021-06-18 09:49:22,678.1,2431001
2021-06-18 09:49:23,678.5,2433262
2021-06-18 09:49:24,678.15,2433866
2021-06-18 09:49:25,678.15,2434084
2021-06-18 09:49:26,678.15,2434084
2021-06-18 09:49:27,678.15,2434084
2021-06-18 09:49:28,678.2,2434596
2021-06-18 09:49:29,678.5,2434636
2021-06-18 09:49:30,678.2,2434637
2021-06-18 09:49:31,678.3,2434917
2021-06-18 09:49:32,678.3,2435028
2021-06-18 09:49:33,678.35,2435488
2021-06-18 09:49:34,678.35,2435488
2021-06-18 09:49:35,678.5,2435726
2021-06-18 09:49:36,678.6,2438929
2021-06-18 09:49:37,678.8,2439302
2021-06-18 09:49:38,678.5,2439452
2021-06-18 09:49:39,678.8,2439783
2021-06-18 09:49:40,678.8,2440124
2021-06-18 09:49:41,679.1,2443127
2021-06-18 09:49:42,679.4,2443532
2021-06-18 09:49:43,679.1,2447962
2021-06-18 09:49:44,679.25,2448422
2021-06-18 09:49:45,678.8,2448752
2021-06-18 09:49:46,678.8,2448912
2021-06-18 09:49:47,678.95,2449339
2021-06-18 09:49:48,679.05,2449789
2021-06-18 09:49:49,679.05,2449956
2021-06-18 09:49:51,678.95,2450208
2021-06-18 09:49:52,678.8,2451273
2021-06-18 09:49:53,678.75,2451337
2021-06-18 09:49:54,678.8,2451562
2021-06-18 09:49:55,678.5,2451708
2021-06-18 09:49:56,678.8,2451975
2021-06-18 09:49:57,678.75,2452027
2021-06-18 09:49:58,678.5,2452067
2021-06-18 09:49:59,678.75,2452123
2021-06-18 09:50:00,678.45,2452531
2021-06-18 09:50:01,678.35,2452996
2021-06-18 09:50:02,678.5,2453121
2021-06-18 09:50:03,678.45,2453258
2021-06-18 09:50:04,678.2,2453518
2021-06-18 09:50:05,678.2,2453563
2021-06-18 09:50:06,678.45,2453663
2021-06-18 09:50:07,678.5,2453963
2021-06-18 09:50:08,678.45,2454143
2021-06-18 09:50:09,678.9,2454854
2021-06-18 09:50:10,678.9,2455054
2021-06-18 09:50:11,678.55,2455144
2021-06-18 09:50:12,678.55,2455197
2021-06-18 09:50:13,678.55,2455542
2021-06-18 09:50:14,678.85,2455592
2021-06-18 09:50:15,678.45,2456006
2021-06-18 09:50:16,678.55,2456292
2021-06-18 09:50:17,678.55,2456292
2021-06-18 09:50:18,678.6,2456347
2021-06-18 09:50:19,678.35,2457052
2021-06-18 09:50:20,678.35,2457321
2021-06-18 09:50:21,678.55,2457548
2021-06-18 09:50:22,678.3,2458692
2021-06-18 09:50:23,678.6,2458702
2021-06-18 09:50:24,678.45,2459953
2021-06-18 09:50:25,678.35,2461529
2021-06-18 09:50:26,678.35,2462139
2021-06-18 09:50:27,678.35,2463567
2021-06-18 09:50:28,678.35,2463779
2021-06-18 09:50:29,678.3,2464871
2021-06-18 09:50:30,678.05,2464928
2021-06-18 09:50:31,678.4,2465208
2021-06-18 09:50:32,678.25,2467199
2021-06-18 09:50:33,678.3,2467309
2021-06-18 09:50:34,677.7,2472749
2021-06-18 09:50:35,677.85,2473554
2021-06-18 09:50:36,677.45,2474383
2021-06-18 09:50:37,677.75,2474620
2021-06-18 09:50:38,677.75,2475131
2021-06-18 09:50:39,677.7,2475182
2021-06-18 09:50:40,677.4,2476005
2021-06-18 09:50:41,677.2,2476594
2021-06-18 09:50:42,677.15,2476682
2021-06-18 09:50:43,677.4,2476782
2021-06-18 09:50:44,677.4,2476907
2021-06-18 09:50:45,677.1,2477172
2021-06-18 09:50:46,677.3,2477268
2021-06-18 09:50:47,677.3,2477619
2021-06-18 09:50:48,677.3,2477656
2021-06-18 09:50:50,677.2,2477855
2021-06-18 09:50:51,677.25,2477905
2021-06-18 09:50:52,677.1,2478094
2021-06-18 09:50:54,677.2,2478729
2021-06-18 09:50:55,677.1,2478730
2021-06-18 09:50:56,677.1,2478876
2021-06-18 09:50:57,677.05,2478959
2021-06-18 09:50:58,677.1,2478969
2021-06-18 09:50:59,677.0,2479910
2021-06-18 09:51:00,677.0,2480082
2021-06-18 09:51:01,677.0,2480624
2021-06-18 09:51:02,677.1,2483776
2021-06-18 09:51:03,677.0,2487028
2021-06-18 09:51:04,677.0,2487741
2021-06-18 09:51:05,677.2,2488443
2021-06-18 09:51:06,677.35,2490486
2021-06-18 09:51:07,677.5,2491184
2021-06-18 09:51:08,677.65,2491194
2021-06-18 09:51:10,677.5,2491413
2021-06-18 09:51:11,677.65,2491414
2021-06-18 09:51:15,677.2,2493361
2021-06-18 09:51:16,677.5,2493520
2021-06-18 09:51:18,676.8,2496793
2021-06-18 09:51:19,676.85,2497656
2021-06-18 09:51:20,676.65,2499006
2021-06-18 09:51:22,676.55,2499438
2021-06-18 09:51:23,676.35,2505416
2021-06-18 09:51:24,676.2,2505687
2021-06-18 09:51:25,676.1,2506930
2021-06-18 09:51:26,676.1,2507239
2021-06-18 09:51:27,676.1,2510485
2021-06-18 09:51:28,675.85,2522082
2021-06-18 09:51:29,675.9,2522219
2021-06-18 09:51:30,675.6,2522896
2021-06-18 09:51:31,676.1,2526239
2021-06-18 09:51:32,676.0,2526334
2021-06-18 09:51:33,675.8,2526416
2021-06-18 09:51:35,675.8,2527958
2021-06-18 09:51:35,675.85,2528108
2021-06-18 09:51:36,675.85,2529194
2021-06-18 09:51:37,675.5,2529770
2021-06-18 09:51:38,675.55,2530512
2021-06-18 09:51:39,675.85,2530728
2021-06-18 09:51:40,675.8,2531950
2021-06-18 09:51:41,675.8,2533976
2021-06-18 09:51:42,675.5,2534277
2021-06-18 09:51:43,675.55,2534441
2021-06-18 09:51:44,675.9,2534575
2021-06-18 09:51:45,675.65,2534764
2021-06-18 09:51:47,675.95,2535478
2021-06-18 09:51:48,675.7,2536354
2021-06-18 09:51:48,675.7,2536353
2021-06-18 09:51:50,675.85,2536744
2021-06-18 09:51:51,675.95,2537072
2021-06-18 09:51:52,675.85,2537492
2021-06-18 09:51:53,676.1,2539047
2021-06-18 09:51:54,675.9,2539728
2021-06-18 09:51:55,676.0,2539869
2021-06-18 09:51:57,676.0,2540024
2021-06-18 09:51:57,676.0,2540024
2021-06-18 09:51:58,675.9,2540260
2021-06-18 09:51:59,676.15,2540432
2021-06-18 09:52:00,675.6,2546293
2021-06-18 09:52:01,675.85,2546645
2021-06-18 09:52:02,675.95,2547479
2021-06-18 09:52:03,675.6,2547710
2021-06-18 09:52:04,675.9,2548508
2021-06-18 09:52:05,675.85,2550532
2021-06-18 09:52:06,675.65,2550834
2021-06-18 09:52:07,675.85,2550954
2021-06-18 09:52:08,675.85,2551056
2021-06-18 09:52:10,675.6,2551222
2021-06-18 09:52:10,675.6,2551222
2021-06-18 09:52:11,675.45,2557803
2021-06-18 09:52:12,675.45,2558012
2021-06-18 09:52:13,675.2,2573302
2021-06-18 09:52:14,675.15,2574592
2021-06-18 09:52:15,675.3,2576038
2021-06-18 09:52:16,675.0,2576485
2021-06-18 09:52:17,675.0,2578216
2021-06-18 09:52:18,675.1,2579420
2021-06-18 09:52:19,675.1,2579710
2021-06-18 09:52:20,675.0,2580339
2021-06-18 09:52:21,674.65,2605354
2021-06-18 09:52:22,674.65,2606388
2021-06-18 09:52:23,674.6,2607705
2021-06-18 09:52:24,674.25,2610488
2021-06-18 09:52:25,674.5,2611353
2021-06-18 09:52:26,674.35,2613356
2021-06-18 09:52:28,674.35,2614004
2021-06-18 09:52:28,674.35,2614398
2021-06-18 09:52:29,674.5,2614963
2021-06-18 09:52:30,674.55,2616551
2021-06-18 09:52:31,674.95,2617084
2021-06-18 09:52:32,674.65,2618266
2021-06-18 09:52:33,674.95,2618356
2021-06-18 09:52:34,675.25,2619887
2021-06-18 09:52:35,675.25,2621703
2021-06-18 09:52:36,674.85,2621969
2021-06-18 09:52:37,675.25,2623799
2021-06-18 09:52:38,675.0,2625078
2021-06-18 09:52:40,675.15,2625510
2021-06-18 09:52:41,675.45,2626145
2021-06-18 09:52:42,675.5,2627222
2021-06-18 09:52:42,675.15,2627809
2021-06-18 09:52:44,675.3,2628069
2021-06-18 09:52:45,675.25,2628529
2021-06-18 09:52:46,675.25,2629441
2021-06-18 09:52:47,675.25,2629486
2021-06-18 09:52:48,675.45,2629679
2021-06-18 09:52:48,675.3,2629685
2021-06-18 09:52:49,675.3,2630405
2021-06-18 09:52:50,675.3,2631553
2021-06-18 09:52:51,675.5,2631814
2021-06-18 09:52:52,675.25,2632322
2021-06-18 09:52:53,675.4,2632373
2021-06-18 09:52:54,675.0,2632663
2021-06-18 09:52:55,675.25,2632917
2021-06-18 09:52:56,675.3,2633202
2021-06-18 09:52:57,675.1,2633423
2021-06-18 09:52:58,675.3,2634028
2021-06-18 09:52:59,675.25,2634304
2021-06-18 09:53:00,675.4,2634833
2021-06-18 09:53:01,675.3,2635581
2021-06-18 09:53:02,675.5,2636166
2021-06-18 09:53:03,674.9,2641924
2021-06-18 09:53:04,674.9,2642189
2021-06-18 09:53:05,674.4,2644790
2021-06-18 09:53:06,674.6,2648401
2021-06-18 09:53:07,674.5,2648635
2021-06-18 09:53:08,674.55,2649984
2021-06-18 09:53:09,674.3,2650281
2021-06-18 09:53:10,674.5,2650689
2021-06-18 09:53:11,674.2,2676110
2021-06-18 09:53:12,674.25,2679332
2021-06-18 09:53:13,674.85,2681937
2021-06-18 09:53:14,674.9,2691498
2021-06-18 09:53:15,674.55,2692164
2021-06-18 09:53:17,674.4,2692600
2021-06-18 09:53:17,674.6,2692655
2021-06-18 09:53:18,674.25,2694802
2021-06-18 09:53:19,674.7,2695041
2021-06-18 09:53:20,674.55,2695088
2021-06-18 09:53:21,674.55,2696130
2021-06-18 09:53:22,675.0,2697780
2021-06-18 09:53:23,675.2,2698810
2021-06-18 09:53:24,675.4,2699027
2021-06-18 09:53:25,675.6,2703182
2021-06-18 09:53:26,675.5,2703873
2021-06-18 09:53:27,675.5,2704012
2021-06-18 09:53:28,674.75,2704211
2021-06-18 09:53:29,674.7,2704587
2021-06-18 09:53:30,674.6,2704677
2021-06-18 09:53:31,674.85,2704961
2021-06-18 09:53:32,674.55,2705886
2021-06-18 09:53:33,674.85,2706647
2021-06-18 09:53:35,674.8,2707186
2021-06-18 09:53:36,674.85,2710273
2021-06-18 09:53:37,675.0,2710652
2021-06-18 09:53:38,675.1,2711064
2021-06-18 09:53:39,675.15,2711353
2021-06-18 09:53:40,674.9,2711570
2021-06-18 09:53:41,675.2,2712002
2021-06-18 09:53:42,674.85,2713007
2021-06-18 09:53:43,674.9,2713810
2021-06-18 09:53:44,674.9,2714055
2021-06-18 09:53:45,675.15,2715725
2021-06-18 09:53:46,675.15,2715876
2021-06-18 09:53:47,675.0,2715878
2021-06-18 09:53:48,675.2,2715998
2021-06-18 09:53:49,675.15,2716633
2021-06-18 09:53:50,674.9,2717068
2021-06-18 09:53:51,675.2,2717628
2021-06-18 09:53:52,675.2,2718684
2021-06-18 09:53:54,674.9,2718979
2021-06-18 09:53:55,675.2,2719529
2021-06-18 09:53:56,675.2,2719541
2021-06-18 09:53:57,675.0,2719582
2021-06-18 09:53:57,675.0,2719582
2021-06-18 09:53:58,675.2,2719612
2021-06-18 09:53:59,675.0,2720040
2021-06-18 09:54:00,674.9,2720115
2021-06-18 09:54:01,674.65,2721367
2021-06-18 09:54:02,674.75,2723137
2021-06-18 09:54:03,674.85,2723995
2021-06-18 09:54:04,674.5,2724005
2021-06-18 09:54:05,674.5,2724069
2021-06-18 09:54:06,674.6,2724235
2021-06-18 09:54:07,674.95,2724798
2021-06-18 09:54:08,674.95,2724798
2021-06-18 09:54:09,674.95,2725469
2021-06-18 09:54:10,675.15,2726995
2021-06-18 09:54:11,675.15,2727095
2021-06-18 09:54:12,674.9,2727747
2021-06-18 09:54:13,674.85,2728026
2021-06-18 09:54:14,675.8,2737343
2021-06-18 09:54:15,675.15,2738439
2021-06-18 09:54:16,675.4,2738477
2021-06-18 09:54:17,675.35,2738559
2021-06-18 09:54:18,675.4,2738764
2021-06-18 09:54:20,675.0,2741442
2021-06-18 09:54:21,674.9,2741443
2021-06-18 09:54:22,674.9,2741443
2021-06-18 09:54:24,674.55,2742302
2021-06-18 09:54:25,674.8,2742869
2021-06-18 09:54:26,674.9,2743204
2021-06-18 09:54:27,674.85,2744920
2021-06-18 09:54:28,674.9,2745234
2021-06-18 09:54:29,674.5,2748256
2021-06-18 09:54:30,674.75,2748509
2021-06-18 09:54:31,674.9,2750018
2021-06-18 09:54:31,674.85,2750023
2021-06-18 09:54:32,674.55,2750070
2021-06-18 09:54:33,674.4,2753495
2021-06-18 09:54:34,674.65,2753942
2021-06-18 09:54:36,674.75,2755623
2021-06-18 09:54:37,674.75,2755739
2021-06-18 09:54:38,674.55,2756594
2021-06-18 09:54:39,674.55,2756982
2021-06-18 09:54:40,674.45,2757285
2021-06-18 09:54:40,674.4,2757449
2021-06-18 09:54:41,674.35,2757925
2021-06-18 09:54:42,674.4,2757985
2021-06-18 09:54:43,674.1,2758542
2021-06-18 09:54:44,674.4,2759177
2021-06-18 09:54:46,674.95,2761917
2021-06-18 09:54:47,675.4,2765082
2021-06-18 09:54:48,674.85,2765856
2021-06-18 09:54:49,675.25,2765909
2021-06-18 09:54:50,674.65,2767756
2021-06-18 09:54:51,674.45,2767914
2021-06-18 09:54:52,674.8,2767915
2021-06-18 09:54:54,674.7,2768021
2021-06-18 09:54:55,674.7,2768241
2021-06-18 09:54:56,674.45,2768393
2021-06-18 09:54:56,674.45,2768393
2021-06-18 09:54:57,674.7,2768506
2021-06-18 09:54:59,674.75,2768610
2021-06-18 09:55:00,674.7,2768638
2021-06-18 09:55:01,674.75,2768664
2021-06-18 09:55:01,674.6,2769238
2021-06-18 09:55:03,674.6,2769644
2021-06-18 09:55:04,674.5,2769679
2021-06-18 09:55:05,674.7,2770417
2021-06-18 09:55:05,674.7,2770311
2021-06-18 09:55:06,674.4,2770801
2021-06-18 09:55:07,674.5,2770811
2021-06-18 09:55:08,674.45,2771323
2021-06-18 09:55:09,674.4,2771643
2021-06-18 09:55:10,674.5,2771671
2021-06-18 09:55:11,674.5,2771698
2021-06-18 09:55:12,674.5,2772098
2021-06-18 09:55:13,674.4,2774760
2021-06-18 09:55:15,674.1,2775011
2021-06-18 09:55:16,674.45,2776160
2021-06-18 09:55:17,674.55,2777792
2021-06-18 09:55:17,674.45,2776762
2021-06-18 09:55:18,674.5,2778119
2021-06-18 09:55:19,674.65,2778324
2021-06-18 09:55:20,674.5,2778613
2021-06-18 09:55:21,674.5,2778815
2021-06-18 09:55:22,674.55,2779029
2021-06-18 09:55:23,674.55,2779084
2021-06-18 09:55:24,673.7,2833182
2021-06-18 09:55:25,673.7,2834332
2021-06-18 09:55:26,674.0,2834844
2021-06-18 09:55:27,674.3,2835811
2021-06-18 09:55:28,674.0,2836605
2021-06-18 09:55:29,673.85,2836750
2021-06-18 09:55:30,673.9,2837072
2021-06-18 09:55:31,674.3,2837198
2021-06-18 09:55:32,674.25,2837299
2021-06-18 09:55:33,673.9,2837556
2021-06-18 09:55:34,673.8,2837986
2021-06-18 09:55:35,673.9,2838296
2021-06-18 09:55:36,674.1,2838337
2021-06-18 09:55:37,674.1,2838500
2021-06-18 09:55:38,674.4,2839229
2021-06-18 09:55:39,674.15,2839244
2021-06-18 09:55:40,674.3,2840194
2021-06-18 09:55:41,674.15,2840396
2021-06-18 09:55:43,674.15,2840873
2021-06-18 09:55:43,674.4,2840868
2021-06-18 09:55:45,674.4,2841920
2021-06-18 09:55:46,674.5,2841966
2021-06-18 09:55:47,674.3,2842536
2021-06-18 09:55:48,674.3,2842556
2021-06-18 09:55:48,674.65,2843561
2021-06-18 09:55:49,674.4,2843583
2021-06-18 09:55:50,674.3,2844023
2021-06-18 09:55:51,674.4,2845362
2021-06-18 09:55:52,674.15,2846800
2021-06-18 09:55:53,674.45,2852625
2021-06-18 09:55:55,674.0,2853065
2021-06-18 09:55:55,673.9,2853133
2021-06-18 09:55:56,674.0,2853157
2021-06-18 09:55:57,674.25,2853448
2021-06-18 09:55:58,674.25,2853483
2021-06-18 09:55:59,674.25,2853508
2021-06-18 09:56:00,674.1,2854301
2021-06-18 09:56:01,674.0,2854544
2021-06-18 09:56:02,673.7,2854878
2021-06-18 09:56:03,674.0,2855491
2021-06-18 09:56:04,673.95,2855517
2021-06-18 09:56:06,673.95,2855839
2021-06-18 09:56:06,673.55,2856741
2021-06-18 09:56:07,673.0,2876274
2021-06-18 09:56:08,673.15,2877837
2021-06-18 09:56:09,673.25,2877913
2021-06-18 09:56:11,673.3,2878692
2021-06-18 09:56:12,673.0,2879181
2021-06-18 09:56:13,673.15,2879231
2021-06-18 09:56:14,673.2,2879862
2021-06-18 09:56:15,673.25,2880023
2021-06-18 09:56:17,673.4,2883932
2021-06-18 09:56:17,673.4,2884035
2021-06-18 09:56:18,673.1,2884287
2021-06-18 09:56:19,673.0,2884880
2021-06-18 09:56:20,673.0,2886812
2021-06-18 09:56:21,672.95,2886996
2021-06-18 09:56:23,673.0,2887667
2021-06-18 09:56:24,672.95,2888231
2021-06-18 09:56:25,672.95,2888348
2021-06-18 09:56:26,673.1,2890105
2021-06-18 09:56:26,672.95,2890261
2021-06-18 09:56:27,672.55,2890477
2021-06-18 09:56:29,672.7,2891362
2021-06-18 09:56:30,672.65,2892195
2021-06-18 09:56:31,672.55,2892788
2021-06-18 09:56:32,672.8,2894273
2021-06-18 09:56:33,672.8,2894799
2021-06-18 09:56:33,672.65,2894974
2021-06-18 09:56:35,672.8,2895510
2021-06-18 09:56:36,673.2,2898908
2021-06-18 09:56:36,673.05,2898909
2021-06-18 09:56:37,673.0,2899161
2021-06-18 09:56:38,673.0,2900163
2021-06-18 09:56:39,673.0,2900228
2021-06-18 09:56:40,673.0,2903985
2021-06-18 09:56:41,672.95,2904160
2021-06-18 09:56:42,672.35,2908955
2021-06-18 09:56:43,672.55,2910479
2021-06-18 09:56:44,672.55,2910755
2021-06-18 09:56:45,672.05,2913398
2021-06-18 09:56:46,672.25,2913825
2021-06-18 09:56:47,672.25,2914331
2021-06-18 09:56:48,672.55,2914448
2021-06-18 09:56:49,672.15,2915108
2021-06-18 09:56:50,672.0,2923777
2021-06-18 09:56:51,672.0,2925955
2021-06-18 09:56:52,672.6,2927512
2021-06-18 09:56:54,672.0,2930671
2021-06-18 09:56:55,672.0,2931674
2021-06-18 09:56:56,672.25,2933672
2021-06-18 09:56:57,672.25,2934262
2021-06-18 09:56:58,672.0,2939373
2021-06-18 09:56:59,672.05,2940625
2021-06-18 09:57:00,671.8,2941415
2021-06-18 09:57:01,672.0,2941702
2021-06-18 09:57:03,670.35,2978607
2021-06-18 09:57:04,670.1,2987352
2021-06-18 09:57:05,670.3,2987911
2021-06-18 09:57:05,670.85,2989145
2021-06-18 09:57:06,670.9,2990047
2021-06-18 09:57:08,670.15,2995924
2021-06-18 09:57:09,670.65,2996743
2021-06-18 09:57:10,670.2,3008401
2021-06-18 09:57:11,670.5,3011373
2021-06-18 09:57:12,670.45,3012403
2021-06-18 09:57:13,670.2,3012700
2021-06-18 09:57:14,670.65,3013280
2021-06-18 09:57:15,670.6,3015694
2021-06-18 09:57:16,670.7,3017995
2021-06-18 09:57:17,670.5,3018185
2021-06-18 09:57:18,671.0,3020702
2021-06-18 09:57:19,670.95,3021673
2021-06-18 09:57:20,670.6,3022374
2021-06-18 09:57:21,670.8,3023383
2021-06-18 09:57:22,670.9,3024489
2021-06-18 09:57:23,670.95,3025855
2021-06-18 09:57:24,670.6,3029797
2021-06-18 09:57:25,670.8,3030173
2021-06-18 09:57:26,670.9,3030965
2021-06-18 09:57:27,670.8,3031329
2021-06-18 09:57:29,670.75,3034693
2021-06-18 09:57:30,670.55,3036048
2021-06-18 09:57:32,670.9,3037954
2021-06-18 09:57:33,670.55,3038798
2021-06-18 09:57:35,670.65,3039034
2021-06-18 09:57:35,670.6,3040223
2021-06-18 09:57:36,670.6,3040410
2021-06-18 09:57:37,670.5,3042342
2021-06-18 09:57:38,670.65,3042948
2021-06-18 09:57:39,670.65,3043046
2021-06-18 09:57:40,670.85,3043612
2021-06-18 09:57:41,670.55,3044768
2021-06-18 09:57:43,670.75,3045849
2021-06-18 09:57:44,670.8,3049261
2021-06-18 09:57:45,671.0,3050719
2021-06-18 09:57:46,671.0,3050918
2021-06-18 09:57:47,671.0,3051021
2021-06-18 09:57:47,671.0,3051067
2021-06-18 09:57:48,671.0,3051796
2021-06-18 09:57:49,671.0,3052454
2021-06-18 09:57:51,671.3,3053386
2021-06-18 09:57:52,670.7,3056673
2021-06-18 09:57:52,670.65,3056513
2021-06-18 09:57:53,670.4,3061238
2021-06-18 09:57:54,670.5,3062074
2021-06-18 09:57:55,670.45,3062251
2021-06-18 09:57:56,670.2,3063191
2021-06-18 09:57:57,670.2,3063736
2021-06-18 09:57:58,670.3,3064519
2021-06-18 09:57:59,670.2,3065756
2021-06-18 09:58:01,670.4,3066904
2021-06-18 09:58:01,670.4,3069169
2021-06-18 09:58:04,670.4,3071958
2021-06-18 09:58:05,670.65,3072872
2021-06-18 09:58:06,670.5,3073212
2021-06-18 09:58:07,670.65,3073488
2021-06-18 09:58:08,670.55,3074718
2021-06-18 09:58:08,670.6,3075018
2021-06-18 09:58:09,670.55,3075712
2021-06-18 09:58:10,671.0,3079570
2021-06-18 09:58:11,670.55,3092585
2021-06-18 09:58:12,670.5,3092785
2021-06-18 09:58:14,670.8,3094216
2021-06-18 09:58:14,670.9,3095855
2021-06-18 09:58:15,670.85,3095960
2021-06-18 09:58:16,670.45,3096489
2021-06-18 09:58:17,670.4,3097634
2021-06-18 09:58:18,670.7,3098133
2021-06-18 09:58:19,670.75,3098961
2021-06-18 09:58:20,670.6,3099833
2021-06-18 09:58:21,670.9,3099886
2021-06-18 09:58:22,670.75,3102798
2021-06-18 09:58:24,670.85,3104205
2021-06-18 09:58:25,670.9,3107194
2021-06-18 09:58:25,670.9,3107595
2021-06-18 09:58:26,670.7,3108020
2021-06-18 09:58:27,670.75,3109192
2021-06-18 09:58:28,670.75,3109192
2021-06-18 09:58:29,670.8,3109642
2021-06-18 09:58:30,670.6,3109931
2021-06-18 09:58:32,671.0,3110328
2021-06-18 09:58:33,671.0,3110667
2021-06-18 09:58:33,670.8,3110817
2021-06-18 09:58:34,671.65,3118468
2021-06-18 09:58:35,671.9,3125806
2021-06-18 09:58:37,671.85,3127160
2021-06-18 09:58:38,671.85,3127710
2021-06-18 09:58:39,671.85,3128199
2021-06-18 09:58:39,671.25,3129347
2021-06-18 09:58:41,671.1,3131134
2021-06-18 09:58:42,671.7,3131623
2021-06-18 09:58:42,671.6,3131628
2021-06-18 09:58:43,671.75,3131873
2021-06-18 09:58:44,671.6,3132013
2021-06-18 09:58:46,671.6,3132322
2021-06-18 09:58:47,671.4,3132924
2021-06-18 09:58:48,671.65,3132987
2021-06-18 09:58:49,671.7,3137898
2021-06-18 09:58:50,671.4,3138844
2021-06-18 09:58:51,671.35,3139120
2021-06-18 09:58:52,671.8,3140599
2021-06-18 09:58:53,671.8,3140691
2021-06-18 09:58:54,671.65,3140754
2021-06-18 09:58:55,671.65,3140850
2021-06-18 09:58:56,671.65,3141041
2021-06-18 09:58:57,672.0,3143547
2021-06-18 09:58:59,671.95,3146568
2021-06-18 09:59:00,672.2,3149083
2021-06-18 09:59:01,672.65,3149782
2021-06-18 09:59:02,672.45,3150577
2021-06-18 09:59:03,672.1,3152375
2021-06-18 09:59:04,672.05,3152665
2021-06-18 09:59:05,671.5,3159284
2021-06-18 09:59:05,671.5,3159284
2021-06-18 09:59:07,671.8,3160208
2021-06-18 09:59:07,671.9,3160318
2021-06-18 09:59:08,671.95,3160955
2021-06-18 09:59:13,672.5,3168599
2021-06-18 09:59:14,672.9,3168980
2021-06-18 09:59:16,672.95,3169982
2021-06-18 09:59:16,672.75,3176535
2021-06-18 09:59:18,672.6,3178399
2021-06-18 09:59:20,672.8,3178772
2021-06-18 09:59:20,672.9,3180132
2021-06-18 09:59:21,672.8,3180435
2021-06-18 09:59:22,672.8,3180481
2021-06-18 09:59:23,672.25,3181546
2021-06-18 09:59:25,672.6,3183104
2021-06-18 09:59:25,672.5,3183108
2021-06-18 09:59:26,672.8,3183660
2021-06-18 09:59:27,672.85,3183779
2021-06-18 09:59:28,672.8,3187711
2021-06-18 09:59:30,672.8,3187761
2021-06-18 09:59:31,673.1,3188011
2021-06-18 09:59:32,673.1,3188186
2021-06-18 09:59:33,673.15,3188576
2021-06-18 09:59:34,672.85,3188941
2021-06-18 09:59:35,672.8,3190944
2021-06-18 09:59:36,672.95,3193003
2021-06-18 09:59:36,672.95,3193008
2021-06-18 09:59:37,673.0,3193113
2021-06-18 09:59:39,673.0,3193315
2021-06-18 09:59:40,673.7,3194413
2021-06-18 09:59:41,673.65,3195306
2021-06-18 09:59:42,673.8,3195387
2021-06-18 09:59:43,673.8,3196361
2021-06-18 09:59:43,673.9,3196605
2021-06-18 09:59:44,674.0,3197339
2021-06-18 09:59:45,674.0,3197778
2021-06-18 09:59:47,673.9,3202719
2021-06-18 09:59:48,674.5,3204243
2021-06-18 09:59:49,674.8,3205225
2021-06-18 09:59:50,674.8,3206259
2021-06-18 09:59:51,674.8,3206413
2021-06-18 09:59:53,674.95,3213026
2021-06-18 09:59:54,674.7,3213276
2021-06-18 09:59:55,674.8,3214369
2021-06-18 09:59:55,674.5,3214479
2021-06-18 09:59:57,674.8,3214610
2021-06-18 09:59:57,675.1,3215801
2021-06-18 09:59:58,675.15,3216132
2021-06-18 10:00:00,675.4,3219044
2021-06-18 10:00:01,675.2,3219401
2021-06-18 10:00:01,674.95,3221398
2021-06-18 10:00:03,675.05,3221693
2021-06-18 10:00:04,674.8,3222341
2021-06-18 10:00:05,675.2,3225388
2021-06-18 10:00:06,675.1,3226138
2021-06-18 10:00:07,675.15,3226911
2021-06-18 10:00:08,675.45,3228998
2021-06-18 10:00:08,675.45,3228998
2021-06-18 10:00:09,675.1,3229130
2021-06-18 10:00:10,675.85,3234289
2021-06-18 10:00:11,675.15,3235951
2021-06-18 10:00:13,674.5,3238313
2021-06-18 10:00:14,674.25,3239731
2021-06-18 10:00:15,674.5,3240363
2021-06-18 10:00:16,674.3,3242567
2021-06-18 10:00:17,674.5,3242808
2021-06-18 10:00:18,674.45,3242983
2021-06-18 10:00:19,674.4,3243732
2021-06-18 10:00:20,674.4,3243732
2021-06-18 10:00:21,674.2,3245875
2021-06-18 10:00:22,674.05,3246930
2021-06-18 10:00:23,673.95,3247556
2021-06-18 10:00:24,674.3,3247561
2021-06-18 10:00:25,674.25,3247955
2021-06-18 10:00:26,673.9,3248105
2021-06-18 10:00:27,674.2,3248242
2021-06-18 10:00:28,674.2,3248295
2021-06-18 10:00:29,674.25,3249436
2021-06-18 10:00:30,674.25,3250709
2021-06-18 10:00:31,674.15,3250758
2021-06-18 10:00:33,674.65,3251850
2021-06-18 10:00:34,674.8,3251951
2021-06-18 10:00:35,674.8,3251964
2021-06-18 10:00:36,674.8,3252383
2021-06-18 10:00:37,674.9,3255020
2021-06-18 10:00:38,674.7,3255801
2021-06-18 10:00:39,674.8,3255853
2021-06-18 10:00:40,674.6,3255909
2021-06-18 10:00:41,674.7,3255965
2021-06-18 10:00:42,674.75,3256125
2021-06-18 10:00:43,674.95,3256870
2021-06-18 10:00:44,675.35,3261072
2021-06-18 10:00:45,675.4,3261103
2021-06-18 10:00:46,675.0,3261744
2021-06-18 10:00:47,674.95,3261831
2021-06-18 10:00:48,674.8,3261901
2021-06-18 10:00:50,674.95,3265647
2021-06-18 10:00:51,675.0,3266624
2021-06-18 10:00:52,674.8,3267446
2021-06-18 10:00:53,674.5,3268529
2021-06-18 10:00:54,674.5,3269026
2021-06-18 10:00:55,674.5,3269075
2021-06-18 10:00:56,674.25,3269220
2021-06-18 10:00:58,674.4,3270134
2021-06-18 10:01:00,674.45,3271019
2021-06-18 10:00:59,674.55,3270468
2021-06-18 10:01:01,674.5,3272329
2021-06-18 10:01:02,674.75,3272779
2021-06-18 10:01:03,674.5,3273041
2021-06-18 10:01:04,674.8,3273642
2021-06-18 10:01:05,674.45,3274188
2021-06-18 10:01:06,674.75,3274704
2021-06-18 10:01:07,674.75,3274704
2021-06-18 10:01:08,674.8,3275618
2021-06-18 10:01:09,675.0,3275818
2021-06-18 10:01:10,674.95,3275823
2021-06-18 10:01:11,674.95,3275823
2021-06-18 10:01:12,674.8,3276011
2021-06-18 10:01:13,674.75,3276171
2021-06-18 10:01:14,674.75,3276550
2021-06-18 10:01:15,674.75,3277357
2021-06-18 10:01:16,674.8,3277610
2021-06-18 10:01:17,675.0,3277711
2021-06-18 10:01:18,674.8,3277751
2021-06-18 10:01:19,674.75,3277842
2021-06-18 10:01:20,674.95,3277996
2021-06-18 10:01:21,675.0,3278275
2021-06-18 10:01:22,675.0,3278275
2021-06-18 10:01:23,675.0,3278277
2021-06-18 10:01:24,675.0,3278639
2021-06-18 10:01:25,674.8,3278967
2021-06-18 10:01:26,675.0,3279022
2021-06-18 10:01:28,675.0,3279029
2021-06-18 10:01:29,675.0,3279080
2021-06-18 10:01:30,674.8,3280626
2021-06-18 10:01:31,675.0,3281501
2021-06-18 10:01:32,675.0,3281555
2021-06-18 10:01:33,674.7,3281911
2021-06-18 10:01:34,675.25,3284473
2021-06-18 10:01:35,675.25,3284526
2021-06-18 10:01:36,675.25,3284526
2021-06-18 10:01:38,675.35,3284766
2021-06-18 10:01:39,675.0,3284829
2021-06-18 10:01:40,675.0,3286444
2021-06-18 10:01:41,675.0,3286665
2021-06-18 10:01:42,675.0,3287052
2021-06-18 10:01:43,675.0,3287284
2021-06-18 10:01:44,675.05,3287307
2021-06-18 10:01:46,675.35,3287515
2021-06-18 10:01:48,675.1,3288019
2021-06-18 10:01:49,675.35,3288291
2021-06-18 10:01:50,675.15,3289371
2021-06-18 10:01:51,675.35,3289521
2021-06-18 10:01:52,675.35,3289538
2021-06-18 10:01:54,675.35,3289849
2021-06-18 10:01:55,675.35,3289900
2021-06-18 10:01:56,675.4,3290071
2021-06-18 10:01:58,675.5,3290812
2021-06-18 10:02:00,675.5,3290986
2021-06-18 10:02:01,675.3,3291392
2021-06-18 10:02:04,675.5,3293176
2021-06-18 10:02:05,675.5,3293435
2021-06-18 10:02:06,675.5,3293645
2021-06-18 10:02:07,675.65,3296772
2021-06-18 10:02:08,675.5,3297282
2021-06-18 10:02:09,676.0,3298352
2021-06-18 10:02:10,675.8,3298644
2021-06-18 10:02:11,676.0,3299735
2021-06-18 10:02:12,675.65,3300489
2021-06-18 10:02:13,675.75,3300975
2021-06-18 10:02:14,675.95,3301196
2021-06-18 10:02:15,676.0,3301208
2021-06-18 10:02:16,676.0,3301257
2021-06-18 10:02:17,676.2,3303722
2021-06-18 10:02:18,676.0,3304355
2021-06-18 10:02:19,676.5,3305991
2021-06-18 10:02:21,676.35,3306115
2021-06-18 10:02:22,676.5,3306527
2021-06-18 10:02:23,676.5,3307224
2021-06-18 10:02:23,676.5,3307224
2021-06-18 10:02:24,676.55,3308646
2021-06-18 10:02:25,676.5,3309212
2021-06-18 10:02:26,676.5,3309255
2021-06-18 10:02:27,676.5,3309705
2021-06-18 10:02:28,676.45,3310642
2021-06-18 10:02:29,676.5,3310831
2021-06-18 10:02:31,676.25,3312626
2021-06-18 10:02:32,676.5,3312897
2021-06-18 10:02:34,676.5,3315687
2021-06-18 10:02:35,676.75,3315887
2021-06-18 10:02:36,676.6,3317192
2021-06-18 10:02:36,676.6,3317192
2021-06-18 10:02:37,677.0,3326265
2021-06-18 10:02:38,676.8,3326664
2021-06-18 10:02:39,676.6,3327375
2021-06-18 10:02:40,677.0,3328599
2021-06-18 10:02:42,676.8,3329891
2021-06-18 10:02:43,677.0,3330174
2021-06-18 10:02:43,677.0,3330394
2021-06-18 10:02:44,677.0,3330890
2021-06-18 10:02:45,677.0,3331812
2021-06-18 10:02:46,677.1,3334397
2021-06-18 10:02:47,677.0,3335093
2021-06-18 10:02:48,676.95,3335188
2021-06-18 10:02:50,676.8,3335424
2021-06-18 10:02:50,676.8,3335425
2021-06-18 10:02:52,676.85,3336393
2021-06-18 10:02:52,676.6,3337111
2021-06-18 10:02:53,676.85,3340456
2021-06-18 10:02:54,676.7,3341334
2021-06-18 10:02:55,677.0,3341485
2021-06-18 10:02:56,676.95,3341520
2021-06-18 10:02:57,676.7,3342762
2021-06-18 10:02:58,676.8,3343813
2021-06-18 10:02:59,676.7,3346810
2021-06-18 10:03:01,676.7,3347233
2021-06-18 10:03:02,676.45,3347265
2021-06-18 10:03:03,676.75,3347500
2021-06-18 10:03:04,676.2,3348954
2021-06-18 10:03:05,675.6,3352280
2021-06-18 10:03:06,675.8,3352533
2021-06-18 10:03:07,676.1,3353128
2021-06-18 10:03:08,676.25,3353338
2021-06-18 10:03:09,676.25,3353592
2021-06-18 10:03:10,675.9,3353653
2021-06-18 10:03:11,676.25,3353866
2021-06-18 10:03:13,676.5,3354672
2021-06-18 10:03:14,676.5,3355387
2021-06-18 10:03:15,676.5,3355437
2021-06-18 10:03:15,676.5,3355447
2021-06-18 10:03:16,676.6,3357206
2021-06-18 10:03:19,676.5,3357515
2021-06-18 10:03:21,676.55,3360397
2021-06-18 10:03:22,676.5,3360581
2021-06-18 10:03:24,676.85,3361332
2021-06-18 10:03:25,676.85,3362030
2021-06-18 10:03:26,676.8,3362037
2021-06-18 10:03:28,676.8,3362087
2021-06-18 10:03:28,676.8,3362087
2021-06-18 10:03:29,676.8,3362302
2021-06-18 10:03:30,676.5,3362646
2021-06-18 10:03:31,676.45,3363051
2021-06-18 10:03:33,676.8,3363571
2021-06-18 10:03:33,676.8,3363571
2021-06-18 10:03:34,676.5,3363574
2021-06-18 10:03:35,676.8,3363867
2021-06-18 10:03:36,676.75,3363878
2021-06-18 10:03:37,676.55,3364024
2021-06-18 10:03:38,676.65,3364552
2021-06-18 10:03:40,676.25,3364553
2021-06-18 10:03:40,676.6,3364563
2021-06-18 10:03:42,676.6,3365111
2021-06-18 10:03:43,676.65,3365312
2021-06-18 10:03:46,676.55,3365916
2021-06-18 10:03:46,676.65,3365942
2021-06-18 10:03:47,676.65,3366084
2021-06-18 10:03:48,676.85,3366829
2021-06-18 10:03:49,676.7,3366906
2021-06-18 10:03:50,676.85,3368604
2021-06-18 10:03:51,676.7,3369247
2021-06-18 10:03:53,676.7,3369427
2021-06-18 10:03:54,676.95,3374456
2021-06-18 10:03:55,677.0,3374467
2021-06-18 10:03:55,676.9,3374901
2021-06-18 10:03:56,677.2,3374971
2021-06-18 10:03:57,677.3,3376502
2021-06-18 10:03:58,677.25,3376840
2021-06-18 10:03:59,677.3,3377534
2021-06-18 10:04:00,677.2,3378975
2021-06-18 10:04:02,676.9,3379574
2021-06-18 10:04:02,676.9,3379830
2021-06-18 10:04:03,676.65,3380271
2021-06-18 10:04:04,676.35,3392598
2021-06-18 10:04:05,676.3,3392913
2021-06-18 10:04:06,676.3,3393039
2021-06-18 10:04:08,676.35,3393489
2021-06-18 10:04:09,676.0,3393768
2021-06-18 10:04:09,676.0,3393859
2021-06-18 10:04:10,676.0,3395234
2021-06-18 10:04:11,675.8,3395300
2021-06-18 10:04:12,675.75,3396156
2021-06-18 10:04:14,675.75,3396513
2021-06-18 10:04:14,675.75,3396513
2021-06-18 10:04:15,675.6,3396965
2021-06-18 10:04:16,675.6,3397275
2021-06-18 10:04:17,675.65,3398665
2021-06-18 10:04:18,675.75,3398917
2021-06-18 10:04:19,675.4,3398978
2021-06-18 10:04:20,675.8,3399386
2021-06-18 10:04:21,675.8,3399692
2021-06-18 10:04:22,675.95,3400425
2021-06-18 10:04:23,675.8,3400627
2021-06-18 10:04:24,675.8,3400627
2021-06-18 10:04:25,676.3,3402304
2021-06-18 10:04:27,676.2,3402314
2021-06-18 10:04:27,676.55,3402320
2021-06-18 10:04:28,676.55,3402440
2021-06-18 10:04:29,676.55,3402550
2021-06-18 10:04:30,676.6,3402600
2021-06-18 10:04:31,676.65,3402825
2021-06-18 10:04:33,676.65,3402845
2021-06-18 10:04:34,676.55,3403484
2021-06-18 10:04:34,676.55,3403484
2021-06-18 10:04:35,676.5,3403710
2021-06-18 10:04:36,676.25,3403738
2021-06-18 10:04:37,676.25,3403988
2021-06-18 10:04:38,676.5,3403992
2021-06-18 10:04:39,676.45,3404301
2021-06-18 10:04:41,676.45,3404301
2021-06-18 10:04:42,676.05,3404346
2021-06-18 10:04:43,675.85,3404633
2021-06-18 10:04:44,675.85,3404954
2021-06-18 10:04:46,675.55,3405652
2021-06-18 10:04:47,675.8,3405768
2021-06-18 10:04:48,675.7,3406132
2021-06-18 10:04:50,675.6,3406720
2021-06-18 10:04:51,675.4,3406989
2021-06-18 10:04:51,675.4,3406889
2021-06-18 10:04:52,675.4,3406990
2021-06-18 10:04:53,675.3,3407215
2021-06-18 10:04:54,675.45,3407691
2021-06-18 10:04:55,675.55,3409168
2021-06-18 10:04:56,675.75,3409418
2021-06-18 10:04:58,675.55,3409713
2021-06-18 10:04:59,675.55,3409819
2021-06-18 10:04:59,675.55,3409819
2021-06-18 10:05:00,675.45,3410468
2021-06-18 10:05:01,675.45,3410468
2021-06-18 10:05:02,675.15,3410506
2021-06-18 10:05:03,675.5,3410885
2021-06-18 10:05:05,675.55,3412015
2021-06-18 10:05:06,675.65,3412146
2021-06-18 10:05:07,675.65,3412172
2021-06-18 10:05:07,675.65,3412290
2021-06-18 10:05:08,675.95,3412903
2021-06-18 10:05:10,675.65,3413033
2021-06-18 10:05:11,675.65,3413033
2021-06-18 10:05:12,676.45,3415134
2021-06-18 10:05:12,676.15,3415334
2021-06-18 10:05:13,676.45,3415354
2021-06-18 10:05:14,676.15,3415808
2021-06-18 10:05:15,676.25,3415957
2021-06-18 10:05:17,676.25,3415957
2021-06-18 10:05:18,675.75,3416220
2021-06-18 10:05:19,676.0,3416225
2021-06-18 10:05:19,676.0,3416225
2021-06-18 10:05:20,676.05,3416551
2021-06-18 10:05:21,675.9,3416923
2021-06-18 10:05:22,675.9,3416924
2021-06-18 10:05:23,675.55,3417172
2021-06-18 10:05:24,675.85,3417202
2021-06-18 10:05:25,675.85,3417774
2021-06-18 10:05:26,675.85,3417920
2021-06-18 10:05:27,676.2,3417970
2021-06-18 10:05:29,676.2,3417970
2021-06-18 10:05:29,675.85,3417983
2021-06-18 10:05:30,676.0,3417990
2021-06-18 10:05:32,675.95,3420341
2021-06-18 10:05:33,676.15,3420662
2021-06-18 10:05:33,676.15,3420674
2021-06-18 10:05:34,676.4,3420925
2021-06-18 10:05:35,676.45,3421177
2021-06-18 10:05:36,676.45,3421704
2021-06-18 10:05:37,676.15,3421765
2021-06-18 10:05:38,676.4,3421825
2021-06-18 10:05:40,676.4,3421925
2021-06-18 10:05:41,676.05,3422086
2021-06-18 10:05:42,676.4,3422112
2021-06-18 10:05:42,676.4,3423092
2021-06-18 10:05:43,676.4,3423103
2021-06-18 10:05:44,676.45,3423173
2021-06-18 10:05:45,676.5,3423803
2021-06-18 10:05:46,676.3,3423999
2021-06-18 10:05:47,676.3,3424250
2021-06-18 10:05:49,676.4,3424267
2021-06-18 10:05:50,676.15,3424386
2021-06-18 10:05:50,676.15,3424386
2021-06-18 10:05:51,676.2,3424813
2021-06-18 10:05:52,676.35,3425675
2021-06-18 10:05:53,675.9,3429675
2021-06-18 10:05:57,676.25,3430304
2021-06-18 10:05:58,676.45,3430536
2021-06-18 10:05:59,676.45,3431091
2021-06-18 10:05:59,676.45,3431091
2021-06-18 10:06:00,676.45,3431211
2021-06-18 10:06:01,676.45,3431392
2021-06-18 10:06:02,676.4,3431763
2021-06-18 10:06:03,676.15,3432036
2021-06-18 10:06:04,676.15,3432036
2021-06-18 10:06:05,676.1,3432112
2021-06-18 10:06:06,676.1,3432112
2021-06-18 10:06:07,676.4,3432185
2021-06-18 10:06:09,676.2,3432288
2021-06-18 10:06:10,676.2,3432405
2021-06-18 10:06:11,676.45,3432514
2021-06-18 10:06:11,676.4,3432515
2021-06-18 10:06:12,676.5,3432660
2021-06-18 10:06:13,676.4,3432750
2021-06-18 10:06:14,676.25,3432851
2021-06-18 10:06:15,676.45,3433178
2021-06-18 10:06:16,676.25,3433434
2021-06-18 10:06:18,676.5,3433710
2021-06-18 10:06:19,676.45,3433755
2021-06-18 10:06:20,676.45,3433755
2021-06-18 10:06:20,676.45,3433770
2021-06-18 10:06:21,676.2,3433787
2021-06-18 10:06:22,676.45,3434302
2021-06-18 10:06:23,676.2,3434830
2021-06-18 10:06:24,676.45,3434860
2021-06-18 10:06:25,676.25,3434877
2021-06-18 10:06:27,676.45,3434982
2021-06-18 10:06:28,676.25,3434992
2021-06-18 10:06:29,676.4,3435052
2021-06-18 10:06:29,676.4,3435052
2021-06-18 10:06:30,676.4,3435212
2021-06-18 10:06:31,676.0,3437034
2021-06-18 10:06:32,676.0,3437046
2021-06-18 10:06:33,676.0,3437398
2021-06-18 10:06:34,676.35,3437450
2021-06-18 10:06:35,676.35,3437450
2021-06-18 10:06:36,676.35,3437550
2021-06-18 10:06:37,676.35,3437550
2021-06-18 10:06:39,676.35,3437681
2021-06-18 10:06:40,676.1,3437994
2021-06-18 10:06:40,676.1,3437994
2021-06-18 10:06:43,676.05,3438525
2021-06-18 10:06:44,676.5,3438913
2021-06-18 10:06:45,676.05,3439053
2021-06-18 10:06:46,675.85,3441226
2021-06-18 10:06:47,675.75,3441364
2021-06-18 10:06:48,675.9,3441698
2021-06-18 10:06:48,675.9,3441698
2021-06-18 10:06:49,675.65,3441758
2021-06-18 10:06:51,675.85,3442655
2021-06-18 10:06:52,675.35,3443632
2021-06-18 10:06:53,675.3,3443636
2021-06-18 10:06:54,675.7,3443821
2021-06-18 10:06:54,675.7,3443992
2021-06-18 10:06:55,675.4,3444002
2021-06-18 10:06:56,675.75,3444392
2021-06-18 10:06:58,675.8,3444629
2021-06-18 10:06:59,675.8,3444646
2021-06-18 10:07:00,675.65,3444656
2021-06-18 10:07:01,675.65,3444796
2021-06-18 10:07:02,675.1,3446166
2021-06-18 10:07:03,675.1,3446374
2021-06-18 10:07:04,675.3,3447905
2021-06-18 10:07:05,675.3,3447926
2021-06-18 10:07:06,675.3,3449122
2021-06-18 10:07:07,675.35,3449223
2021-06-18 10:07:09,675.1,3453928
2021-06-18 10:07:10,675.15,3454273
2021-06-18 10:07:11,675.15,3454459
2021-06-18 10:07:12,675.1,3454513
2021-06-18 10:07:13,674.75,3454542
2021-06-18 10:07:14,674.8,3454705
2021-06-18 10:07:15,675.0,3455284
2021-06-18 10:07:16,675.05,3456289
2021-06-18 10:07:16,675.05,3456289
2021-06-18 10:07:17,675.05,3456289
2021-06-18 10:07:18,675.1,3456315
2021-06-18 10:07:19,675.05,3456670
2021-06-18 10:07:20,675.05,3456670
2021-06-18 10:07:21,675.0,3457455
2021-06-18 10:07:23,675.15,3457558
2021-06-18 10:07:24,675.0,3458709
2021-06-18 10:07:25,675.0,3459090
2021-06-18 10:07:25,675.0,3459090
2021-06-18 10:07:26,674.85,3459830
2021-06-18 10:07:28,674.9,3461682
2021-06-18 10:07:29,674.75,3463917
2021-06-18 10:07:31,675.25,3464100
2021-06-18 10:07:32,674.5,3464138
2021-06-18 10:07:33,675.05,3464442
2021-06-18 10:07:34,674.75,3465376
2021-06-18 10:07:35,674.9,3465402
2021-06-18 10:07:36,674.85,3465550
2021-06-18 10:07:37,674.9,3465680
2021-06-18 10:07:39,675.1,3466003
2021-06-18 10:07:40,675.0,3466073
2021-06-18 10:07:41,674.95,3466185
2021-06-18 10:07:41,674.95,3466187
2021-06-18 10:07:42,675.15,3466456
2021-06-18 10:07:44,675.0,3466822
2021-06-18 10:07:45,674.35,3467434
2021-06-18 10:07:46,674.55,3467529
2021-06-18 10:07:47,674.35,3469133
2021-06-18 10:07:47,674.35,3469136
2021-06-18 10:07:48,674.35,3469186
2021-06-18 10:07:50,674.3,3469246
2021-06-18 10:07:51,674.0,3469486
2021-06-18 10:07:52,674.25,3469684
2021-06-18 10:07:52,674.25,3469684
2021-06-18 10:07:54,674.0,3470754
2021-06-18 10:07:55,674.0,3471614
2021-06-18 10:07:56,674.2,3472546
2021-06-18 10:07:57,673.9,3472718
2021-06-18 10:07:58,674.0,3473661
2021-06-18 10:08:00,674.0,3473888
2021-06-18 10:08:01,673.55,3475920
2021-06-18 10:08:02,673.6,3476936
2021-06-18 10:08:03,674.1,3477952
2021-06-18 10:08:04,673.8,3478392
2021-06-18 10:08:04,674.15,3480129
2021-06-18 10:08:06,675.05,3489617
2021-06-18 10:08:08,675.05,3490058
2021-06-18 10:08:09,675.0,3490582
2021-06-18 10:08:10,674.95,3490982
2021-06-18 10:08:12,675.45,3491022
2021-06-18 10:08:12,675.2,3492022
2021-06-18 10:08:13,675.15,3494039
2021-06-18 10:08:15,675.15,3494847
2021-06-18 10:08:16,675.15,3495047
2021-06-18 10:08:17,675.35,3495087
2021-06-18 10:08:17,675.0,3495867
2021-06-18 10:08:19,675.35,3495954
2021-06-18 10:08:20,675.0,3496109
2021-06-18 10:08:20,674.85,3496523
2021-06-18 10:08:21,674.55,3496728
2021-06-18 10:08:22,674.8,3496738
2021-06-18 10:08:23,674.4,3496768
2021-06-18 10:08:25,674.8,3497839
2021-06-18 10:08:26,674.35,3498139
2021-06-18 10:08:26,674.4,3498239
2021-06-18 10:08:28,674.75,3499617
2021-06-18 10:08:28,674.75,3499617
2021-06-18 10:08:29,675.1,3500390
2021-06-18 10:08:31,675.35,3500448
2021-06-18 10:08:32,675.35,3500451
2021-06-18 10:08:33,675.35,3500453
2021-06-18 10:08:34,675.4,3500461
2021-06-18 10:08:35,675.4,3500516
2021-06-18 10:08:36,675.05,3500571
2021-06-18 10:08:37,675.35,3500591
2021-06-18 10:08:38,675.3,3500743
2021-06-18 10:08:39,675.3,3500758
2021-06-18 10:08:40,674.95,3500858
2021-06-18 10:08:41,675.05,3500883
2021-06-18 10:08:43,675.0,3500902
2021-06-18 10:08:45,675.05,3500975
2021-06-18 10:08:46,675.05,3501605
2021-06-18 10:08:46,675.05,3501605
2021-06-18 10:08:48,674.9,3501618
2021-06-18 10:08:49,674.9,3501638
2021-06-18 10:08:50,674.9,3501638
2021-06-18 10:08:51,674.75,3501728
2021-06-18 10:08:52,674.5,3501882
2021-06-18 10:08:53,674.3,3502132
2021-06-18 10:08:54,674.5,3502333
2021-06-18 10:08:55,674.5,3502556
2021-06-18 10:08:56,674.5,3502859
2021-06-18 10:08:57,674.25,3502971
2021-06-18 10:08:58,674.5,3503580
2021-06-18 10:08:59,674.1,3503615
2021-06-18 10:09:00,674.6,3504314
2021-06-18 10:09:01,674.25,3504330
2021-06-18 10:09:02,674.2,3505405
2021-06-18 10:09:03,674.65,3505609
2021-06-18 10:09:04,674.8,3505617
2021-06-18 10:09:05,674.8,3506626
2021-06-18 10:09:06,674.8,3506626
2021-06-18 10:09:07,674.8,3506737
2021-06-18 10:09:08,674.8,3506760
2021-06-18 10:09:10,674.55,3506922
