timestamp,ltp,volume
2021-06-18 09:16:31,1771.65,54539
2021-06-18 09:16:32,1772.05,54584
2021-06-18 09:16:33,1772.0,56116
2021-06-18 09:16:33,1772.0,56116
2021-06-18 09:16:35,1772.0,56827
2021-06-18 09:16:36,1772.0,57227
2021-06-18 09:16:37,1772.15,57655
2021-06-18 09:16:38,1772.35,58891
2021-06-18 09:16:39,1772.35,58994
2021-06-18 09:16:40,1772.5,59467
2021-06-18 09:16:41,1772.35,60071
2021-06-18 09:16:42,1772.35,60615
2021-06-18 09:16:42,1772.35,60615
2021-06-18 09:16:43,1772.65,60626
2021-06-18 09:16:44,1772.8,61311
2021-06-18 09:16:45,1772.5,61971
2021-06-18 09:16:47,1772.5,62074
2021-06-18 09:16:48,1772.6,62222
2021-06-18 09:16:49,1773.0,62927
2021-06-18 09:16:50,1773.0,62927
2021-06-18 09:16:53,1773.0,66849
2021-06-18 09:16:52,1772.65,66839
2021-06-18 09:16:54,1773.7,67029
2021-06-18 09:16:55,1773.65,67049
2021-06-18 09:16:56,1772.75,67410
2021-06-18 09:16:57,1772.75,67410
2021-06-18 09:16:58,1773.8,67420
2021-06-18 09:16:59,1773.75,67472
2021-06-18 09:17:00,1773.75,67861
2021-06-18 09:17:01,1773.8,67886
2021-06-18 09:17:02,1773.05,68886
2021-06-18 09:17:03,1773.15,68887
2021-06-18 09:17:04,1773.15,68887
2021-06-18 09:17:05,1773.7,69297
2021-06-18 09:17:06,1773.3,69698
2021-06-18 09:17:07,1773.65,70151
2021-06-18 09:17:08,1773.65,70156
2021-06-18 09:17:09,1773.3,71155
2021-06-18 09:17:10,1773.65,72129
2021-06-18 09:17:11,1773.3,72260
2021-06-18 09:17:12,1773.3,72756
2021-06-18 09:17:13,1773.3,72846
2021-06-18 09:17:15,1773.45,73170
2021-06-18 09:17:16,1773.45,73180
2021-06-18 09:17:17,1773.45,73265
2021-06-18 09:17:18,1773.5,73301
2021-06-18 09:17:19,1774.0,73353
2021-06-18 09:17:20,1773.5,73404
2021-06-18 09:17:21,1774.8,74972
2021-06-18 09:17:22,1774.1,75224
2021-06-18 09:17:23,1774.15,75329
2021-06-18 09:17:24,1774.35,76764
2021-06-18 09:17:25,1774.3,77028
2021-06-18 09:17:26,1774.9,77702
2021-06-18 09:17:27,1774.9,77702
2021-06-18 09:17:28,1774.35,78208
2021-06-18 09:17:29,1774.4,78929
2021-06-18 09:17:30,1774.7,79599
2021-06-18 09:17:31,1774.7,79599
2021-06-18 09:17:32,1774.45,81639
2021-06-18 09:17:33,1774.75,82235
2021-06-18 09:17:34,1774.75,83967
2021-06-18 09:17:35,1774.4,84067
2021-06-18 09:17:36,1774.25,88776
2021-06-18 09:17:37,1774.95,90023
2021-06-18 09:17:38,1774.5,90048
2021-06-18 09:17:39,1775.0,90598
2021-06-18 09:17:40,1775.0,90598
2021-06-18 09:17:41,1774.55,90599
2021-06-18 09:17:42,1775.0,91468
2021-06-18 09:17:43,1775.6,92693
2021-06-18 09:17:44,1775.1,97001
2021-06-18 09:17:45,1774.9,97440
2021-06-18 09:17:46,1775.0,97450
2021-06-18 09:17:47,1775.35,97818
2021-06-18 09:17:48,1775.15,98664
2021-06-18 09:17:49,1775.3,99453
2021-06-18 09:17:50,1775.15,99468
2021-06-18 09:17:51,1775.4,100112
2021-06-18 09:17:52,1775.3,100116
2021-06-18 09:17:54,1775.4,100254
2021-06-18 09:17:55,1775.45,100255
2021-06-18 09:17:56,1775.25,105085
2021-06-18 09:17:58,1775.4,106040
2021-06-18 09:17:59,1775.2,106256
2021-06-18 09:18:00,1775.1,106693
2021-06-18 09:18:01,1775.45,107196
2021-06-18 09:18:02,1775.45,107841
2021-06-18 09:18:03,1775.45,107846
2021-06-18 09:18:04,1775.35,108403
2021-06-18 09:18:05,1775.7,108524
2021-06-18 09:18:06,1775.5,108651
2021-06-18 09:18:07,1775.5,108651
2021-06-18 09:18:08,1775.5,108651
2021-06-18 09:18:09,1775.5,108756
2021-06-18 09:18:10,1775.45,109429
2021-06-18 09:18:11,1776.0,110261
2021-06-18 09:18:12,1776.0,111399
2021-06-18 09:18:13,1775.75,111409
2021-06-18 09:18:14,1776.65,112988
2021-06-18 09:18:15,1775.05,115401
2021-06-18 09:18:16,1773.85,118569
2021-06-18 09:18:17,1773.85,118569
2021-06-18 09:18:18,1774.5,118735
2021-06-18 09:18:19,1774.2,119314
2021-06-18 09:18:20,1774.2,119314
2021-06-18 09:18:21,1775.0,119418
2021-06-18 09:18:22,1774.5,119789
2021-06-18 09:18:24,1774.45,119814
2021-06-18 09:18:23,1774.45,119814
2021-06-18 09:18:25,1774.95,119824
2021-06-18 09:18:26,1774.0,123110
2021-06-18 09:18:27,1774.0,124274
2021-06-18 09:18:28,1774.0,124575
2021-06-18 09:18:29,1774.0,127229
2021-06-18 09:18:30,1773.8,127232
2021-06-18 09:18:31,1773.8,127703
2021-06-18 09:18:33,1773.8,127738
2021-06-18 09:18:32,1773.8,127738
2021-06-18 09:18:34,1773.8,127739
2021-06-18 09:18:35,1773.8,127739
2021-06-18 09:18:36,1773.8,128145
2021-06-18 09:18:37,1773.8,128274
2021-06-18 09:18:38,1773.8,128274
2021-06-18 09:18:39,1773.8,128640
2021-06-18 09:18:40,1773.7,129981
2021-06-18 09:18:41,1773.95,130559
2021-06-18 09:18:42,1773.05,130830
2021-06-18 09:18:43,1772.95,130930
2021-06-18 09:18:44,1772.95,130930
2021-06-18 09:18:45,1773.1,130933
2021-06-18 09:18:46,1773.95,130963
2021-06-18 09:18:49,1773.5,131021
2021-06-18 09:18:51,1773.5,131121
2021-06-18 09:18:52,1773.65,131304
2021-06-18 09:18:53,1773.7,131368
2021-06-18 09:18:54,1773.65,131384
2021-06-18 09:18:55,1773.7,131428
2021-06-18 09:18:56,1773.65,131463
2021-06-18 09:18:57,1773.65,131463
2021-06-18 09:18:58,1773.65,131478
2021-06-18 09:18:59,1773.65,131478
2021-06-18 09:19:00,1773.65,133825
2021-06-18 09:19:01,1772.45,135093
2021-06-18 09:19:02,1773.2,135287
2021-06-18 09:19:03,1772.2,135290
2021-06-18 09:19:04,1772.2,135290
2021-06-18 09:19:06,1772.2,135348
2021-06-18 09:19:06,1772.3,135317
2021-06-18 09:19:07,1772.05,136211
2021-06-18 09:19:08,1770.0,137290
2021-06-18 09:19:09,1768.55,137701
2021-06-18 09:19:10,1769.15,138324
2021-06-18 09:19:11,1768.75,138568
2021-06-18 09:19:12,1768.75,138568
2021-06-18 09:19:14,1768.75,138761
2021-06-18 09:19:14,1768.9,138703
2021-06-18 09:19:15,1768.8,139050
2021-06-18 09:19:16,1769.0,139705
2021-06-18 09:19:17,1769.25,139961
2021-06-18 09:19:18,1770.15,139975
2021-06-18 09:19:19,1769.5,139980
2021-06-18 09:19:20,1769.9,140388
2021-06-18 09:19:21,1770.0,140490
2021-06-18 09:19:22,1770.15,140801
2021-06-18 09:19:23,1770.0,140907
2021-06-18 09:19:24,1770.85,142992
2021-06-18 09:19:25,1770.8,142998
2021-06-18 09:19:27,1770.7,143102
2021-06-18 09:19:27,1770.7,143102
2021-06-18 09:19:28,1771.5,143183
2021-06-18 09:19:29,1771.0,143203
2021-06-18 09:19:30,1770.85,143316
2021-06-18 09:19:31,1770.5,143430
2021-06-18 09:19:32,1770.65,143437
2021-06-18 09:19:33,1770.85,143639
2021-06-18 09:19:35,1770.6,145166
2021-06-18 09:19:35,1770.6,145166
2021-06-18 09:19:36,1770.5,145392
2021-06-18 09:19:37,1770.3,148154
2021-06-18 09:19:38,1770.4,148349
2021-06-18 09:19:39,1769.3,149401
2021-06-18 09:19:40,1769.8,149545
2021-06-18 09:19:41,1769.3,149547
2021-06-18 09:19:42,1769.7,149747
2021-06-18 09:19:43,1769.65,149754
2021-06-18 09:19:44,1769.65,149754
2021-06-18 09:19:45,1769.65,149754
2021-06-18 09:19:46,1769.35,149854
2021-06-18 09:19:48,1769.35,149854
2021-06-18 09:19:48,1769.35,149854
2021-06-18 09:19:49,1769.4,149913
2021-06-18 09:19:50,1768.95,150964
2021-06-18 09:19:51,1769.1,151219
2021-06-18 09:19:52,1769.1,151219
2021-06-18 09:19:53,1768.05,151699
2021-06-18 09:19:54,1766.8,152115
2021-06-18 09:19:55,1766.8,152115
2021-06-18 09:19:57,1767.6,152314
2021-06-18 09:19:58,1767.6,152314
2021-06-18 09:19:59,1766.75,152417
2021-06-18 09:20:00,1766.75,152417
2021-06-18 09:20:01,1766.0,152653
2021-06-18 09:20:02,1765.0,153531
2021-06-18 09:20:03,1765.7,154233
2021-06-18 09:20:05,1765.75,154243
2021-06-18 09:20:05,1765.75,154243
2021-06-18 09:20:06,1764.05,155043
2021-06-18 09:20:07,1763.95,155443
2021-06-18 09:20:08,1763.75,155444
2021-06-18 09:20:09,1763.65,155459
2021-06-18 09:20:10,1763.65,155459
2021-06-18 09:20:11,1764.4,155617
2021-06-18 09:20:12,1763.0,156770
2021-06-18 09:20:13,1764.7,156916
2021-06-18 09:20:14,1765.25,156956
2021-06-18 09:20:16,1764.95,156989
2021-06-18 09:20:16,1764.95,156989
2021-06-18 09:20:17,1766.35,158020
2021-06-18 09:20:18,1765.45,158343
2021-06-18 09:20:19,1765.75,158443
2021-06-18 09:20:20,1766.1,158512
2021-06-18 09:20:21,1765.95,158707
2021-06-18 09:20:22,1765.85,158754
2021-06-18 09:20:24,1765.65,158779
2021-06-18 09:20:24,1765.65,158779
2021-06-18 09:20:26,1765.65,158779
2021-06-18 09:20:27,1765.65,158779
2021-06-18 09:20:28,1764.95,159314
2021-06-18 09:20:29,1765.5,159361
2021-06-18 09:20:30,1765.5,159442
2021-06-18 09:20:31,1765.5,159473
2021-06-18 09:20:32,1765.65,159599
2021-06-18 09:20:33,1765.45,159607
2021-06-18 09:20:34,1765.25,160036
2021-06-18 09:20:35,1765.4,160132
2021-06-18 09:20:36,1765.0,160186
2021-06-18 09:20:38,1765.0,160186
2021-06-18 09:20:38,1765.0,160186
2021-06-18 09:20:39,1765.3,160192
2021-06-18 09:20:40,1764.0,160803
2021-06-18 09:20:41,1764.45,160911
2021-06-18 09:20:42,1764.45,160916
2021-06-18 09:20:43,1763.95,160992
2021-06-18 09:20:46,1763.2,161626
2021-06-18 09:20:47,1763.8,161629
2021-06-18 09:20:48,1763.4,161743
2021-06-18 09:20:49,1763.8,161864
2021-06-18 09:20:50,1763.5,161865
2021-06-18 09:20:52,1763.85,162090
2021-06-18 09:20:52,1763.85,162090
2021-06-18 09:20:53,1763.85,162090
2021-06-18 09:20:55,1764.7,162999
2021-06-18 09:20:56,1764.05,163012
2021-06-18 09:20:57,1764.05,163012
2021-06-18 09:20:58,1764.35,163079
2021-06-18 09:20:59,1764.65,163104
2021-06-18 09:21:01,1765.0,163234
2021-06-18 09:21:01,1765.0,163234
2021-06-18 09:21:02,1765.0,163234
2021-06-18 09:21:03,1765.4,163284
2021-06-18 09:21:04,1764.2,163920
2021-06-18 09:21:05,1764.2,164110
2021-06-18 09:21:06,1764.1,164175
2021-06-18 09:21:07,1764.1,164175
2021-06-18 09:21:09,1764.1,164175
2021-06-18 09:21:09,1763.75,164392
2021-06-18 09:21:10,1763.9,164451
2021-06-18 09:21:11,1763.9,164451
2021-06-18 09:21:12,1763.9,164451
2021-06-18 09:21:13,1763.7,164601
2021-06-18 09:21:14,1763.6,165416
2021-06-18 09:21:15,1763.65,165446
2021-06-18 09:21:17,1763.45,165856
2021-06-18 09:21:19,1761.75,169021
2021-06-18 09:21:20,1761.95,169416
2021-06-18 09:21:21,1763.3,169508
2021-06-18 09:21:21,1763.3,169507
2021-06-18 09:21:22,1763.3,169544
2021-06-18 09:21:23,1762.65,169554
2021-06-18 09:21:24,1762.7,169559
2021-06-18 09:21:25,1763.25,170166
2021-06-18 09:21:26,1763.9,170838
2021-06-18 09:21:27,1763.25,170876
2021-06-18 09:21:28,1763.6,171002
2021-06-18 09:21:29,1764.4,171058
2021-06-18 09:21:30,1764.05,171102
2021-06-18 09:21:31,1764.0,171164
2021-06-18 09:21:32,1764.3,171165
2021-06-18 09:21:33,1764.3,171165
2021-06-18 09:21:34,1764.3,171287
2021-06-18 09:21:35,1764.0,171288
2021-06-18 09:21:36,1763.9,171289
2021-06-18 09:21:37,1763.5,171382
2021-06-18 09:21:38,1764.0,171763
2021-06-18 09:21:39,1764.0,171764
2021-06-18 09:21:41,1764.0,171764
2021-06-18 09:21:43,1763.85,171888
2021-06-18 09:21:43,1764.0,171988
2021-06-18 09:21:44,1764.0,171993
2021-06-18 09:21:45,1764.0,172004
2021-06-18 09:21:46,1763.95,172209
2021-06-18 09:21:47,1764.5,172289
2021-06-18 09:21:48,1764.55,172314
2021-06-18 09:21:49,1764.5,172415
2021-06-18 09:21:50,1763.85,173930
2021-06-18 09:21:51,1764.0,174490
2021-06-18 09:21:52,1763.8,174599
2021-06-18 09:21:53,1764.0,174629
2021-06-18 09:21:54,1763.8,174714
2021-06-18 09:21:55,1763.0,175624
2021-06-18 09:21:56,1762.95,175852
2021-06-18 09:21:57,1762.95,175860
2021-06-18 09:21:58,1762.95,175860
2021-06-18 09:21:59,1762.95,175860
2021-06-18 09:22:00,1762.4,175870
2021-06-18 09:22:02,1762.95,175875
2021-06-18 09:22:03,1762.95,175875
2021-06-18 09:22:04,1762.95,175967
2021-06-18 09:22:04,1762.95,175967
2021-06-18 09:22:05,1763.8,176216
2021-06-18 09:22:06,1764.35,176217
2021-06-18 09:22:07,1764.25,176352
2021-06-18 09:22:08,1764.25,176955
2021-06-18 09:22:09,1764.25,176955
2021-06-18 09:22:10,1764.7,176960
2021-06-18 09:22:12,1764.8,176961
2021-06-18 09:22:13,1764.8,176961
2021-06-18 09:22:13,1764.8,176961
2021-06-18 09:22:14,1764.8,176961
2021-06-18 09:22:15,1764.4,177036
2021-06-18 09:22:16,1764.35,177061
2021-06-18 09:22:18,1763.9,177452
2021-06-18 09:22:19,1764.3,177453
2021-06-18 09:22:20,1764.35,177455
2021-06-18 09:22:20,1764.35,177455
2021-06-18 09:22:21,1764.35,177525
2021-06-18 09:22:22,1764.35,177532
2021-06-18 09:22:23,1764.05,177543
2021-06-18 09:22:24,1764.05,177543
2021-06-18 09:22:25,1764.05,177568
2021-06-18 09:22:26,1764.05,177568
2021-06-18 09:22:27,1764.35,177693
2021-06-18 09:22:28,1764.35,177693
2021-06-18 09:22:29,1762.05,179402
2021-06-18 09:22:30,1763.65,180092
2021-06-18 09:22:31,1763.65,180092
2021-06-18 09:22:33,1764.3,180740
2021-06-18 09:22:34,1764.3,180742
2021-06-18 09:22:35,1764.0,180952
2021-06-18 09:22:35,1764.0,180952
2021-06-18 09:22:36,1764.0,180952
2021-06-18 09:22:37,1763.9,181038
2021-06-18 09:22:38,1763.9,181038
2021-06-18 09:22:39,1763.9,181038
2021-06-18 09:22:40,1764.15,181063
2021-06-18 09:22:41,1764.15,181063
2021-06-18 09:22:42,1764.15,181664
2021-06-18 09:22:43,1764.0,181694
2021-06-18 09:22:44,1764.0,181694
2021-06-18 09:22:46,1764.0,181815
2021-06-18 09:22:47,1764.0,181815
2021-06-18 09:22:47,1763.95,181845
2021-06-18 09:22:50,1763.9,182480
2021-06-18 09:22:51,1763.9,182480
2021-06-18 09:22:52,1763.9,182480
2021-06-18 09:22:53,1763.15,182580
2021-06-18 09:22:54,1763.85,182665
2021-06-18 09:22:54,1763.85,182665
2021-06-18 09:22:55,1763.25,182918
2021-06-18 09:22:56,1763.5,183001
2021-06-18 09:22:57,1763.85,183450
2021-06-18 09:22:58,1763.4,183650
2021-06-18 09:22:59,1763.4,183650
2021-06-18 09:23:00,1763.8,183840
2021-06-18 09:23:01,1763.25,183865
2021-06-18 09:23:02,1763.25,183865
2021-06-18 09:23:03,1763.25,183865
2021-06-18 09:23:04,1763.5,183866
2021-06-18 09:23:06,1764.0,185406
2021-06-18 09:23:07,1764.0,185406
2021-06-18 09:23:08,1764.45,186067
2021-06-18 09:23:09,1765.0,186848
2021-06-18 09:23:10,1765.1,187094
2021-06-18 09:23:11,1765.5,187145
2021-06-18 09:23:12,1765.95,187245
2021-06-18 09:23:13,1765.3,187424
2021-06-18 09:23:14,1765.95,187454
2021-06-18 09:23:15,1765.5,187480
2021-06-18 09:23:16,1766.0,187672
2021-06-18 09:23:17,1766.0,187672
2021-06-18 09:23:17,1766.0,187672
2021-06-18 09:23:18,1765.95,187682
2021-06-18 09:23:19,1765.85,187704
2021-06-18 09:23:20,1765.6,187766
2021-06-18 09:23:21,1765.55,187821
2021-06-18 09:23:22,1766.0,187826
2021-06-18 09:23:23,1766.0,187846
2021-06-18 09:23:25,1765.85,187877
2021-06-18 09:23:26,1766.0,187897
2021-06-18 09:23:27,1766.0,187897
2021-06-18 09:23:27,1766.0,187897
2021-06-18 09:23:28,1766.05,187899
2021-06-18 09:23:29,1766.1,188204
2021-06-18 09:23:30,1766.0,188704
2021-06-18 09:23:31,1766.3,188855
2021-06-18 09:23:32,1766.25,188856
2021-06-18 09:23:33,1766.0,189856
2021-06-18 09:23:34,1766.0,189856
2021-06-18 09:23:35,1766.05,189864
2021-06-18 09:23:36,1766.25,189874
2021-06-18 09:23:38,1766.25,189891
2021-06-18 09:23:39,1766.05,189901
2021-06-18 09:23:40,1766.0,189951
2021-06-18 09:23:41,1767.05,192147
2021-06-18 09:23:43,1766.05,192547
2021-06-18 09:23:44,1766.05,192547
2021-06-18 09:23:45,1766.8,192553
2021-06-18 09:23:46,1766.8,192579
2021-06-18 09:23:47,1766.4,192604
2021-06-18 09:23:48,1766.4,192604
2021-06-18 09:23:49,1766.4,192604
2021-06-18 09:23:50,1766.4,192604
2021-06-18 09:23:51,1766.4,192604
2021-06-18 09:23:51,1766.4,192604
2021-06-18 09:23:52,1766.4,192604
2021-06-18 09:23:53,1766.4,192604
2021-06-18 09:23:54,1766.4,192604
2021-06-18 09:23:56,1766.4,192604
2021-06-18 09:23:57,1766.8,192610
2021-06-18 09:23:58,1766.8,192610
2021-06-18 09:23:59,1766.8,192610
2021-06-18 09:24:00,1766.35,192805
2021-06-18 09:24:00,1766.8,192610
2021-06-18 09:24:01,1766.8,192845
2021-06-18 09:24:02,1766.8,192845
2021-06-18 09:24:03,1766.8,192845
2021-06-18 09:24:04,1766.75,192850
2021-06-18 09:24:05,1766.0,194543
2021-06-18 09:24:06,1766.6,195367
2021-06-18 09:24:07,1766.6,195392
2021-06-18 09:24:08,1765.7,195609
2021-06-18 09:24:10,1765.0,196169
2021-06-18 09:24:11,1766.0,196332
2021-06-18 09:24:12,1765.4,197746
2021-06-18 09:24:13,1765.45,197814
2021-06-18 09:24:14,1765.4,197816
2021-06-18 09:24:15,1765.4,197816
2021-06-18 09:24:16,1765.4,197816
2021-06-18 09:24:17,1765.4,197816
2021-06-18 09:24:18,1765.4,197816
2021-06-18 09:24:19,1765.4,197816
2021-06-18 09:24:20,1765.4,197887
2021-06-18 09:24:21,1765.4,198351
2021-06-18 09:24:22,1765.4,198353
2021-06-18 09:24:23,1765.8,198403
2021-06-18 09:24:24,1765.6,198803
2021-06-18 09:24:25,1766.2,198873
2021-06-18 09:24:26,1766.2,198873
2021-06-18 09:24:27,1765.2,198937
2021-06-18 09:24:28,1765.9,198973
2021-06-18 09:24:29,1766.2,199073
2021-06-18 09:24:30,1766.95,199255
2021-06-18 09:24:31,1766.3,199281
2021-06-18 09:24:32,1766.3,199281
2021-06-18 09:24:33,1766.65,199405
2021-06-18 09:24:34,1767.4,200196
2021-06-18 09:24:35,1768.0,200204
2021-06-18 09:24:36,1767.55,200454
2021-06-18 09:24:37,1768.05,200773
2021-06-18 09:24:38,1768.35,201062
2021-06-18 09:24:39,1768.35,201068
2021-06-18 09:24:40,1768.35,201077
2021-06-18 09:24:41,1768.35,201227
2021-06-18 09:24:42,1768.5,202667
2021-06-18 09:24:43,1768.6,202669
2021-06-18 09:24:44,1769.65,203488
2021-06-18 09:24:45,1769.65,203567
2021-06-18 09:24:46,1770.0,203588
2021-06-18 09:24:47,1769.75,203613
2021-06-18 09:24:48,1770.0,203626
2021-06-18 09:24:49,1769.75,203691
2021-06-18 09:24:50,1769.95,203692
2021-06-18 09:24:51,1769.95,203833
2021-06-18 09:24:52,1769.75,203842
2021-06-18 09:24:53,1769.65,204899
2021-06-18 09:24:54,1769.7,204923
2021-06-18 09:24:55,1769.65,205069
2021-06-18 09:24:56,1769.0,205070
2021-06-18 09:24:57,1769.65,205096
2021-06-18 09:24:57,1769.6,205095
2021-06-18 09:24:58,1769.05,205098
2021-06-18 09:24:59,1769.05,205098
2021-06-18 09:25:00,1769.0,205135
2021-06-18 09:25:01,1769.65,205285
2021-06-18 09:25:03,1769.0,205291
2021-06-18 09:25:04,1768.9,205825
2021-06-18 09:25:05,1769.1,205840
2021-06-18 09:25:06,1769.4,205895
2021-06-18 09:25:06,1769.4,205895
2021-06-18 09:25:07,1769.4,205905
2021-06-18 09:25:08,1769.4,205905
2021-06-18 09:25:09,1769.35,206413
2021-06-18 09:25:10,1769.4,206501
2021-06-18 09:25:12,1769.35,206525
2021-06-18 09:25:15,1769.4,206531
2021-06-18 09:25:16,1769.4,206532
2021-06-18 09:25:20,1769.95,206779
2021-06-18 09:25:21,1769.95,206779
2021-06-18 09:25:22,1769.95,206940
2021-06-18 09:25:23,1770.2,209158
2021-06-18 09:25:24,1770.2,209158
2021-06-18 09:25:25,1770.2,209198
2021-06-18 09:25:26,1770.05,209393
2021-06-18 09:25:27,1770.05,209393
2021-06-18 09:25:28,1770.5,209418
2021-06-18 09:25:29,1770.15,212512
2021-06-18 09:25:30,1770.5,212602
2021-06-18 09:25:31,1770.5,212627
2021-06-18 09:25:32,1770.45,212828
2021-06-18 09:25:34,1770.45,212869
2021-06-18 09:25:35,1771.0,213165
2021-06-18 09:25:36,1771.0,213175
2021-06-18 09:25:37,1771.0,213476
2021-06-18 09:25:37,1771.0,213476
2021-06-18 09:25:38,1771.2,213486
2021-06-18 09:25:39,1771.2,213496
2021-06-18 09:25:40,1771.2,213496
2021-06-18 09:25:42,1771.2,213554
2021-06-18 09:25:43,1771.2,213554
2021-06-18 09:25:44,1771.0,213685
2021-06-18 09:25:45,1771.0,213685
2021-06-18 09:25:46,1771.0,213886
2021-06-18 09:25:47,1771.0,213886
2021-06-18 09:25:48,1771.0,213886
2021-06-18 09:25:49,1770.65,214020
2021-06-18 09:25:50,1770.95,214021
2021-06-18 09:25:51,1770.15,215691
2021-06-18 09:25:52,1770.4,215770
2021-06-18 09:25:53,1770.4,215770
2021-06-18 09:25:54,1770.4,215770
2021-06-18 09:25:55,1770.35,215771
2021-06-18 09:25:56,1770.35,215827
2021-06-18 09:25:57,1770.35,215827
2021-06-18 09:25:58,1770.35,215871
2021-06-18 09:25:59,1770.95,216191
2021-06-18 09:26:00,1770.95,216191
2021-06-18 09:26:01,1770.95,216191
2021-06-18 09:26:02,1770.95,216191
2021-06-18 09:26:03,1770.8,216211
2021-06-18 09:26:03,1770.7,216271
2021-06-18 09:26:04,1770.7,216271
2021-06-18 09:26:05,1770.75,216339
2021-06-18 09:26:07,1770.85,216487
2021-06-18 09:26:08,1771.0,217487
2021-06-18 09:26:09,1770.65,217547
2021-06-18 09:26:10,1770.7,217955
2021-06-18 09:26:11,1770.75,218395
2021-06-18 09:26:12,1770.55,218918
2021-06-18 09:26:16,1770.75,219076
2021-06-18 09:26:18,1770.65,219303
2021-06-18 09:26:19,1770.65,219317
2021-06-18 09:26:20,1770.0,219446
2021-06-18 09:26:21,1770.5,219458
2021-06-18 09:26:22,1770.5,219458
2021-06-18 09:26:23,1769.9,219570
2021-06-18 09:26:24,1769.9,219570
2021-06-18 09:26:25,1769.4,219721
2021-06-18 09:26:26,1769.9,219732
2021-06-18 09:26:27,1769.4,219829
2021-06-18 09:26:28,1769.4,219893
2021-06-18 09:26:29,1769.4,219933
2021-06-18 09:26:30,1769.4,219933
2021-06-18 09:26:31,1769.4,219933
2021-06-18 09:26:32,1769.05,220977
2021-06-18 09:26:33,1769.05,221207
2021-06-18 09:26:33,1769.05,221207
2021-06-18 09:26:34,1769.45,221217
2021-06-18 09:26:35,1768.9,221219
2021-06-18 09:26:36,1768.9,221219
2021-06-18 09:26:38,1768.9,221219
2021-06-18 09:26:39,1768.95,221285
2021-06-18 09:26:40,1768.95,221285
2021-06-18 09:26:42,1768.95,221285
2021-06-18 09:26:43,1768.95,221285
2021-06-18 09:26:44,1768.95,221285
2021-06-18 09:26:45,1769.0,221291
2021-06-18 09:26:45,1769.0,221291
2021-06-18 09:26:46,1768.85,221350
2021-06-18 09:26:47,1768.85,221350
2021-06-18 09:26:48,1769.05,221356
2021-06-18 09:26:49,1769.05,221356
2021-06-18 09:26:50,1768.55,221517
2021-06-18 09:26:51,1769.0,221518
2021-06-18 09:26:52,1769.0,221518
2021-06-18 09:26:53,1769.0,221518
2021-06-18 09:26:54,1768.85,221520
2021-06-18 09:26:55,1769.0,221540
2021-06-18 09:26:57,1769.0,221577
2021-06-18 09:26:58,1769.0,221577
2021-06-18 09:26:59,1769.0,221587
2021-06-18 09:27:00,1769.0,221587
2021-06-18 09:27:01,1769.0,221592
2021-06-18 09:27:02,1769.0,221593
2021-06-18 09:27:03,1769.0,221593
2021-06-18 09:27:04,1769.0,221593
2021-06-18 09:27:05,1769.0,221593
2021-06-18 09:27:05,1769.0,221593
2021-06-18 09:27:06,1768.95,221613
2021-06-18 09:27:07,1769.0,221619
2021-06-18 09:27:08,1769.0,221620
2021-06-18 09:27:09,1769.0,221620
2021-06-18 09:27:10,1769.0,221630
2021-06-18 09:27:11,1769.0,221633
2021-06-18 09:27:13,1769.0,221633
2021-06-18 09:27:14,1769.0,221633
2021-06-18 09:27:14,1769.0,221633
2021-06-18 09:27:15,1769.0,222134
2021-06-18 09:27:16,1769.0,222327
2021-06-18 09:27:17,1769.0,222327
2021-06-18 09:27:18,1769.0,222329
2021-06-18 09:27:19,1768.95,222720
2021-06-18 09:27:20,1769.05,222832
2021-06-18 09:27:21,1768.9,222855
2021-06-18 09:27:23,1768.9,222855
2021-06-18 09:27:24,1768.9,222855
2021-06-18 09:27:25,1769.0,222900
2021-06-18 09:27:26,1769.05,222915
2021-06-18 09:27:27,1769.05,222917
2021-06-18 09:27:28,1768.85,223067
2021-06-18 09:27:29,1768.85,223067
2021-06-18 09:27:30,1768.85,223067
2021-06-18 09:27:31,1768.9,223096
2021-06-18 09:27:32,1768.95,223146
2021-06-18 09:27:33,1768.95,223146
2021-06-18 09:27:34,1768.8,223417
2021-06-18 09:27:35,1768.95,223432
2021-06-18 09:27:36,1769.05,223511
2021-06-18 09:27:37,1769.05,223511
2021-06-18 09:27:38,1769.05,223511
2021-06-18 09:27:39,1769.05,223511
2021-06-18 09:27:40,1769.15,223885
2021-06-18 09:27:41,1769.55,223991
2021-06-18 09:27:42,1769.55,224033
2021-06-18 09:27:43,1769.6,224035
2021-06-18 09:27:44,1769.6,224035
2021-06-18 09:27:45,1769.55,224145
2021-06-18 09:27:46,1769.55,224145
2021-06-18 09:27:47,1769.85,224156
2021-06-18 09:27:48,1770.0,224181
2021-06-18 09:27:49,1770.0,224181
2021-06-18 09:27:50,1769.85,224206
2021-06-18 09:27:51,1769.7,224208
2021-06-18 09:27:52,1769.7,224208
2021-06-18 09:27:53,1769.7,224208
2021-06-18 09:27:54,1769.85,224223
2021-06-18 09:27:55,1769.85,224238
2021-06-18 09:27:56,1769.8,224261
2021-06-18 09:27:58,1769.75,224266
2021-06-18 09:27:59,1769.9,224418
2021-06-18 09:28:00,1769.55,224858
2021-06-18 09:28:01,1769.65,224884
2021-06-18 09:28:02,1769.65,224884
2021-06-18 09:28:03,1769.7,225159
2021-06-18 09:28:04,1769.55,225294
2021-06-18 09:28:05,1769.4,225415
2021-06-18 09:28:06,1769.55,225421
2021-06-18 09:28:07,1769.55,225421
2021-06-18 09:28:08,1769.25,225496
2021-06-18 09:28:09,1769.25,225496
2021-06-18 09:28:10,1769.25,225496
2021-06-18 09:28:11,1769.25,225496
2021-06-18 09:28:12,1769.25,225496
2021-06-18 09:28:13,1769.25,225496
2021-06-18 09:28:14,1769.25,225496
2021-06-18 09:28:15,1769.25,225496
2021-06-18 09:28:16,1769.25,225496
2021-06-18 09:28:17,1769.25,225496
2021-06-18 09:28:18,1769.7,225506
2021-06-18 09:28:19,1769.7,225684
2021-06-18 09:28:20,1769.7,225684
2021-06-18 09:28:21,1769.7,225756
2021-06-18 09:28:22,1769.7,225793
2021-06-18 09:28:23,1769.7,225793
2021-06-18 09:28:24,1769.7,225808
2021-06-18 09:28:25,1769.7,225808
2021-06-18 09:28:26,1770.0,226623
2021-06-18 09:28:27,1770.0,226694
2021-06-18 09:28:29,1769.45,227310
2021-06-18 09:28:28,1769.45,227310
2021-06-18 09:28:30,1769.45,227310
2021-06-18 09:28:31,1770.0,227312
2021-06-18 09:28:32,1770.0,227322
2021-06-18 09:28:33,1769.9,227324
2021-06-18 09:28:34,1769.9,227324
2021-06-18 09:28:35,1770.0,227329
2021-06-18 09:28:36,1770.0,227329
2021-06-18 09:28:37,1770.0,227329
2021-06-18 09:28:38,1770.05,227904
2021-06-18 09:28:39,1770.05,227904
2021-06-18 09:28:40,1770.2,227908
2021-06-18 09:28:41,1770.2,227958
2021-06-18 09:28:42,1770.25,227962
2021-06-18 09:28:43,1770.25,228085
2021-06-18 09:28:44,1770.3,228137
2021-06-18 09:28:45,1770.3,228137
2021-06-18 09:28:46,1770.35,228139
2021-06-18 09:28:48,1770.25,228214
2021-06-18 09:28:47,1770.25,228214
2021-06-18 09:28:49,1770.35,228250
2021-06-18 09:28:50,1770.35,228250
2021-06-18 09:28:51,1770.4,228350
2021-06-18 09:28:52,1770.4,228350
2021-06-18 09:28:54,1770.4,228350
2021-06-18 09:28:53,1770.4,228350
2021-06-18 09:28:55,1770.15,228487
2021-06-18 09:28:56,1770.15,228487
2021-06-18 09:28:57,1770.15,228487
2021-06-18 09:28:58,1770.3,228502
2021-06-18 09:29:00,1770.35,228503
2021-06-18 09:28:59,1770.35,228503
2021-06-18 09:29:01,1770.35,228660
2021-06-18 09:29:02,1770.35,228675
2021-06-18 09:29:03,1770.3,228690
2021-06-18 09:29:04,1770.3,228712
2021-06-18 09:29:05,1769.9,229235
2021-06-18 09:29:06,1770.05,229340
2021-06-18 09:29:07,1769.95,229450
2021-06-18 09:29:08,1769.95,229603
2021-06-18 09:29:09,1769.75,229635
2021-06-18 09:29:10,1769.75,229635
2021-06-18 09:29:11,1769.75,229635
2021-06-18 09:29:12,1769.75,229635
2021-06-18 09:29:13,1769.75,229635
2021-06-18 09:29:14,1769.75,229635
2021-06-18 09:29:15,1769.75,229635
2021-06-18 09:29:16,1769.35,229665
2021-06-18 09:29:17,1769.35,229665
2021-06-18 09:29:18,1769.45,229667
2021-06-18 09:29:19,1769.45,229667
2021-06-18 09:29:20,1769.45,229667
2021-06-18 09:29:21,1769.45,229667
2021-06-18 09:29:22,1769.75,229677
2021-06-18 09:29:24,1769.75,229730
2021-06-18 09:29:23,1769.75,229684
2021-06-18 09:29:25,1769.75,229748
2021-06-18 09:29:26,1769.7,229749
2021-06-18 09:29:27,1769.65,229800
2021-06-18 09:29:28,1769.65,229800
2021-06-18 09:29:29,1769.75,229830
2021-06-18 09:29:30,1769.75,229830
2021-06-18 09:29:31,1769.65,230159
2021-06-18 09:29:32,1769.65,230169
2021-06-18 09:29:33,1769.65,230170
2021-06-18 09:29:34,1769.65,230170
2021-06-18 09:29:35,1769.65,230170
2021-06-18 09:29:36,1769.65,230170
2021-06-18 09:29:37,1769.05,230220
2021-06-18 09:29:38,1769.05,230220
2021-06-18 09:29:39,1769.05,230220
2021-06-18 09:29:40,1769.05,230220
2021-06-18 09:29:41,1769.05,230220
2021-06-18 09:29:42,1769.05,230220
2021-06-18 09:29:43,1769.05,230220
2021-06-18 09:29:44,1769.1,230221
2021-06-18 09:29:45,1769.1,230221
2021-06-18 09:29:46,1769.1,230221
2021-06-18 09:29:48,1769.1,230221
2021-06-18 09:29:49,1769.35,230232
2021-06-18 09:29:50,1769.45,230332
2021-06-18 09:29:51,1769.05,230425
2021-06-18 09:29:52,1769.05,230425
2021-06-18 09:29:54,1769.05,230425
2021-06-18 09:29:55,1769.05,230425
2021-06-18 09:29:55,1769.05,230425
2021-06-18 09:29:56,1769.15,230430
2021-06-18 09:29:57,1769.15,230430
2021-06-18 09:29:58,1769.1,230475
2021-06-18 09:29:59,1769.1,230475
2021-06-18 09:30:00,1769.3,230477
2021-06-18 09:30:01,1769.3,230546
2021-06-18 09:30:02,1769.05,230789
2021-06-18 09:30:03,1769.05,230789
2021-06-18 09:30:04,1768.95,231197
2021-06-18 09:30:05,1768.65,232378
2021-06-18 09:30:06,1769.05,232646
2021-06-18 09:30:08,1769.05,232646
2021-06-18 09:30:08,1769.05,232646
2021-06-18 09:30:09,1769.15,232747
2021-06-18 09:30:10,1769.05,232757
2021-06-18 09:30:11,1769.05,232758
2021-06-18 09:30:12,1769.05,232758
2021-06-18 09:30:13,1769.05,232758
2021-06-18 09:30:14,1769.15,232885
2021-06-18 09:30:15,1769.15,232920
2021-06-18 09:30:16,1769.1,232948
2021-06-18 09:30:17,1769.15,232949
2021-06-18 09:30:18,1769.0,233041
2021-06-18 09:30:19,1769.15,233091
2021-06-18 09:30:20,1769.15,233092
2021-06-18 09:30:21,1768.95,233192
2021-06-18 09:30:22,1769.0,233210
2021-06-18 09:30:24,1769.0,233248
2021-06-18 09:30:24,1769.0,233240
2021-06-18 09:30:25,1768.8,233701
2021-06-18 09:30:26,1768.85,233827
2021-06-18 09:30:28,1768.85,233827
2021-06-18 09:30:29,1768.85,233827
2021-06-18 09:30:29,1768.85,233827
2021-06-18 09:30:31,1768.85,233827
2021-06-18 09:30:32,1768.85,233827
2021-06-18 09:30:33,1768.15,233830
2021-06-18 09:30:34,1768.15,233830
2021-06-18 09:30:35,1768.15,233830
2021-06-18 09:30:36,1768.15,233911
2021-06-18 09:30:37,1768.05,233922
2021-06-18 09:30:38,1768.1,233937
2021-06-18 09:30:39,1768.0,233959
2021-06-18 09:30:40,1768.0,233962
2021-06-18 09:30:41,1767.95,233963
2021-06-18 09:30:42,1767.8,233978
2021-06-18 09:30:43,1767.8,233978
2021-06-18 09:30:44,1767.8,233978
2021-06-18 09:30:45,1767.65,233994
2021-06-18 09:30:46,1767.5,234000
2021-06-18 09:30:47,1767.05,234011
2021-06-18 09:30:48,1767.5,234013
2021-06-18 09:30:49,1767.5,234053
2021-06-18 09:30:50,1767.0,234110
2021-06-18 09:30:51,1767.0,234138
2021-06-18 09:30:52,1767.0,234138
2021-06-18 09:30:53,1767.0,234223
2021-06-18 09:30:55,1767.0,234831
2021-06-18 09:30:56,1767.5,234970
2021-06-18 09:30:59,1766.95,235070
2021-06-18 09:31:00,1766.95,235070
2021-06-18 09:31:01,1766.95,235232
2021-06-18 09:31:02,1766.55,236402
2021-06-18 09:31:03,1767.0,236767
2021-06-18 09:31:04,1767.0,236767
2021-06-18 09:31:05,1767.0,236767
2021-06-18 09:31:06,1767.0,236767
2021-06-18 09:31:07,1766.95,237128
2021-06-18 09:31:08,1767.0,237169
2021-06-18 09:31:09,1767.0,237316
2021-06-18 09:31:10,1767.0,237317
2021-06-18 09:31:11,1766.8,237318
2021-06-18 09:31:12,1767.0,237395
2021-06-18 09:31:13,1767.0,237395
2021-06-18 09:31:14,1767.0,237395
2021-06-18 09:31:15,1767.0,237395
2021-06-18 09:31:17,1767.0,237395
2021-06-18 09:31:18,1767.0,237395
2021-06-18 09:31:20,1766.85,237483
2021-06-18 09:31:22,1766.8,237688
2021-06-18 09:31:23,1766.8,237727
2021-06-18 09:31:24,1766.8,237727
2021-06-18 09:31:25,1766.8,237727
2021-06-18 09:31:26,1766.85,237737
2021-06-18 09:31:28,1767.9,238854
2021-06-18 09:31:29,1768.2,238905
2021-06-18 09:31:30,1767.85,238995
2021-06-18 09:31:31,1768.1,239146
2021-06-18 09:31:32,1767.9,239321
2021-06-18 09:31:33,1768.25,239392
2021-06-18 09:31:34,1768.25,239392
2021-06-18 09:31:35,1768.25,239402
2021-06-18 09:31:36,1768.3,239406
2021-06-18 09:31:37,1768.3,239406
2021-06-18 09:31:38,1768.3,239437
2021-06-18 09:31:39,1768.15,239513
2021-06-18 09:31:40,1768.15,239513
2021-06-18 09:31:41,1768.25,239538
2021-06-18 09:31:42,1768.25,239538
2021-06-18 09:31:43,1768.25,239538
2021-06-18 09:31:44,1768.25,239538
2021-06-18 09:31:45,1768.25,239543
2021-06-18 09:31:46,1768.25,239543
2021-06-18 09:31:47,1768.25,239543
2021-06-18 09:31:48,1768.05,239670
2021-06-18 09:31:49,1768.25,239791
2021-06-18 09:31:50,1768.3,239830
2021-06-18 09:31:51,1768.3,239830
2021-06-18 09:31:52,1768.3,239830
2021-06-18 09:31:53,1768.3,239830
2021-06-18 09:31:54,1768.05,239880
2021-06-18 09:31:55,1768.05,239880
2021-06-18 09:31:56,1768.05,239880
2021-06-18 09:31:57,1768.05,239880
2021-06-18 09:31:58,1768.05,239880
2021-06-18 09:32:00,1768.25,239910
2021-06-18 09:32:02,1768.25,239911
2021-06-18 09:32:02,1768.25,239911
2021-06-18 09:32:03,1768.35,239913
2021-06-18 09:32:04,1768.2,240217
2021-06-18 09:32:05,1768.2,240217
2021-06-18 09:32:06,1768.2,240217
2021-06-18 09:32:07,1768.2,240217
2021-06-18 09:32:08,1768.15,240591
2021-06-18 09:32:09,1768.15,240591
2021-06-18 09:32:10,1768.15,240606
2021-06-18 09:32:11,1768.1,240740
2021-06-18 09:32:12,1768.2,240776
2021-06-18 09:32:13,1768.2,240776
2021-06-18 09:32:14,1768.2,240776
2021-06-18 09:32:15,1768.4,240822
2021-06-18 09:32:16,1768.4,240822
2021-06-18 09:32:17,1768.25,240842
2021-06-18 09:32:18,1768.25,240842
2021-06-18 09:32:19,1768.25,240842
2021-06-18 09:32:20,1768.25,240842
2021-06-18 09:32:21,1768.25,240865
2021-06-18 09:32:22,1768.25,240865
2021-06-18 09:32:23,1768.25,240865
2021-06-18 09:32:24,1768.25,240865
2021-06-18 09:32:25,1768.2,240870
2021-06-18 09:32:26,1768.2,240964
2021-06-18 09:32:27,1768.2,240972
2021-06-18 09:32:28,1768.2,241072
2021-06-18 09:32:29,1768.2,241109
2021-06-18 09:32:30,1768.2,241113
2021-06-18 09:32:31,1768.2,241114
2021-06-18 09:32:32,1768.2,241114
2021-06-18 09:32:33,1768.2,241153
2021-06-18 09:32:34,1768.2,241278
2021-06-18 09:32:36,1768.2,241313
2021-06-18 09:32:37,1768.2,241313
2021-06-18 09:32:38,1768.05,241486
2021-06-18 09:32:39,1768.05,241486
2021-06-18 09:32:40,1768.2,241511
2021-06-18 09:32:42,1768.2,241733
2021-06-18 09:32:43,1768.2,241733
2021-06-18 09:32:44,1768.2,241733
2021-06-18 09:32:45,1768.2,241743
2021-06-18 09:32:45,1768.2,241743
2021-06-18 09:32:46,1768.2,241746
2021-06-18 09:32:47,1768.15,241756
2021-06-18 09:32:49,1768.15,241759
2021-06-18 09:32:50,1768.15,241759
2021-06-18 09:32:52,1768.1,241916
2021-06-18 09:32:53,1768.05,241921
2021-06-18 09:32:54,1768.05,241921
2021-06-18 09:32:55,1768.2,242023
2021-06-18 09:32:56,1768.0,244026
2021-06-18 09:32:57,1768.15,244035
2021-06-18 09:32:58,1768.15,244114
2021-06-18 09:32:59,1768.15,244114
2021-06-18 09:32:59,1768.15,244129
2021-06-18 09:33:00,1768.15,244129
2021-06-18 09:33:01,1768.15,244129
2021-06-18 09:33:02,1768.15,245149
2021-06-18 09:33:03,1768.15,245149
2021-06-18 09:33:05,1768.15,245149
2021-06-18 09:33:06,1768.15,245149
2021-06-18 09:33:07,1768.15,245149
2021-06-18 09:33:08,1768.2,245152
2021-06-18 09:33:09,1768.2,245152
2021-06-18 09:33:10,1768.2,245152
2021-06-18 09:33:11,1768.2,245152
2021-06-18 09:33:12,1768.25,245296
2021-06-18 09:33:13,1768.15,245427
2021-06-18 09:33:14,1768.25,245463
2021-06-18 09:33:16,1768.25,245463
2021-06-18 09:33:16,1768.25,245463
2021-06-18 09:33:18,1768.25,245464
2021-06-18 09:33:19,1768.25,245464
2021-06-18 09:33:20,1768.25,245464
2021-06-18 09:33:21,1768.25,245464
2021-06-18 09:33:22,1768.65,245859
2021-06-18 09:33:22,1768.3,245928
2021-06-18 09:33:23,1768.7,245930
2021-06-18 09:33:24,1768.7,245930
2021-06-18 09:33:26,1768.5,245964
2021-06-18 09:33:25,1768.5,245964
2021-06-18 09:33:27,1768.5,245964
2021-06-18 09:33:28,1768.5,245964
2021-06-18 09:33:29,1768.5,245965
2021-06-18 09:33:30,1768.5,245965
2021-06-18 09:33:31,1768.35,245993
2021-06-18 09:33:32,1768.2,246173
2021-06-18 09:33:33,1768.2,246173
2021-06-18 09:33:34,1768.2,246173
2021-06-18 09:33:35,1768.45,246183
2021-06-18 09:33:36,1768.45,246183
2021-06-18 09:33:38,1768.45,246183
2021-06-18 09:33:39,1768.4,246191
2021-06-18 09:33:40,1768.4,246210
2021-06-18 09:33:41,1768.4,246210
2021-06-18 09:33:42,1768.4,246210
2021-06-18 09:33:43,1768.4,246210
2021-06-18 09:33:43,1768.4,246210
2021-06-18 09:33:44,1768.4,246210
2021-06-18 09:33:45,1768.4,246210
2021-06-18 09:33:46,1768.4,246213
2021-06-18 09:33:47,1768.4,246213
2021-06-18 09:33:48,1768.4,246213
2021-06-18 09:33:50,1768.35,246322
2021-06-18 09:33:51,1768.15,246519
2021-06-18 09:33:52,1768.35,246530
2021-06-18 09:33:53,1768.4,246597
2021-06-18 09:33:54,1768.0,246881
2021-06-18 09:33:55,1767.45,246965
2021-06-18 09:33:56,1767.4,247003
2021-06-18 09:33:57,1767.35,247015
2021-06-18 09:33:58,1767.05,247018
2021-06-18 09:33:59,1767.05,247019
2021-06-18 09:34:00,1766.45,247419
2021-06-18 09:34:00,1766.45,247419
2021-06-18 09:34:01,1766.5,247548
2021-06-18 09:34:02,1766.95,247645
2021-06-18 09:34:03,1766.95,247646
2021-06-18 09:34:04,1766.85,247652
2021-06-18 09:34:05,1766.85,247652
2021-06-18 09:34:06,1766.85,247652
2021-06-18 09:34:07,1766.55,247819
2021-06-18 09:34:08,1766.0,247824
2021-06-18 09:34:09,1766.5,247854
2021-06-18 09:34:10,1766.5,247954
2021-06-18 09:34:12,1766.5,247954
2021-06-18 09:34:13,1766.5,247954
2021-06-18 09:34:14,1766.55,247994
2021-06-18 09:34:15,1766.55,247994
2021-06-18 09:34:16,1767.0,248711
2021-06-18 09:34:17,1767.3,248762
2021-06-18 09:34:18,1767.3,248762
2021-06-18 09:34:19,1767.8,248813
2021-06-18 09:34:20,1767.8,248813
2021-06-18 09:34:20,1767.7,248864
2021-06-18 09:34:21,1767.55,248966
2021-06-18 09:34:22,1767.55,248966
2021-06-18 09:34:23,1767.25,248971
2021-06-18 09:34:24,1767.25,248971
2021-06-18 09:34:25,1767.2,249360
2021-06-18 09:34:26,1767.5,249361
2021-06-18 09:34:28,1767.5,249361
2021-06-18 09:34:29,1767.45,249371
2021-06-18 09:34:30,1767.45,249371
2021-06-18 09:34:31,1767.45,249396
2021-06-18 09:34:32,1767.45,249421
2021-06-18 09:34:33,1767.45,249421
2021-06-18 09:34:34,1767.45,249421
2021-06-18 09:34:35,1767.45,249421
2021-06-18 09:34:36,1767.45,249667
2021-06-18 09:34:37,1767.5,249686
2021-06-18 09:34:38,1767.5,249686
2021-06-18 09:34:39,1767.5,249691
2021-06-18 09:34:40,1767.5,249748
2021-06-18 09:34:41,1767.5,249769
2021-06-18 09:34:42,1767.5,249769
2021-06-18 09:34:43,1767.6,249809
2021-06-18 09:34:44,1766.55,249902
2021-06-18 09:34:45,1766.55,249902
2021-06-18 09:34:46,1766.55,249902
2021-06-18 09:34:46,1766.55,249902
2021-06-18 09:34:47,1766.6,249907
2021-06-18 09:34:48,1766.65,249919
2021-06-18 09:34:50,1766.65,249919
2021-06-18 09:34:51,1767.35,249944
2021-06-18 09:34:52,1767.35,249944
2021-06-18 09:34:53,1767.35,249944
2021-06-18 09:34:54,1767.35,249944
2021-06-18 09:34:55,1767.35,249944
2021-06-18 09:34:56,1767.4,249968
2021-06-18 09:34:57,1767.4,249971
2021-06-18 09:34:58,1767.4,249971
2021-06-18 09:34:59,1767.4,249971
2021-06-18 09:34:59,1767.4,249971
2021-06-18 09:35:00,1767.3,249981
2021-06-18 09:35:01,1767.25,250010
2021-06-18 09:35:02,1767.0,250031
2021-06-18 09:35:03,1767.0,250043
2021-06-18 09:35:04,1767.0,250043
2021-06-18 09:35:05,1766.65,250078
2021-06-18 09:35:06,1766.65,250078
2021-06-18 09:35:07,1766.95,250228
2021-06-18 09:35:08,1766.5,250249
2021-06-18 09:35:09,1766.5,250249
2021-06-18 09:35:10,1766.5,250249
2021-06-18 09:35:11,1766.5,250249
2021-06-18 09:35:12,1766.5,250249
2021-06-18 09:35:14,1766.45,250276
2021-06-18 09:35:15,1766.0,250726
2021-06-18 09:35:16,1766.0,250726
2021-06-18 09:35:17,1765.4,251330
2021-06-18 09:35:18,1765.4,251330
2021-06-18 09:35:19,1765.4,251330
2021-06-18 09:35:20,1765.4,251330
2021-06-18 09:35:21,1765.0,251371
2021-06-18 09:35:22,1765.2,251401
2021-06-18 09:35:23,1765.65,251411
2021-06-18 09:35:24,1765.05,251514
2021-06-18 09:35:25,1765.05,251514
2021-06-18 09:35:26,1765.65,251530
2021-06-18 09:35:27,1765.15,251540
2021-06-18 09:35:28,1765.15,251540
2021-06-18 09:35:28,1765.15,251540
2021-06-18 09:35:29,1765.05,251555
2021-06-18 09:35:30,1765.05,251555
2021-06-18 09:35:31,1765.05,251555
2021-06-18 09:35:34,1765.1,251590
2021-06-18 09:35:34,1765.05,251614
2021-06-18 09:35:35,1765.05,251614
2021-06-18 09:35:37,1765.05,251614
2021-06-18 09:35:38,1765.0,251854
2021-06-18 09:35:39,1765.0,252417
2021-06-18 09:35:40,1765.0,252417
2021-06-18 09:35:41,1765.0,252417
2021-06-18 09:35:42,1764.5,252445
2021-06-18 09:35:43,1764.05,252476
2021-06-18 09:35:44,1764.05,252476
2021-06-18 09:35:45,1764.05,252476
2021-06-18 09:35:46,1763.55,252550
2021-06-18 09:35:47,1763.55,252550
2021-06-18 09:35:48,1763.55,252550
2021-06-18 09:35:49,1764.0,253537
2021-06-18 09:35:50,1764.0,253537
2021-06-18 09:35:51,1764.5,253953
2021-06-18 09:35:52,1764.0,253972
2021-06-18 09:35:53,1764.0,253972
2021-06-18 09:35:54,1764.1,254008
2021-06-18 09:35:55,1764.0,254019
2021-06-18 09:35:55,1764.0,254019
2021-06-18 09:35:56,1764.0,254019
2021-06-18 09:35:57,1764.0,254019
2021-06-18 09:35:58,1764.0,254019
2021-06-18 09:35:59,1764.25,254029
2021-06-18 09:36:01,1764.0,256036
2021-06-18 09:36:02,1764.0,256058
2021-06-18 09:36:03,1764.0,256058
2021-06-18 09:36:04,1763.2,256086
2021-06-18 09:36:04,1763.7,256096
2021-06-18 09:36:06,1763.75,256192
2021-06-18 09:36:06,1763.1,256200
2021-06-18 09:36:07,1763.1,256200
2021-06-18 09:36:08,1763.1,256200
2021-06-18 09:36:09,1763.1,256200
2021-06-18 09:36:10,1762.75,256982
2021-06-18 09:36:11,1762.0,257254
2021-06-18 09:36:15,1762.2,257355
2021-06-18 09:36:16,1762.0,257407
2021-06-18 09:36:17,1762.0,257507
2021-06-18 09:36:19,1762.0,257598
2021-06-18 09:36:20,1762.0,257722
2021-06-18 09:36:21,1762.0,257733
2021-06-18 09:36:22,1762.0,258565
2021-06-18 09:36:22,1761.55,258625
2021-06-18 09:36:24,1761.6,258642
2021-06-18 09:36:25,1761.6,258666
2021-06-18 09:36:26,1761.6,258666
2021-06-18 09:36:27,1761.6,258666
2021-06-18 09:36:28,1761.6,258666
2021-06-18 09:36:29,1761.6,258671
2021-06-18 09:36:30,1761.6,258671
2021-06-18 09:36:31,1761.6,258671
2021-06-18 09:36:32,1761.6,258671
2021-06-18 09:36:33,1761.4,260364
2021-06-18 09:36:34,1761.4,260364
2021-06-18 09:36:35,1761.9,260464
2021-06-18 09:36:36,1761.4,260471
2021-06-18 09:36:37,1761.55,260473
2021-06-18 09:36:38,1761.9,260498
2021-06-18 09:36:39,1761.55,260598
2021-06-18 09:36:40,1761.55,260911
2021-06-18 09:36:41,1761.05,261011
2021-06-18 09:36:42,1761.15,261039
2021-06-18 09:36:43,1761.5,261040
2021-06-18 09:36:44,1761.3,261048
2021-06-18 09:36:44,1761.3,261048
2021-06-18 09:36:45,1761.3,261048
2021-06-18 09:36:46,1761.3,261048
2021-06-18 09:36:48,1761.3,261048
2021-06-18 09:36:49,1761.3,261048
2021-06-18 09:36:50,1761.4,261057
2021-06-18 09:36:51,1761.35,261083
2021-06-18 09:36:52,1761.4,261188
2021-06-18 09:36:53,1762.0,261290
2021-06-18 09:36:54,1762.0,261315
2021-06-18 09:36:55,1762.5,261763
2021-06-18 09:36:56,1762.75,261818
2021-06-18 09:36:57,1762.55,261849
2021-06-18 09:36:58,1762.55,261849
2021-06-18 09:36:59,1762.7,261898
2021-06-18 09:37:00,1762.4,262279
2021-06-18 09:37:01,1762.4,262279
2021-06-18 09:37:02,1762.4,262279
2021-06-18 09:37:03,1762.4,262279
2021-06-18 09:37:04,1762.15,262280
2021-06-18 09:37:05,1762.15,262280
2021-06-18 09:37:06,1762.0,262286
2021-06-18 09:37:07,1761.95,262381
2021-06-18 09:37:08,1761.15,262968
2021-06-18 09:37:09,1761.0,264724
2021-06-18 09:37:10,1760.8,264726
2021-06-18 09:37:11,1760.8,264726
2021-06-18 09:37:12,1761.65,264851
2021-06-18 09:37:13,1761.5,265432
2021-06-18 09:37:14,1761.5,265432
2021-06-18 09:37:15,1761.3,265433
2021-06-18 09:37:16,1760.75,266224
2021-06-18 09:37:17,1761.05,266488
2021-06-18 09:37:18,1760.8,266588
2021-06-18 09:37:19,1760.3,266599
2021-06-18 09:37:20,1760.95,266600
2021-06-18 09:37:21,1760.25,266673
2021-06-18 09:37:22,1760.95,266990
2021-06-18 09:37:23,1760.55,267093
2021-06-18 09:37:24,1760.95,267120
2021-06-18 09:37:25,1760.85,267171
2021-06-18 09:37:26,1760.85,267207
2021-06-18 09:37:27,1760.55,267272
2021-06-18 09:37:28,1760.5,267298
2021-06-18 09:37:29,1760.85,267551
2021-06-18 09:37:30,1760.85,267551
2021-06-18 09:37:31,1760.2,267697
2021-06-18 09:37:32,1760.2,267697
2021-06-18 09:37:33,1760.4,267927
2021-06-18 09:37:34,1760.4,267927
2021-06-18 09:37:35,1760.8,267933
2021-06-18 09:37:36,1760.8,267933
2021-06-18 09:37:37,1760.15,268053
2021-06-18 09:37:38,1760.15,268057
2021-06-18 09:37:39,1760.8,268132
2021-06-18 09:37:40,1760.8,268132
2021-06-18 09:37:41,1760.35,268752
2021-06-18 09:37:42,1760.8,268852
2021-06-18 09:37:43,1760.8,268852
2021-06-18 09:37:44,1760.8,268852
2021-06-18 09:37:45,1760.8,268940
2021-06-18 09:37:46,1760.8,268960
2021-06-18 09:37:47,1760.8,268960
2021-06-18 09:37:48,1760.75,269160
2021-06-18 09:37:49,1760.5,269162
2021-06-18 09:37:50,1760.75,269367
2021-06-18 09:37:50,1760.75,269367
2021-06-18 09:37:51,1760.4,269501
2021-06-18 09:37:53,1760.75,269609
2021-06-18 09:37:54,1760.75,269609
2021-06-18 09:37:55,1760.2,270040
2021-06-18 09:37:56,1760.5,270141
2021-06-18 09:37:56,1760.5,270141
2021-06-18 09:37:58,1760.1,270612
2021-06-18 09:37:59,1760.0,270963
2021-06-18 09:38:00,1760.15,270968
2021-06-18 09:38:01,1759.05,272007
2021-06-18 09:38:02,1759.35,272245
2021-06-18 09:38:03,1759.4,272925
2021-06-18 09:38:04,1760.0,272993
2021-06-18 09:38:04,1760.0,272993
2021-06-18 09:38:05,1760.0,273005
2021-06-18 09:38:07,1760.0,273057
2021-06-18 09:38:08,1759.45,273143
2021-06-18 09:38:09,1760.2,273250
2021-06-18 09:38:10,1760.1,273290
2021-06-18 09:38:11,1760.15,273295
2021-06-18 09:38:12,1760.15,273295
2021-06-18 09:38:13,1759.7,273322
2021-06-18 09:38:14,1760.2,273354
2021-06-18 09:38:15,1760.4,273520
2021-06-18 09:38:16,1760.4,273520
2021-06-18 09:38:16,1760.4,273520
2021-06-18 09:38:18,1760.75,273531
2021-06-18 09:38:19,1759.6,273920
2021-06-18 09:38:20,1760.0,274205
2021-06-18 09:38:21,1760.0,274205
2021-06-18 09:38:21,1760.0,274210
2021-06-18 09:38:23,1760.25,274220
2021-06-18 09:38:24,1760.25,274220
2021-06-18 09:38:25,1760.25,274220
2021-06-18 09:38:26,1760.45,274330
2021-06-18 09:38:26,1760.45,274330
2021-06-18 09:38:27,1760.45,274376
2021-06-18 09:38:29,1761.15,275707
2021-06-18 09:38:30,1761.45,276402
2021-06-18 09:38:31,1761.45,276402
2021-06-18 09:38:32,1761.45,276654
2021-06-18 09:38:33,1762.0,276656
2021-06-18 09:38:34,1762.0,276919
2021-06-18 09:38:35,1761.45,277019
2021-06-18 09:38:36,1761.45,277019
2021-06-18 09:38:37,1761.45,277019
2021-06-18 09:38:38,1761.45,277019
2021-06-18 09:38:39,1762.0,277045
2021-06-18 09:38:40,1762.15,277109
2021-06-18 09:38:41,1762.15,277129
2021-06-18 09:38:42,1762.25,277260
2021-06-18 09:38:43,1762.25,277260
2021-06-18 09:38:44,1762.0,277270
2021-06-18 09:38:45,1762.0,277270
2021-06-18 09:38:46,1762.0,277270
2021-06-18 09:38:47,1762.0,277270
2021-06-18 09:38:48,1762.1,277595
2021-06-18 09:38:49,1762.25,277795
2021-06-18 09:38:50,1762.0,278375
2021-06-18 09:38:51,1761.8,278425
2021-06-18 09:38:53,1762.95,278615
2021-06-18 09:38:52,1762.95,278615
2021-06-18 09:38:54,1762.95,278615
2021-06-18 09:38:55,1762.2,278619
2021-06-18 09:38:56,1762.15,278674
2021-06-18 09:38:57,1762.95,279204
2021-06-18 09:38:58,1762.3,279242
2021-06-18 09:38:59,1762.2,279257
2021-06-18 09:39:00,1762.2,279257
2021-06-18 09:39:01,1762.2,279257
2021-06-18 09:39:02,1762.8,279280
2021-06-18 09:39:03,1762.85,279308
2021-06-18 09:39:04,1762.2,279456
2021-06-18 09:39:05,1762.25,279467
2021-06-18 09:39:06,1762.25,279467
2021-06-18 09:39:07,1762.4,279492
2021-06-18 09:39:08,1762.4,279501
2021-06-18 09:39:10,1762.65,280467
2021-06-18 09:39:09,1762.4,280456
2021-06-18 09:39:11,1762.65,280467
2021-06-18 09:39:12,1762.65,280467
2021-06-18 09:39:13,1762.7,280702
2021-06-18 09:39:14,1762.75,280703
2021-06-18 09:39:15,1762.5,281234
2021-06-18 09:39:16,1762.45,281245
2021-06-18 09:39:17,1762.45,281245
2021-06-18 09:39:18,1762.5,281246
2021-06-18 09:39:19,1762.6,281273
2021-06-18 09:39:20,1762.7,281435
2021-06-18 09:39:21,1762.7,281435
2021-06-18 09:39:22,1762.15,281485
2021-06-18 09:39:23,1762.7,281575
2021-06-18 09:39:24,1762.7,281581
2021-06-18 09:39:25,1763.0,281606
2021-06-18 09:39:26,1763.0,281606
2021-06-18 09:39:27,1763.0,281606
2021-06-18 09:39:28,1763.0,281606
2021-06-18 09:39:29,1763.0,281606
2021-06-18 09:39:30,1762.35,281681
2021-06-18 09:39:31,1762.35,281681
2021-06-18 09:39:32,1762.35,281681
2021-06-18 09:39:33,1762.35,281681
2021-06-18 09:39:34,1762.6,281696
2021-06-18 09:39:35,1762.6,281696
2021-06-18 09:39:36,1762.6,281697
2021-06-18 09:39:37,1762.6,281697
2021-06-18 09:39:38,1762.55,281768
2021-06-18 09:39:39,1762.55,281768
2021-06-18 09:39:40,1762.55,281768
2021-06-18 09:39:41,1762.55,281768
2021-06-18 09:39:42,1762.3,281817
2021-06-18 09:39:43,1762.55,281917
2021-06-18 09:39:44,1762.55,281917
2021-06-18 09:39:45,1762.55,281917
2021-06-18 09:39:46,1762.5,282023
2021-06-18 09:39:47,1762.5,282055
2021-06-18 09:39:48,1762.55,282127
2021-06-18 09:39:49,1762.55,282142
2021-06-18 09:39:50,1762.55,282144
2021-06-18 09:39:51,1762.45,282146
2021-06-18 09:39:52,1762.55,282152
2021-06-18 09:39:53,1762.55,282152
2021-06-18 09:39:54,1762.55,282152
2021-06-18 09:39:55,1762.45,282168
2021-06-18 09:39:56,1762.0,282248
2021-06-18 09:39:57,1762.0,282248
2021-06-18 09:39:58,1762.0,282248
2021-06-18 09:39:59,1762.0,282268
2021-06-18 09:40:00,1762.55,282318
2021-06-18 09:40:01,1762.55,282318
2021-06-18 09:40:02,1762.7,282588
2021-06-18 09:40:03,1762.7,282588
2021-06-18 09:40:04,1762.7,282588
2021-06-18 09:40:05,1762.35,282596
2021-06-18 09:40:06,1762.35,282677
2021-06-18 09:40:07,1762.35,282677
2021-06-18 09:40:08,1762.35,282677
2021-06-18 09:40:09,1762.6,282701
2021-06-18 09:40:10,1762.6,282701
2021-06-18 09:40:11,1762.6,282878
2021-06-18 09:40:12,1762.0,286147
2021-06-18 09:40:13,1762.15,286171
2021-06-18 09:40:14,1761.5,286251
2021-06-18 09:40:15,1762.0,286252
2021-06-18 09:40:17,1762.0,286256
2021-06-18 09:40:16,1762.0,286256
2021-06-18 09:40:18,1762.0,286256
2021-06-18 09:40:19,1761.45,286306
2021-06-18 09:40:20,1761.5,286354
2021-06-18 09:40:21,1761.6,286404
2021-06-18 09:40:22,1761.7,286414
2021-06-18 09:40:23,1761.7,286414
2021-06-18 09:40:25,1761.7,286414
2021-06-18 09:40:24,1761.7,286414
2021-06-18 09:40:26,1761.7,286414
2021-06-18 09:40:27,1761.7,286414
2021-06-18 09:40:28,1761.7,286424
2021-06-18 09:40:29,1761.7,286424
2021-06-18 09:40:30,1761.5,286434
2021-06-18 09:40:31,1761.5,286434
2021-06-18 09:40:32,1761.5,286434
2021-06-18 09:40:33,1761.5,286434
2021-06-18 09:40:34,1761.5,286439
2021-06-18 09:40:35,1761.5,286460
2021-06-18 09:40:36,1761.45,286537
2021-06-18 09:40:38,1761.35,286617
2021-06-18 09:40:39,1761.0,286642
2021-06-18 09:40:40,1761.7,287008
2021-06-18 09:40:41,1761.7,287008
2021-06-18 09:40:42,1761.7,287008
2021-06-18 09:40:43,1761.7,287008
2021-06-18 09:40:44,1761.7,287018
2021-06-18 09:40:45,1761.7,287019
2021-06-18 09:40:46,1761.25,287069
2021-06-18 09:40:47,1761.25,287069
2021-06-18 09:40:48,1761.25,287069
2021-06-18 09:40:49,1761.25,287069
2021-06-18 09:40:51,1761.25,287084
2021-06-18 09:40:51,1761.25,287084
2021-06-18 09:40:52,1761.25,287084
2021-06-18 09:40:53,1761.25,287084
2021-06-18 09:40:54,1761.5,287134
2021-06-18 09:40:56,1761.5,287134
2021-06-18 09:40:56,1761.5,287134
2021-06-18 09:40:57,1761.5,287134
2021-06-18 09:40:58,1761.5,287134
2021-06-18 09:40:59,1761.65,287148
2021-06-18 09:41:00,1761.65,287148
2021-06-18 09:41:01,1761.65,287148
2021-06-18 09:41:02,1761.65,287148
2021-06-18 09:41:03,1761.0,287686
2021-06-18 09:41:05,1761.6,287761
2021-06-18 09:41:05,1761.6,287761
2021-06-18 09:41:06,1761.6,287761
2021-06-18 09:41:07,1761.6,287761
2021-06-18 09:41:08,1761.6,287761
2021-06-18 09:41:09,1761.6,287761
2021-06-18 09:41:10,1761.6,287761
2021-06-18 09:41:12,1761.6,287761
2021-06-18 09:41:13,1761.6,287761
2021-06-18 09:41:13,1761.6,287761
2021-06-18 09:41:14,1761.0,288114
2021-06-18 09:41:15,1761.6,288123
2021-06-18 09:41:16,1761.6,288123
2021-06-18 09:41:17,1761.6,288123
2021-06-18 09:41:18,1761.6,288125
2021-06-18 09:41:19,1761.6,288125
2021-06-18 09:41:21,1761.6,288211
2021-06-18 09:41:21,1761.6,288211
2021-06-18 09:41:22,1761.6,288211
2021-06-18 09:41:23,1761.2,288216
2021-06-18 09:41:24,1761.6,288217
2021-06-18 09:41:25,1761.2,288218
2021-06-18 09:41:26,1761.2,288218
2021-06-18 09:41:28,1761.2,288218
2021-06-18 09:41:28,1761.2,288218
2021-06-18 09:41:29,1761.2,288218
2021-06-18 09:41:30,1760.95,288329
2021-06-18 09:41:31,1761.0,288330
2021-06-18 09:41:32,1761.0,288347
2021-06-18 09:41:33,1761.0,288347
2021-06-18 09:41:34,1761.0,288369
2021-06-18 09:41:35,1761.0,288369
2021-06-18 09:41:36,1761.0,288399
2021-06-18 09:41:38,1761.0,288432
2021-06-18 09:41:38,1761.0,288432
2021-06-18 09:41:39,1761.0,289035
2021-06-18 09:41:40,1761.0,289225
2021-06-18 09:41:41,1761.0,289225
2021-06-18 09:41:42,1761.0,289225
2021-06-18 09:41:43,1761.0,289225
2021-06-18 09:41:45,1761.0,289225
2021-06-18 09:41:45,1761.0,289225
2021-06-18 09:41:47,1761.0,289231
2021-06-18 09:41:48,1761.0,289231
2021-06-18 09:41:49,1761.0,289231
2021-06-18 09:41:49,1761.0,289232
2021-06-18 09:41:50,1761.0,289232
2021-06-18 09:41:51,1761.0,289232
2021-06-18 09:41:52,1761.0,289234
2021-06-18 09:41:53,1761.0,289252
2021-06-18 09:41:55,1761.0,289306
2021-06-18 09:41:55,1761.0,289306
2021-06-18 09:41:56,1761.0,289306
2021-06-18 09:41:57,1761.0,290259
2021-06-18 09:41:58,1761.0,290259
2021-06-18 09:41:59,1761.0,290259
2021-06-18 09:42:00,1761.0,290283
2021-06-18 09:42:01,1761.05,290449
2021-06-18 09:42:03,1761.05,290449
2021-06-18 09:42:05,1761.05,290449
2021-06-18 09:42:06,1761.05,290449
2021-06-18 09:42:07,1761.05,290449
2021-06-18 09:42:07,1761.05,290449
2021-06-18 09:42:08,1762.2,291549
2021-06-18 09:42:09,1762.65,291550
2021-06-18 09:42:10,1762.65,291550
2021-06-18 09:42:11,1762.65,291550
2021-06-18 09:42:12,1762.4,292022
2021-06-18 09:42:13,1762.4,292022
2021-06-18 09:42:14,1762.4,292022
2021-06-18 09:42:15,1761.8,292158
2021-06-18 09:42:16,1761.8,292158
2021-06-18 09:42:17,1761.8,292158
2021-06-18 09:42:18,1761.45,292178
2021-06-18 09:42:19,1761.55,292183
2021-06-18 09:42:21,1761.1,292501
2021-06-18 09:42:21,1761.1,292501
2021-06-18 09:42:22,1761.1,292501
2021-06-18 09:42:23,1761.1,292501
2021-06-18 09:42:25,1761.15,292625
2021-06-18 09:42:25,1761.6,292502
2021-06-18 09:42:26,1761.55,292626
2021-06-18 09:42:27,1761.55,292626
2021-06-18 09:42:28,1761.55,292626
2021-06-18 09:42:29,1761.55,292626
2021-06-18 09:42:30,1761.55,292626
2021-06-18 09:42:31,1761.55,292626
2021-06-18 09:42:32,1761.55,292628
2021-06-18 09:42:33,1761.55,292630
2021-06-18 09:42:34,1761.55,292630
2021-06-18 09:42:35,1761.55,292630
2021-06-18 09:42:36,1761.35,292664
2021-06-18 09:42:37,1760.9,293142
2021-06-18 09:42:38,1760.85,293227
2021-06-18 09:42:39,1761.15,293236
2021-06-18 09:42:40,1761.15,293236
2021-06-18 09:42:41,1760.55,293249
2021-06-18 09:42:43,1760.7,293256
2021-06-18 09:42:43,1760.7,293256
2021-06-18 09:42:44,1759.55,294223
2021-06-18 09:42:45,1759.0,294232
2021-06-18 09:42:46,1759.1,294239
2021-06-18 09:42:47,1759.1,294256
2021-06-18 09:42:48,1758.7,294591
2021-06-18 09:42:50,1758.0,294871
2021-06-18 09:42:50,1758.0,294906
2021-06-18 09:42:51,1758.0,294939
2021-06-18 09:42:52,1758.55,294987
2021-06-18 09:42:53,1758.0,295044
2021-06-18 09:42:54,1758.0,295044
2021-06-18 09:42:55,1757.95,295122
2021-06-18 09:42:56,1757.95,295122
2021-06-18 09:42:57,1757.8,295129
2021-06-18 09:42:58,1756.4,295363
2021-06-18 09:42:59,1755.6,296197
2021-06-18 09:43:00,1755.6,296197
2021-06-18 09:43:01,1756.15,296206
2021-06-18 09:43:02,1756.4,296240
2021-06-18 09:43:03,1756.4,296240
2021-06-18 09:43:04,1756.4,296242
2021-06-18 09:43:06,1756.55,296731
2021-06-18 09:43:07,1757.15,298490
2021-06-18 09:43:08,1757.8,298700
2021-06-18 09:43:09,1757.65,298768
2021-06-18 09:43:10,1757.5,299640
2021-06-18 09:43:11,1757.45,299641
2021-06-18 09:43:12,1757.45,299641
2021-06-18 09:43:13,1757.5,299644
2021-06-18 09:43:13,1757.5,299644
2021-06-18 09:43:14,1757.1,299744
2021-06-18 09:43:15,1757.05,299981
2021-06-18 09:43:16,1756.4,300076
2021-06-18 09:43:17,1756.4,300076
2021-06-18 09:43:19,1757.05,300176
2021-06-18 09:43:20,1757.05,300176
2021-06-18 09:43:21,1757.05,300254
2021-06-18 09:43:21,1757.05,300254
2021-06-18 09:43:22,1757.1,300258
2021-06-18 09:43:23,1756.55,300458
2021-06-18 09:43:24,1757.0,300488
2021-06-18 09:43:26,1757.1,300574
2021-06-18 09:43:27,1757.1,300577
2021-06-18 09:43:28,1757.1,300577
2021-06-18 09:43:29,1756.55,300727
2021-06-18 09:43:29,1756.55,300727
2021-06-18 09:43:30,1757.0,300732
2021-06-18 09:43:31,1756.4,301015
2021-06-18 09:43:32,1757.05,301046
2021-06-18 09:43:33,1757.05,301046
2021-06-18 09:43:34,1756.4,301167
2021-06-18 09:43:36,1756.4,301167
2021-06-18 09:43:37,1756.4,301167
2021-06-18 09:43:38,1757.05,301237
2021-06-18 09:43:38,1757.05,301237
2021-06-18 09:43:39,1757.05,301245
2021-06-18 09:43:40,1757.05,301267
2021-06-18 09:43:41,1757.05,301267
2021-06-18 09:43:42,1756.55,301272
2021-06-18 09:43:43,1756.55,301295
2021-06-18 09:43:44,1757.05,301500
2021-06-18 09:43:46,1756.5,301626
2021-06-18 09:43:47,1756.55,301631
2021-06-18 09:43:47,1756.55,301631
2021-06-18 09:43:48,1756.55,301631
2021-06-18 09:43:49,1756.55,301631
2021-06-18 09:43:50,1756.55,301631
2021-06-18 09:43:51,1756.65,301683
2021-06-18 09:43:52,1756.7,302150
2021-06-18 09:43:53,1756.05,302176
2021-06-18 09:43:54,1756.2,302228
2021-06-18 09:43:55,1756.55,302243
2021-06-18 09:43:58,1756.2,302249
2021-06-18 09:43:58,1756.2,302249
2021-06-18 09:43:59,1756.2,302249
2021-06-18 09:44:00,1756.2,302249
2021-06-18 09:44:04,1756.05,302449
2021-06-18 09:44:05,1756.2,302504
2021-06-18 09:44:05,1756.2,302504
2021-06-18 09:44:06,1756.05,302604
2021-06-18 09:44:07,1756.05,302604
2021-06-18 09:44:09,1755.75,303803
2021-06-18 09:44:10,1755.75,303803
2021-06-18 09:44:11,1756.0,303834
2021-06-18 09:44:11,1756.0,303834
2021-06-18 09:44:12,1756.05,303859
2021-06-18 09:44:13,1755.8,303891
2021-06-18 09:44:15,1756.55,304161
2021-06-18 09:44:16,1756.55,304161
2021-06-18 09:44:17,1756.55,304161
2021-06-18 09:44:18,1756.05,304311
2021-06-18 09:44:19,1756.05,304311
2021-06-18 09:44:20,1756.05,304311
2021-06-18 09:44:21,1756.55,304420
2021-06-18 09:44:22,1756.55,304490
2021-06-18 09:44:24,1757.5,304690
2021-06-18 09:44:25,1757.7,304699
2021-06-18 09:44:25,1757.7,304699
2021-06-18 09:44:26,1757.7,304699
2021-06-18 09:44:27,1757.0,304750
2021-06-18 09:44:28,1757.4,304757
2021-06-18 09:44:30,1757.4,304768
2021-06-18 09:44:30,1756.55,304833
2021-06-18 09:44:32,1757.15,304836
2021-06-18 09:44:33,1757.15,304836
2021-06-18 09:44:34,1757.15,304836
2021-06-18 09:44:35,1756.1,305171
2021-06-18 09:44:35,1756.1,305171
2021-06-18 09:44:36,1756.75,305312
2021-06-18 09:44:37,1756.55,305709
2021-06-18 09:44:38,1756.55,305709
2021-06-18 09:44:39,1756.55,305709
2021-06-18 09:44:40,1756.2,305729
2021-06-18 09:44:41,1756.2,305729
2021-06-18 09:44:43,1756.2,305731
2021-06-18 09:44:44,1756.2,305731
2021-06-18 09:44:44,1756.2,305731
2021-06-18 09:44:45,1756.2,305731
2021-06-18 09:44:46,1756.65,305732
2021-06-18 09:44:47,1756.6,305734
2021-06-18 09:44:48,1756.2,305809
2021-06-18 09:44:49,1756.2,305809
2021-06-18 09:44:50,1756.2,306011
2021-06-18 09:44:52,1756.5,306088
2021-06-18 09:44:53,1756.5,306088
2021-06-18 09:44:53,1756.5,306088
2021-06-18 09:44:54,1756.5,306138
2021-06-18 09:44:55,1756.2,306300
2021-06-18 09:44:56,1756.5,306312
2021-06-18 09:44:57,1756.5,306312
2021-06-18 09:44:59,1756.6,306455
2021-06-18 09:45:00,1756.6,306455
2021-06-18 09:45:01,1756.6,306455
2021-06-18 09:45:02,1756.6,306481
2021-06-18 09:45:02,1756.6,306481
2021-06-18 09:45:03,1756.45,306538
2021-06-18 09:45:05,1756.45,306589
2021-06-18 09:45:06,1756.25,307419
2021-06-18 09:45:07,1755.7,310172
2021-06-18 09:45:08,1752.65,315612
2021-06-18 09:45:09,1753.3,318185
2021-06-18 09:45:11,1754.8,318264
2021-06-18 09:45:11,1754.8,318264
2021-06-18 09:45:12,1754.45,318359
2021-06-18 09:45:13,1755.0,318396
2021-06-18 09:45:14,1754.2,318495
2021-06-18 09:45:15,1754.7,318695
2021-06-18 09:45:16,1754.8,318705
2021-06-18 09:45:17,1754.5,318795
2021-06-18 09:45:18,1755.0,318933
2021-06-18 09:45:19,1756.1,319140
2021-06-18 09:45:20,1755.9,319233
2021-06-18 09:45:21,1755.9,319278
2021-06-18 09:45:22,1755.3,319462
2021-06-18 09:45:23,1755.3,319462
2021-06-18 09:45:25,1755.4,319472
2021-06-18 09:45:26,1755.9,319512
2021-06-18 09:45:27,1755.9,319528
2021-06-18 09:45:28,1755.45,319544
2021-06-18 09:45:29,1755.9,319633
2021-06-18 09:45:30,1755.9,319683
2021-06-18 09:45:31,1755.9,319943
2021-06-18 09:45:32,1756.45,320069
2021-06-18 09:45:32,1756.0,320134
2021-06-18 09:45:33,1757.0,320374
2021-06-18 09:45:34,1756.85,320406
2021-06-18 09:45:35,1756.4,320474
2021-06-18 09:45:36,1757.05,320631
2021-06-18 09:45:37,1757.05,320631
2021-06-18 09:45:38,1757.05,320632
2021-06-18 09:45:39,1757.05,320632
2021-06-18 09:45:40,1757.25,320872
2021-06-18 09:45:42,1758.0,320932
2021-06-18 09:45:43,1758.25,321353
2021-06-18 09:45:44,1758.9,321449
2021-06-18 09:45:45,1759.15,321499
2021-06-18 09:45:45,1758.65,321711
2021-06-18 09:45:46,1758.65,321814
2021-06-18 09:45:47,1758.65,321814
2021-06-18 09:45:49,1758.55,321839
2021-06-18 09:45:50,1758.55,321975
2021-06-18 09:45:51,1758.55,322044
2021-06-18 09:45:52,1758.25,322184
2021-06-18 09:45:53,1758.25,322184
2021-06-18 09:45:54,1758.25,322184
2021-06-18 09:45:55,1758.3,322284
2021-06-18 09:45:56,1758.0,322334
2021-06-18 09:45:57,1758.3,322371
2021-06-18 09:45:58,1758.3,322371
2021-06-18 09:45:58,1757.75,322421
2021-06-18 09:45:59,1757.55,323405
2021-06-18 09:46:00,1757.2,323427
2021-06-18 09:46:01,1757.0,323428
2021-06-18 09:46:02,1757.65,323434
2021-06-18 09:46:03,1757.65,323434
2021-06-18 09:46:04,1757.65,323444
2021-06-18 09:46:06,1757.6,323569
2021-06-18 09:46:07,1757.65,323777
2021-06-18 09:46:08,1757.0,323894
2021-06-18 09:46:09,1757.0,323894
2021-06-18 09:46:10,1757.0,323894
2021-06-18 09:46:11,1757.0,323945
2021-06-18 09:46:11,1757.0,323945
2021-06-18 09:46:12,1756.15,323948
2021-06-18 09:46:14,1756.15,323948
2021-06-18 09:46:15,1756.1,323971
2021-06-18 09:46:16,1756.1,323971
2021-06-18 09:46:17,1756.85,323985
2021-06-18 09:46:18,1756.5,324010
2021-06-18 09:46:19,1756.5,324010
2021-06-18 09:46:20,1756.2,324021
2021-06-18 09:46:21,1755.6,324286
2021-06-18 09:46:22,1755.85,324302
2021-06-18 09:46:23,1755.5,324702
2021-06-18 09:46:24,1755.5,324702
2021-06-18 09:46:26,1755.75,324718
2021-06-18 09:46:27,1755.75,324728
2021-06-18 09:46:28,1755.1,324928
2021-06-18 09:46:29,1755.75,324933
2021-06-18 09:46:30,1754.8,325963
2021-06-18 09:46:31,1755.1,325973
2021-06-18 09:46:32,1755.1,325974
2021-06-18 09:46:33,1755.0,325989
2021-06-18 09:46:34,1755.1,326116
2021-06-18 09:46:35,1755.0,326167
2021-06-18 09:46:35,1755.0,326167
2021-06-18 09:46:36,1755.1,326216
2021-06-18 09:46:37,1754.75,326222
2021-06-18 09:46:39,1755.0,326226
2021-06-18 09:46:41,1754.75,326338
2021-06-18 09:46:42,1754.75,326388
2021-06-18 09:46:42,1754.75,326388
2021-06-18 09:46:43,1754.95,326401
2021-06-18 09:46:44,1754.75,326557
2021-06-18 09:46:45,1754.75,326572
2021-06-18 09:46:46,1754.75,326572
2021-06-18 09:46:47,1754.75,326607
2021-06-18 09:46:48,1754.75,326607
2021-06-18 09:46:49,1754.75,326690
2021-06-18 09:46:51,1754.75,326809
2021-06-18 09:46:52,1755.2,327138
2021-06-18 09:46:53,1754.95,327188
2021-06-18 09:46:54,1754.95,327188
2021-06-18 09:46:54,1754.95,327188
2021-06-18 09:46:55,1754.95,327188
2021-06-18 09:46:56,1755.0,327194
2021-06-18 09:46:57,1755.7,327234
2021-06-18 09:46:58,1755.05,327384
2021-06-18 09:47:00,1755.05,327384
2021-06-18 09:47:01,1755.05,327384
2021-06-18 09:47:02,1755.5,327398
2021-06-18 09:47:03,1755.7,327403
2021-06-18 09:47:04,1755.7,327582
2021-06-18 09:47:05,1755.6,327632
2021-06-18 09:47:06,1755.65,327633
2021-06-18 09:47:06,1755.65,327633
2021-06-18 09:47:08,1756.0,327850
2021-06-18 09:47:09,1756.75,327937
2021-06-18 09:47:10,1756.95,327962
2021-06-18 09:47:11,1756.8,328012
2021-06-18 09:47:14,1756.6,328267
2021-06-18 09:47:15,1757.4,328317
2021-06-18 09:47:16,1756.95,328382
2021-06-18 09:47:17,1757.3,328387
2021-06-18 09:47:18,1757.3,328387
2021-06-18 09:47:19,1757.2,328484
2021-06-18 09:47:20,1757.0,328527
2021-06-18 09:47:21,1757.0,328532
2021-06-18 09:47:22,1757.0,328532
2021-06-18 09:47:23,1757.0,328532
2021-06-18 09:47:24,1756.55,328966
2021-06-18 09:47:25,1756.75,329076
2021-06-18 09:47:25,1756.75,329066
2021-06-18 09:47:26,1756.75,329076
2021-06-18 09:47:27,1755.9,329428
2021-06-18 09:47:28,1755.9,329428
2021-06-18 09:47:29,1755.9,329428
2021-06-18 09:47:30,1755.7,329456
2021-06-18 09:47:31,1754.75,329898
2021-06-18 09:47:32,1755.6,329993
2021-06-18 09:47:33,1755.6,329993
2021-06-18 09:47:35,1754.75,330028
2021-06-18 09:47:36,1754.75,330028
2021-06-18 09:47:37,1754.9,330050
2021-06-18 09:47:38,1754.8,330065
2021-06-18 09:47:39,1755.35,330141
2021-06-18 09:47:40,1756.1,330244
2021-06-18 09:47:41,1756.1,330345
2021-06-18 09:47:42,1756.3,330357
2021-06-18 09:47:43,1756.3,330357
2021-06-18 09:47:44,1756.25,330369
2021-06-18 09:47:45,1756.25,330369
2021-06-18 09:47:46,1756.25,330369
2021-06-18 09:47:47,1756.25,330369
2021-06-18 09:47:48,1756.25,330369
2021-06-18 09:47:49,1756.25,330396
2021-06-18 09:47:50,1756.3,330523
2021-06-18 09:47:51,1756.55,330524
2021-06-18 09:47:52,1756.55,330633
2021-06-18 09:47:54,1757.0,331284
2021-06-18 09:47:55,1757.0,331284
2021-06-18 09:47:56,1757.0,331309
2021-06-18 09:47:57,1756.95,331384
2021-06-18 09:47:58,1756.95,331384
2021-06-18 09:47:58,1756.95,331384
2021-06-18 09:47:59,1756.95,331384
2021-06-18 09:48:00,1756.95,331384
2021-06-18 09:48:01,1756.95,331384
2021-06-18 09:48:02,1756.6,331721
2021-06-18 09:48:03,1756.0,331733
2021-06-18 09:48:04,1756.1,331735
2021-06-18 09:48:06,1756.45,331737
2021-06-18 09:48:07,1756.1,331739
2021-06-18 09:48:07,1756.1,331739
2021-06-18 09:48:09,1756.1,331749
2021-06-18 09:48:10,1756.1,331749
2021-06-18 09:48:12,1756.0,331809
2021-06-18 09:48:11,1756.0,331809
2021-06-18 09:48:13,1756.0,331834
2021-06-18 09:48:14,1755.65,331901
2021-06-18 09:48:15,1755.65,331901
2021-06-18 09:48:16,1755.65,331906
2021-06-18 09:48:17,1755.65,331906
2021-06-18 09:48:18,1755.65,331906
2021-06-18 09:48:19,1755.65,331931
2021-06-18 09:48:20,1755.65,332207
2021-06-18 09:48:21,1755.65,332207
2021-06-18 09:48:22,1755.65,332209
2021-06-18 09:48:23,1755.65,332209
2021-06-18 09:48:24,1756.65,333161
2021-06-18 09:48:25,1755.8,333303
2021-06-18 09:48:26,1755.8,333303
2021-06-18 09:48:26,1755.8,333303
2021-06-18 09:48:27,1755.6,333396
2021-06-18 09:48:28,1755.85,333411
2021-06-18 09:48:29,1755.95,333461
2021-06-18 09:48:32,1755.7,333629
2021-06-18 09:48:33,1755.7,333629
2021-06-18 09:48:34,1755.7,333629
2021-06-18 09:48:35,1755.95,333653
2021-06-18 09:48:36,1755.95,333728
2021-06-18 09:48:37,1755.95,333748
2021-06-18 09:48:38,1755.7,333813
2021-06-18 09:48:38,1755.7,333813
2021-06-18 09:48:39,1756.0,333963
2021-06-18 09:48:40,1755.1,334563
2021-06-18 09:48:41,1754.75,334735
2021-06-18 09:48:42,1755.95,334766
2021-06-18 09:48:43,1755.95,334766
2021-06-18 09:48:44,1755.95,334766
2021-06-18 09:48:45,1756.05,334776
2021-06-18 09:48:46,1755.6,334852
2021-06-18 09:48:47,1754.75,334867
2021-06-18 09:48:49,1754.75,334867
2021-06-18 09:48:50,1755.4,334868
2021-06-18 09:48:51,1755.4,334868
2021-06-18 09:48:52,1755.35,334869
2021-06-18 09:48:53,1755.35,334869
2021-06-18 09:48:54,1755.35,334869
2021-06-18 09:48:55,1755.35,334869
2021-06-18 09:48:58,1755.3,334932
2021-06-18 09:48:59,1755.3,334949
2021-06-18 09:49:00,1755.35,335121
2021-06-18 09:49:01,1754.75,335222
2021-06-18 09:49:01,1754.75,335222
2021-06-18 09:49:03,1754.7,335302
2021-06-18 09:49:04,1755.0,335424
2021-06-18 09:49:05,1755.0,335424
2021-06-18 09:49:05,1755.0,335424
2021-06-18 09:49:06,1754.15,335524
2021-06-18 09:49:08,1755.4,335650
2021-06-18 09:49:09,1755.4,335650
2021-06-18 09:49:10,1755.7,335702
2021-06-18 09:49:11,1756.15,335705
2021-06-18 09:49:12,1755.6,335730
2021-06-18 09:49:12,1755.6,335730
2021-06-18 09:49:13,1755.6,335730
2021-06-18 09:49:14,1755.95,335732
2021-06-18 09:49:16,1755.95,335732
2021-06-18 09:49:17,1755.8,335781
2021-06-18 09:49:18,1755.8,335781
2021-06-18 09:49:20,1755.9,335890
2021-06-18 09:49:21,1755.9,335890
2021-06-18 09:49:22,1755.9,335890
2021-06-18 09:49:23,1755.9,335890
2021-06-18 09:49:24,1755.45,335905
2021-06-18 09:49:25,1755.45,335905
2021-06-18 09:49:26,1755.95,335907
2021-06-18 09:49:27,1755.95,335922
2021-06-18 09:49:28,1755.95,335968
2021-06-18 09:49:29,1755.95,335968
2021-06-18 09:49:30,1755.95,335968
2021-06-18 09:49:31,1755.95,335973
2021-06-18 09:49:32,1755.75,335979
2021-06-18 09:49:33,1755.95,336005
2021-06-18 09:49:35,1755.9,336016
2021-06-18 09:49:34,1755.9,336016
2021-06-18 09:49:36,1756.35,336476
2021-06-18 09:49:37,1757.0,336538
2021-06-18 09:49:38,1757.0,336560
2021-06-18 09:49:39,1756.55,336739
2021-06-18 09:49:40,1756.95,336742
2021-06-18 09:49:41,1756.95,336873
2021-06-18 09:49:42,1756.95,336923
2021-06-18 09:49:44,1757.7,337882
2021-06-18 09:49:45,1757.55,338017
2021-06-18 09:49:46,1757.55,338017
2021-06-18 09:49:47,1757.55,338017
2021-06-18 09:49:48,1757.9,338018
2021-06-18 09:49:49,1757.55,338019
2021-06-18 09:49:51,1758.1,338222
2021-06-18 09:49:52,1758.2,338299
2021-06-18 09:49:53,1757.8,338300
2021-06-18 09:49:54,1757.8,338300
2021-06-18 09:49:55,1757.8,338300
2021-06-18 09:49:56,1757.8,338300
2021-06-18 09:49:57,1757.35,338709
2021-06-18 09:49:59,1757.55,338814
2021-06-18 09:50:00,1757.2,339312
2021-06-18 09:50:01,1757.7,339430
2021-06-18 09:50:02,1757.7,339430
2021-06-18 09:50:03,1757.7,339430
2021-06-18 09:50:04,1757.8,339931
2021-06-18 09:50:05,1757.8,339931
2021-06-18 09:50:06,1757.75,340084
2021-06-18 09:50:07,1757.75,340084
2021-06-18 09:50:08,1757.75,340114
2021-06-18 09:50:09,1757.75,340114
2021-06-18 09:50:10,1757.75,340114
2021-06-18 09:50:11,1757.2,340376
2021-06-18 09:50:12,1757.85,340643
2021-06-18 09:50:14,1757.7,340649
2021-06-18 09:50:15,1757.7,340649
2021-06-18 09:50:16,1757.7,340649
2021-06-18 09:50:17,1757.7,340649
2021-06-18 09:50:18,1757.65,340675
2021-06-18 09:50:19,1757.65,340676
2021-06-18 09:50:20,1757.65,340690
2021-06-18 09:50:21,1758.5,343292
2021-06-18 09:50:22,1759.7,343335
2021-06-18 09:50:23,1759.7,343340
2021-06-18 09:50:24,1759.7,343342
2021-06-18 09:50:25,1759.7,343342
2021-06-18 09:50:26,1759.65,343719
2021-06-18 09:50:27,1759.85,344050
2021-06-18 09:50:28,1759.85,344050
2021-06-18 09:50:29,1759.85,344050
2021-06-18 09:50:30,1759.95,344060
2021-06-18 09:50:31,1759.95,344101
2021-06-18 09:50:32,1760.0,344141
2021-06-18 09:50:33,1760.0,344141
2021-06-18 09:50:34,1759.05,345045
2021-06-18 09:50:35,1759.5,345071
2021-06-18 09:50:36,1759.4,345171
2021-06-18 09:50:37,1759.4,345171
2021-06-18 09:50:38,1759.8,345227
2021-06-18 09:50:39,1760.0,345252
2021-06-18 09:50:40,1760.0,345252
2021-06-18 09:50:41,1760.0,345303
2021-06-18 09:50:42,1759.25,345309
2021-06-18 09:50:43,1759.95,345390
2021-06-18 09:50:44,1760.0,345513
2021-06-18 09:50:45,1760.0,345513
2021-06-18 09:50:46,1759.35,345550
2021-06-18 09:50:47,1759.35,345550
2021-06-18 09:50:48,1759.9,345607
2021-06-18 09:50:49,1759.9,345607
2021-06-18 09:50:50,1759.9,345607
2021-06-18 09:50:51,1759.9,345607
2021-06-18 09:50:52,1759.9,345617
2021-06-18 09:50:53,1759.9,345626
2021-06-18 09:50:54,1759.25,345668
2021-06-18 09:50:55,1759.25,345668
2021-06-18 09:50:56,1759.25,345668
2021-06-18 09:50:57,1759.7,345753
2021-06-18 09:50:58,1759.6,345784
2021-06-18 09:50:59,1759.6,345784
2021-06-18 09:51:00,1759.9,345788
2021-06-18 09:51:01,1759.9,345802
2021-06-18 09:51:02,1759.9,345803
2021-06-18 09:51:03,1759.9,345804
2021-06-18 09:51:04,1759.9,345804
2021-06-18 09:51:05,1759.85,345855
2021-06-18 09:51:06,1759.9,345872
2021-06-18 09:51:07,1759.9,345877
2021-06-18 09:51:08,1759.9,345877
2021-06-18 09:51:09,1759.9,345897
2021-06-18 09:51:11,1759.9,346349
2021-06-18 09:51:12,1760.8,347292
2021-06-18 09:51:13,1760.8,347372
2021-06-18 09:51:14,1760.1,347682
2021-06-18 09:51:15,1760.55,347747
2021-06-18 09:51:16,1760.55,347747
2021-06-18 09:51:17,1760.95,348037
2021-06-18 09:51:18,1760.8,348134
2021-06-18 09:51:19,1760.1,348234
2021-06-18 09:51:20,1760.25,348284
2021-06-18 09:51:21,1760.25,348284
2021-06-18 09:51:22,1760.15,348299
2021-06-18 09:51:24,1760.2,348373
2021-06-18 09:51:25,1760.05,348413
2021-06-18 09:51:26,1759.95,348563
2021-06-18 09:51:27,1759.9,348823
2021-06-18 09:51:28,1759.95,348906
2021-06-18 09:51:29,1759.95,348906
2021-06-18 09:51:30,1759.95,348906
2021-06-18 09:51:31,1759.95,348906
2021-06-18 09:51:32,1760.05,348931
2021-06-18 09:51:33,1760.05,348931
2021-06-18 09:51:34,1760.05,348931
2021-06-18 09:51:36,1759.8,348967
2021-06-18 09:51:37,1759.8,348967
2021-06-18 09:51:37,1759.8,348967
2021-06-18 09:51:38,1759.8,348967
2021-06-18 09:51:39,1759.8,348967
2021-06-18 09:51:40,1759.8,348967
2021-06-18 09:51:41,1759.8,348967
2021-06-18 09:51:42,1759.8,348967
2021-06-18 09:51:43,1759.8,348967
2021-06-18 09:51:44,1759.8,348967
2021-06-18 09:51:45,1759.65,348981
2021-06-18 09:51:46,1759.7,349012
2021-06-18 09:51:47,1759.7,349012
2021-06-18 09:51:49,1759.65,349030
2021-06-18 09:51:50,1759.65,349030
2021-06-18 09:51:51,1759.65,349030
2021-06-18 09:51:52,1759.65,349030
2021-06-18 09:51:52,1759.65,349030
2021-06-18 09:51:53,1758.7,349228
2021-06-18 09:51:54,1759.0,349233
2021-06-18 09:51:55,1759.0,349233
2021-06-18 09:51:56,1759.0,349233
2021-06-18 09:51:58,1759.0,349233
2021-06-18 09:51:59,1759.0,349233
2021-06-18 09:51:59,1759.0,349233
2021-06-18 09:52:00,1759.0,349253
2021-06-18 09:52:01,1759.0,349253
2021-06-18 09:52:02,1759.0,349253
2021-06-18 09:52:03,1759.0,349253
2021-06-18 09:52:04,1759.0,349253
2021-06-18 09:52:05,1758.9,349263
2021-06-18 09:52:06,1758.9,349276
2021-06-18 09:52:08,1758.8,349280
2021-06-18 09:52:09,1758.0,349390
2021-06-18 09:52:10,1758.0,349390
2021-06-18 09:52:12,1758.0,349390
2021-06-18 09:52:13,1758.8,349391
2021-06-18 09:52:13,1758.8,349391
2021-06-18 09:52:14,1758.7,349412
2021-06-18 09:52:15,1758.5,349413
2021-06-18 09:52:16,1758.2,349414
2021-06-18 09:52:17,1758.35,349424
2021-06-18 09:52:18,1757.3,349599
2021-06-18 09:52:19,1758.0,349629
2021-06-18 09:52:21,1757.95,349631
2021-06-18 09:52:21,1757.95,349631
2021-06-18 09:52:23,1757.95,349631
2021-06-18 09:52:23,1757.95,349631
2021-06-18 09:52:24,1757.0,349745
2021-06-18 09:52:25,1757.0,349745
2021-06-18 09:52:27,1756.0,349845
2021-06-18 09:52:28,1756.0,349845
2021-06-18 09:52:30,1756.0,349845
2021-06-18 09:52:30,1756.0,349845
2021-06-18 09:52:31,1756.0,349845
2021-06-18 09:52:32,1757.0,349865
2021-06-18 09:52:33,1757.0,349865
2021-06-18 09:52:34,1756.65,349870
2021-06-18 09:52:35,1756.65,349872
2021-06-18 09:52:36,1756.65,349872
2021-06-18 09:52:37,1756.1,350144
2021-06-18 09:52:38,1756.9,350145
2021-06-18 09:52:39,1756.7,350148
2021-06-18 09:52:40,1756.7,350214
2021-06-18 09:52:42,1756.7,350214
2021-06-18 09:52:43,1756.0,350403
2021-06-18 09:52:44,1756.35,350418
2021-06-18 09:52:47,1756.5,350452
2021-06-18 09:52:50,1756.5,350462
2021-06-18 09:52:51,1756.05,350562
2021-06-18 09:52:52,1756.05,350562
2021-06-18 09:52:53,1756.05,350562
2021-06-18 09:52:55,1755.45,353657
2021-06-18 09:52:56,1755.7,354437
2021-06-18 09:52:56,1755.7,354437
2021-06-18 09:52:57,1755.7,354437
2021-06-18 09:52:58,1755.7,354437
2021-06-18 09:52:59,1755.5,354479
2021-06-18 09:53:01,1755.8,355073
2021-06-18 09:53:01,1756.25,355103
2021-06-18 09:53:02,1756.85,355227
2021-06-18 09:53:03,1756.85,355227
2021-06-18 09:53:04,1756.9,355288
2021-06-18 09:53:05,1756.9,355288
2021-06-18 09:53:06,1756.2,355388
2021-06-18 09:53:07,1756.3,355419
2021-06-18 09:53:08,1756.3,355419
2021-06-18 09:53:09,1756.2,355431
2021-06-18 09:53:10,1757.0,355531
2021-06-18 09:53:11,1756.2,355616
2021-06-18 09:53:12,1756.2,355616
2021-06-18 09:53:14,1756.2,355616
2021-06-18 09:53:14,1756.2,355616
2021-06-18 09:53:15,1757.05,355642
2021-06-18 09:53:16,1756.3,355668
2021-06-18 09:53:17,1756.3,355668
2021-06-18 09:53:18,1756.3,355668
2021-06-18 09:53:19,1755.9,355718
2021-06-18 09:53:20,1755.9,355718
2021-06-18 09:53:21,1755.9,355718
2021-06-18 09:53:22,1755.9,355718
2021-06-18 09:53:23,1755.9,355769
2021-06-18 09:53:24,1755.9,355769
2021-06-18 09:53:25,1756.3,355919
2021-06-18 09:53:26,1756.3,355919
2021-06-18 09:53:27,1756.4,356419
2021-06-18 09:53:28,1756.4,356419
2021-06-18 09:53:29,1756.3,356642
2021-06-18 09:53:30,1756.75,356647
2021-06-18 09:53:31,1756.75,356647
2021-06-18 09:53:32,1755.95,356902
2021-06-18 09:53:33,1755.15,356955
2021-06-18 09:53:34,1755.15,356955
2021-06-18 09:53:35,1755.95,357105
2021-06-18 09:53:36,1756.05,357614
2021-06-18 09:53:37,1756.05,357614
2021-06-18 09:53:38,1756.05,357916
2021-06-18 09:53:39,1756.2,357966
2021-06-18 09:53:40,1755.85,358011
2021-06-18 09:53:41,1755.85,358011
2021-06-18 09:53:42,1756.65,358012
2021-06-18 09:53:43,1756.65,358012
2021-06-18 09:53:45,1756.1,358063
2021-06-18 09:53:46,1756.1,358063
2021-06-18 09:53:47,1756.1,358063
2021-06-18 09:53:47,1756.1,358063
2021-06-18 09:53:48,1756.1,358063
2021-06-18 09:53:49,1756.1,358063
2021-06-18 09:53:50,1756.0,358313
2021-06-18 09:53:51,1756.0,358313
2021-06-18 09:53:52,1756.0,358728
2021-06-18 09:53:54,1756.0,359128
2021-06-18 09:53:55,1756.15,359171
2021-06-18 09:53:56,1756.65,359318
2021-06-18 09:53:57,1756.65,359318
2021-06-18 09:53:58,1756.65,359318
2021-06-18 09:53:59,1756.9,359332
2021-06-18 09:54:00,1757.0,359465
2021-06-18 09:54:01,1757.1,359466
2021-06-18 09:54:02,1756.45,359502
2021-06-18 09:54:03,1756.45,359512
2021-06-18 09:54:04,1756.45,359512
2021-06-18 09:54:05,1756.45,359547
2021-06-18 09:54:06,1756.45,359548
2021-06-18 09:54:07,1756.45,359548
2021-06-18 09:54:08,1756.95,359574
2021-06-18 09:54:09,1756.95,359620
2021-06-18 09:54:10,1756.6,359641
2021-06-18 09:54:11,1756.6,359663
2021-06-18 09:54:12,1756.8,359688
2021-06-18 09:54:13,1756.45,359732
2021-06-18 09:54:14,1756.45,359732
2021-06-18 09:54:16,1756.9,359759
2021-06-18 09:54:16,1756.5,359785
2021-06-18 09:54:17,1756.05,359835
2021-06-18 09:54:18,1756.05,359835
2021-06-18 09:54:19,1756.05,359835
2021-06-18 09:54:21,1756.5,359898
2021-06-18 09:54:22,1756.5,359898
2021-06-18 09:54:23,1756.5,359900
2021-06-18 09:54:23,1756.5,359900
2021-06-18 09:54:24,1756.5,359910
2021-06-18 09:54:25,1756.45,359915
2021-06-18 09:54:26,1756.15,359917
2021-06-18 09:54:27,1756.15,359920
2021-06-18 09:54:28,1756.15,359920
2021-06-18 09:54:29,1756.2,359950
2021-06-18 09:54:30,1756.2,359950
2021-06-18 09:54:31,1756.2,359950
2021-06-18 09:54:32,1756.2,359950
2021-06-18 09:54:33,1756.2,359950
2021-06-18 09:54:34,1756.2,359950
2021-06-18 09:54:35,1756.2,359950
2021-06-18 09:54:36,1756.2,359950
2021-06-18 09:54:37,1756.5,359953
2021-06-18 09:54:38,1756.5,359975
2021-06-18 09:54:39,1756.45,359985
2021-06-18 09:54:40,1756.5,359987
2021-06-18 09:54:41,1756.5,359987
2021-06-18 09:54:42,1756.5,360357
2021-06-18 09:54:43,1756.5,360357
2021-06-18 09:54:44,1757.2,360477
2021-06-18 09:54:45,1757.25,360519
2021-06-18 09:54:46,1757.6,360778
2021-06-18 09:54:47,1758.25,360836
2021-06-18 09:54:48,1758.25,360836
2021-06-18 09:54:49,1758.25,360836
2021-06-18 09:54:50,1758.2,360870
2021-06-18 09:54:51,1758.2,360870
2021-06-18 09:54:53,1756.75,360878
2021-06-18 09:54:54,1756.7,360908
2021-06-18 09:54:55,1756.7,360908
2021-06-18 09:54:56,1756.7,360908
2021-06-18 09:54:57,1756.7,360908
2021-06-18 09:54:58,1756.7,360908
2021-06-18 09:54:59,1756.2,360951
2021-06-18 09:55:00,1756.7,361066
2021-06-18 09:55:02,1755.45,362576
2021-06-18 09:55:02,1755.45,362576
2021-06-18 09:55:03,1755.4,362578
2021-06-18 09:55:04,1755.45,362588
2021-06-18 09:55:05,1755.45,362588
2021-06-18 09:55:06,1755.5,362725
2021-06-18 09:55:07,1755.5,362727
2021-06-18 09:55:09,1755.5,362728
2021-06-18 09:55:08,1755.5,362727
2021-06-18 09:55:10,1755.5,362728
2021-06-18 09:55:11,1754.05,363359
2021-06-18 09:55:12,1755.2,363567
2021-06-18 09:55:14,1755.15,363748
2021-06-18 09:55:13,1755.15,363748
2021-06-18 09:55:15,1755.15,363748
2021-06-18 09:55:16,1755.45,363974
2021-06-18 09:55:17,1755.45,363974
2021-06-18 09:55:18,1755.7,364165
2021-06-18 09:55:19,1755.7,364165
2021-06-18 09:55:20,1755.7,364165
2021-06-18 09:55:21,1755.7,364165
2021-06-18 09:55:22,1755.7,364165
2021-06-18 09:55:23,1755.15,364389
2021-06-18 09:55:24,1755.45,364451
2021-06-18 09:55:27,1754.7,365196
2021-06-18 09:55:29,1755.5,365256
2021-06-18 09:55:29,1755.5,365256
2021-06-18 09:55:30,1755.2,365281
2021-06-18 09:55:31,1755.85,365299
2021-06-18 09:55:32,1755.15,365322
2021-06-18 09:55:33,1755.0,365348
2021-06-18 09:55:35,1754.85,365383
2021-06-18 09:55:36,1754.85,365383
2021-06-18 09:55:37,1754.85,365383
2021-06-18 09:55:38,1754.85,365383
2021-06-18 09:55:38,1755.3,365394
2021-06-18 09:55:39,1755.45,365526
2021-06-18 09:55:40,1756.4,365531
2021-06-18 09:55:41,1756.3,365717
2021-06-18 09:55:42,1756.2,365745
2021-06-18 09:55:43,1756.2,365813
2021-06-18 09:55:44,1756.2,365813
2021-06-18 09:55:45,1755.45,365856
2021-06-18 09:55:46,1755.45,365869
2021-06-18 09:55:47,1755.45,365872
2021-06-18 09:55:48,1755.45,365872
2021-06-18 09:55:49,1755.65,365874
2021-06-18 09:55:50,1755.65,365874
2021-06-18 09:55:52,1755.65,365884
2021-06-18 09:55:53,1755.65,365884
2021-06-18 09:55:54,1754.8,365910
2021-06-18 09:55:56,1754.25,365930
2021-06-18 09:55:55,1754.25,365930
2021-06-18 09:55:57,1754.25,365930
2021-06-18 09:55:58,1755.1,366154
2021-06-18 09:55:58,1755.1,366154
2021-06-18 09:56:00,1755.2,366196
2021-06-18 09:56:01,1755.2,366196
2021-06-18 09:56:02,1755.35,366210
2021-06-18 09:56:03,1755.35,366210
2021-06-18 09:56:04,1755.8,366215
2021-06-18 09:56:05,1755.8,366215
2021-06-18 09:56:06,1755.8,366215
2021-06-18 09:56:07,1755.8,366215
2021-06-18 09:56:08,1755.45,366223
2021-06-18 09:56:09,1755.45,366223
2021-06-18 09:56:10,1755.6,366240
2021-06-18 09:56:13,1754.05,367015
2021-06-18 09:56:14,1754.8,367030
2021-06-18 09:56:15,1754.3,367060
2021-06-18 09:56:16,1754.3,367060
2021-06-18 09:56:17,1754.3,367130
2021-06-18 09:56:18,1754.0,367140
2021-06-18 09:56:19,1754.0,367140
2021-06-18 09:56:20,1754.45,367240
2021-06-18 09:56:21,1754.45,367240
2021-06-18 09:56:22,1754.45,367240
2021-06-18 09:56:23,1754.6,367257
2021-06-18 09:56:24,1754.6,367257
2021-06-18 09:56:25,1754.6,367257
2021-06-18 09:56:26,1754.25,367269
2021-06-18 09:56:27,1754.25,367269
2021-06-18 09:56:28,1754.4,367366
2021-06-18 09:56:29,1754.25,367376
2021-06-18 09:56:30,1754.55,367399
2021-06-18 09:56:32,1754.55,367509
2021-06-18 09:56:33,1755.1,367668
2021-06-18 09:56:34,1755.1,367668
2021-06-18 09:56:35,1755.1,367668
2021-06-18 09:56:36,1755.4,367724
2021-06-18 09:56:38,1755.4,367724
2021-06-18 09:56:39,1755.05,367753
2021-06-18 09:56:40,1755.05,367753
2021-06-18 09:56:40,1755.85,368124
2021-06-18 09:56:42,1755.3,368174
2021-06-18 09:56:43,1755.5,368215
2021-06-18 09:56:43,1756.15,368356
2021-06-18 09:56:44,1756.05,368562
2021-06-18 09:56:45,1756.05,368562
2021-06-18 09:56:46,1756.05,368562
2021-06-18 09:56:47,1755.7,368579
2021-06-18 09:56:48,1755.7,368579
2021-06-18 09:56:49,1755.35,368751
2021-06-18 09:56:50,1755.05,368818
2021-06-18 09:56:51,1755.05,368818
2021-06-18 09:56:52,1755.05,368818
2021-06-18 09:56:53,1755.05,368818
2021-06-18 09:56:55,1755.05,368818
2021-06-18 09:56:56,1755.05,368863
2021-06-18 09:56:57,1755.1,368923
2021-06-18 09:56:58,1755.1,368923
2021-06-18 09:56:59,1755.1,368923
2021-06-18 09:57:00,1755.1,369018
2021-06-18 09:57:00,1755.05,369096
2021-06-18 09:57:02,1755.0,369132
2021-06-18 09:57:03,1754.5,369138
2021-06-18 09:57:04,1754.5,369140
2021-06-18 09:57:05,1754.6,369385
2021-06-18 09:57:06,1754.6,369385
2021-06-18 09:57:07,1754.6,369385
2021-06-18 09:57:08,1754.4,369386
2021-06-18 09:57:09,1754.0,369440
2021-06-18 09:57:10,1754.0,369470
2021-06-18 09:57:12,1753.4,369486
2021-06-18 09:57:13,1754.0,369990
2021-06-18 09:57:14,1753.4,370039
2021-06-18 09:57:15,1753.35,370170
2021-06-18 09:57:16,1752.4,371052
2021-06-18 09:57:17,1752.3,371075
2021-06-18 09:57:18,1753.4,371443
2021-06-18 09:57:19,1752.85,371535
2021-06-18 09:57:20,1753.2,371545
2021-06-18 09:57:21,1753.5,371592
2021-06-18 09:57:22,1753.85,371652
2021-06-18 09:57:23,1754.05,371654
2021-06-18 09:57:24,1754.1,371655
2021-06-18 09:57:25,1753.9,371680
2021-06-18 09:57:26,1753.0,371684
2021-06-18 09:57:27,1753.0,371689
2021-06-18 09:57:27,1753.0,371693
2021-06-18 09:57:29,1752.9,371739
2021-06-18 09:57:30,1753.2,371786
2021-06-18 09:57:31,1753.2,371786
2021-06-18 09:57:33,1752.9,371816
2021-06-18 09:57:34,1753.2,371817
2021-06-18 09:57:35,1753.2,371850
2021-06-18 09:57:36,1753.0,371852
2021-06-18 09:57:37,1753.0,371923
2021-06-18 09:57:38,1752.95,371975
2021-06-18 09:57:39,1753.0,371999
2021-06-18 09:57:40,1753.0,372030
2021-06-18 09:57:41,1753.25,372187
2021-06-18 09:57:42,1752.9,372197
2021-06-18 09:57:43,1753.25,372198
2021-06-18 09:57:44,1753.25,372198
2021-06-18 09:57:45,1752.95,372365
2021-06-18 09:57:46,1752.0,372676
2021-06-18 09:57:47,1752.0,372676
2021-06-18 09:57:48,1752.0,372676
2021-06-18 09:57:49,1752.3,372780
2021-06-18 09:57:51,1752.3,372781
2021-06-18 09:57:52,1752.0,372816
2021-06-18 09:57:53,1752.0,372876
2021-06-18 09:57:54,1752.0,372899
2021-06-18 09:57:55,1752.25,372906
2021-06-18 09:57:56,1752.25,372906
2021-06-18 09:57:57,1752.3,372908
2021-06-18 09:57:57,1752.3,372908
2021-06-18 09:57:58,1752.3,373263
2021-06-18 09:57:59,1752.8,373305
2021-06-18 09:58:00,1753.25,373311
2021-06-18 09:58:02,1753.25,373311
2021-06-18 09:58:03,1753.5,373346
2021-06-18 09:58:04,1753.35,373426
2021-06-18 09:58:05,1753.35,373426
2021-06-18 09:58:06,1754.0,373480
2021-06-18 09:58:07,1754.7,373576
2021-06-18 09:58:08,1754.65,373612
2021-06-18 09:58:09,1754.65,373612
2021-06-18 09:58:10,1754.65,374722
2021-06-18 09:58:11,1754.65,375125
2021-06-18 09:58:13,1753.55,375135
2021-06-18 09:58:14,1755.0,375447
2021-06-18 09:58:15,1754.5,375624
2021-06-18 09:58:16,1754.85,375625
2021-06-18 09:58:17,1755.35,375635
2021-06-18 09:58:18,1755.55,375646
2021-06-18 09:58:19,1755.55,375646
2021-06-18 09:58:20,1755.35,375725
2021-06-18 09:58:21,1755.35,375725
2021-06-18 09:58:22,1755.0,376887
2021-06-18 09:58:23,1755.0,376917
2021-06-18 09:58:24,1755.0,377006
2021-06-18 09:58:24,1754.8,377026
2021-06-18 09:58:26,1754.75,377041
2021-06-18 09:58:27,1754.3,377053
2021-06-18 09:58:28,1754.7,377110
2021-06-18 09:58:29,1755.0,377115
2021-06-18 09:58:30,1755.65,379030
2021-06-18 09:58:31,1755.8,379442
2021-06-18 09:58:32,1755.25,380146
2021-06-18 09:58:33,1755.85,380209
2021-06-18 09:58:34,1755.85,380311
2021-06-18 09:58:35,1755.85,380311
2021-06-18 09:58:36,1756.15,380378
2021-06-18 09:58:37,1756.1,380550
2021-06-18 09:58:38,1756.05,380794
2021-06-18 09:58:38,1756.0,380900
2021-06-18 09:58:39,1755.45,381036
2021-06-18 09:58:41,1755.15,381175
2021-06-18 09:58:42,1755.15,381197
2021-06-18 09:58:43,1755.0,381225
2021-06-18 09:58:45,1755.0,381225
2021-06-18 09:58:46,1753.85,381385
2021-06-18 09:58:47,1753.85,381385
2021-06-18 09:58:48,1753.85,381385
2021-06-18 09:58:49,1753.6,381390
2021-06-18 09:58:50,1753.15,381415
2021-06-18 09:58:51,1753.15,381415
2021-06-18 09:58:52,1754.0,381541
2021-06-18 09:58:54,1754.0,381541
2021-06-18 09:58:55,1754.0,381541
2021-06-18 09:58:56,1755.55,382041
2021-06-18 09:58:57,1755.55,382041
2021-06-18 09:58:58,1754.05,382066
2021-06-18 09:58:59,1754.1,382143
2021-06-18 09:58:59,1754.1,382143
2021-06-18 09:59:00,1754.1,382143
2021-06-18 09:59:02,1754.6,382245
2021-06-18 09:59:03,1754.6,382245
2021-06-18 09:59:04,1754.45,382283
2021-06-18 09:59:05,1753.2,382837
2021-06-18 09:59:06,1752.75,382959
2021-06-18 09:59:07,1752.8,383089
2021-06-18 09:59:08,1752.8,383089
2021-06-18 09:59:09,1751.7,384334
2021-06-18 09:59:10,1751.55,384734
2021-06-18 09:59:11,1751.0,384873
2021-06-18 09:59:12,1750.0,386910
2021-06-18 09:59:13,1750.15,387870
2021-06-18 09:59:14,1750.2,387878
2021-06-18 09:59:15,1750.5,387996
2021-06-18 09:59:15,1750.45,387991
2021-06-18 09:59:16,1750.2,390705
2021-06-18 09:59:18,1749.0,397824
2021-06-18 09:59:20,1749.0,397935
2021-06-18 09:59:21,1749.0,397941
2021-06-18 09:59:22,1749.0,397948
2021-06-18 09:59:23,1749.55,398052
2021-06-18 09:59:24,1749.2,398142
2021-06-18 09:59:25,1749.15,398303
2021-06-18 09:59:26,1749.05,398328
2021-06-18 09:59:27,1748.6,398329
2021-06-18 09:59:28,1749.3,398531
2021-06-18 09:59:29,1748.6,402086
2021-06-18 09:59:30,1748.6,403981
2021-06-18 09:59:31,1748.7,404521
2021-06-18 09:59:32,1748.95,404921
2021-06-18 09:59:33,1748.95,404921
2021-06-18 09:59:34,1748.75,405133
2021-06-18 09:59:35,1748.85,405335
2021-06-18 09:59:35,1748.2,405871
2021-06-18 09:59:36,1748.8,406241
2021-06-18 09:59:38,1748.7,406248
2021-06-18 09:59:39,1748.25,407310
2021-06-18 09:59:40,1747.95,407692
2021-06-18 09:59:41,1748.75,407762
2021-06-18 09:59:42,1748.05,407764
2021-06-18 09:59:43,1748.55,407878
2021-06-18 09:59:44,1748.0,407978
2021-06-18 09:59:44,1748.05,407982
2021-06-18 09:59:46,1747.95,408576
2021-06-18 09:59:46,1747.95,408576
2021-06-18 09:59:48,1748.8,409089
2021-06-18 09:59:49,1749.0,409100
2021-06-18 09:59:51,1749.1,409300
2021-06-18 09:59:53,1749.1,409300
2021-06-18 09:59:54,1749.8,409487
2021-06-18 09:59:55,1749.9,409556
2021-06-18 09:59:56,1749.2,409804
2021-06-18 09:59:57,1749.3,409870
2021-06-18 09:59:58,1750.0,410153
2021-06-18 10:00:00,1750.2,410374
2021-06-18 10:00:01,1750.05,410406
2021-06-18 10:00:02,1749.6,410512
2021-06-18 10:00:03,1749.75,410656
2021-06-18 10:00:04,1749.65,410661
2021-06-18 10:00:05,1749.7,410768
2021-06-18 10:00:06,1749.8,410818
2021-06-18 10:00:07,1749.4,410948
2021-06-18 10:00:08,1749.4,410996
2021-06-18 10:00:09,1749.35,411016
2021-06-18 10:00:10,1749.35,411026
2021-06-18 10:00:11,1749.3,411037
2021-06-18 10:00:12,1749.3,411085
2021-06-18 10:00:13,1749.25,411129
2021-06-18 10:00:14,1748.0,411686
2021-06-18 10:00:16,1748.65,411888
2021-06-18 10:00:15,1748.65,411888
2021-06-18 10:00:17,1748.65,411888
2021-06-18 10:00:18,1747.4,412224
2021-06-18 10:00:19,1746.75,412453
2021-06-18 10:00:20,1748.15,412634
2021-06-18 10:00:21,1748.35,412852
2021-06-18 10:00:22,1748.05,412853
2021-06-18 10:00:23,1748.05,412853
2021-06-18 10:00:24,1748.5,413050
2021-06-18 10:00:25,1748.4,413143
2021-06-18 10:00:26,1749.3,413193
2021-06-18 10:00:27,1749.3,413193
2021-06-18 10:00:28,1749.3,413193
2021-06-18 10:00:29,1748.45,413214
2021-06-18 10:00:30,1748.35,413233
2021-06-18 10:00:31,1748.45,413283
2021-06-18 10:00:32,1748.45,413302
2021-06-18 10:00:33,1748.45,413543
2021-06-18 10:00:34,1748.4,413578
2021-06-18 10:00:35,1748.45,413583
2021-06-18 10:00:36,1748.45,413583
2021-06-18 10:00:37,1748.9,413833
2021-06-18 10:00:38,1748.9,413841
2021-06-18 10:00:39,1749.35,413895
2021-06-18 10:00:40,1749.3,414026
2021-06-18 10:00:41,1748.65,414103
2021-06-18 10:00:42,1748.65,414103
2021-06-18 10:00:43,1748.65,414103
2021-06-18 10:00:44,1748.65,414103
2021-06-18 10:00:45,1748.65,414103
2021-06-18 10:00:46,1748.95,414131
2021-06-18 10:00:47,1748.95,414131
2021-06-18 10:00:48,1748.65,414361
2021-06-18 10:00:49,1748.65,414445
2021-06-18 10:00:50,1748.65,414452
2021-06-18 10:00:51,1748.65,414544
2021-06-18 10:00:52,1749.3,414649
2021-06-18 10:00:53,1749.3,414649
2021-06-18 10:00:54,1748.75,414650
2021-06-18 10:00:55,1748.75,414650
2021-06-18 10:00:56,1749.25,414710
2021-06-18 10:00:57,1749.25,414830
2021-06-18 10:00:58,1749.0,414835
2021-06-18 10:00:59,1749.25,414984
2021-06-18 10:01:00,1749.15,414996
2021-06-18 10:01:01,1749.35,415201
2021-06-18 10:01:03,1749.45,415281
2021-06-18 10:01:02,1749.35,415215
2021-06-18 10:01:04,1749.6,415284
2021-06-18 10:01:05,1749.45,415322
2021-06-18 10:01:06,1749.6,415368
2021-06-18 10:01:07,1749.7,415606
2021-06-18 10:01:08,1750.0,415694
2021-06-18 10:01:09,1750.0,415741
2021-06-18 10:01:10,1750.2,416597
2021-06-18 10:01:11,1750.2,416597
2021-06-18 10:01:12,1750.2,417134
2021-06-18 10:01:13,1750.2,417134
2021-06-18 10:01:14,1750.05,417149
2021-06-18 10:01:15,1750.2,417251
2021-06-18 10:01:16,1750.0,417267
2021-06-18 10:01:17,1750.0,417267
2021-06-18 10:01:18,1750.0,417267
2021-06-18 10:01:20,1750.0,417267
2021-06-18 10:01:21,1749.85,417317
2021-06-18 10:01:22,1749.85,417317
2021-06-18 10:01:23,1749.95,417417
2021-06-18 10:01:24,1749.55,417617
2021-06-18 10:01:25,1750.0,417709
2021-06-18 10:01:26,1749.75,417925
2021-06-18 10:01:28,1750.0,418228
2021-06-18 10:01:29,1751.15,418353
2021-06-18 10:01:31,1750.75,418455
2021-06-18 10:01:32,1750.35,418933
2021-06-18 10:01:33,1750.35,418933
2021-06-18 10:01:34,1750.0,418982
2021-06-18 10:01:35,1749.85,419411
2021-06-18 10:01:36,1749.9,419421
2021-06-18 10:01:38,1750.0,419625
2021-06-18 10:01:39,1750.0,419625
2021-06-18 10:01:40,1749.45,419710
2021-06-18 10:01:41,1749.45,419710
2021-06-18 10:01:42,1750.0,419712
2021-06-18 10:01:43,1750.0,419908
2021-06-18 10:01:44,1750.0,420001
2021-06-18 10:01:45,1750.0,420001
2021-06-18 10:01:46,1750.6,420106
2021-06-18 10:01:47,1750.4,420116
2021-06-18 10:01:48,1750.4,420116
2021-06-18 10:01:49,1751.1,420189
2021-06-18 10:01:50,1751.1,420189
2021-06-18 10:01:51,1751.1,420189
2021-06-18 10:01:52,1750.15,420234
2021-06-18 10:01:54,1750.85,420338
2021-06-18 10:01:55,1750.85,420396
2021-06-18 10:01:56,1750.9,420438
2021-06-18 10:01:57,1750.9,420438
2021-06-18 10:01:58,1750.1,420751
2021-06-18 10:01:59,1750.1,420776
2021-06-18 10:02:00,1750.3,420995
2021-06-18 10:02:01,1750.1,421502
2021-06-18 10:02:02,1750.5,421696
2021-06-18 10:02:03,1750.25,421800
2021-06-18 10:02:05,1750.0,422012
2021-06-18 10:02:06,1750.0,422217
2021-06-18 10:02:07,1750.4,422577
2021-06-18 10:02:08,1750.35,422678
2021-06-18 10:02:09,1750.95,422719
2021-06-18 10:02:10,1750.95,422775
2021-06-18 10:02:12,1750.8,422859
2021-06-18 10:02:13,1749.8,423225
2021-06-18 10:02:14,1749.8,423225
2021-06-18 10:02:15,1750.0,423250
2021-06-18 10:02:16,1750.0,423253
2021-06-18 10:02:17,1750.0,423253
2021-06-18 10:02:18,1749.05,423615
2021-06-18 10:02:20,1748.5,423966
2021-06-18 10:02:21,1748.7,424005
2021-06-18 10:02:22,1748.7,424005
2021-06-18 10:02:23,1748.5,424006
2021-06-18 10:02:23,1748.5,424006
2021-06-18 10:02:24,1748.95,424197
2021-06-18 10:02:25,1749.1,424207
2021-06-18 10:02:26,1749.65,424244
2021-06-18 10:02:27,1749.55,424259
2021-06-18 10:02:29,1749.55,424259
2021-06-18 10:02:30,1749.55,424259
2021-06-18 10:02:30,1749.55,424259
2021-06-18 10:02:31,1749.1,424284
2021-06-18 10:02:32,1749.1,424334
2021-06-18 10:02:33,1749.1,424334
2021-06-18 10:02:34,1749.1,424335
2021-06-18 10:02:35,1749.1,424341
2021-06-18 10:02:37,1749.1,424576
2021-06-18 10:02:37,1749.1,424576
2021-06-18 10:02:38,1749.1,424586
2021-06-18 10:02:39,1749.1,424611
2021-06-18 10:02:40,1749.1,424653
2021-06-18 10:02:41,1749.1,429447
2021-06-18 10:02:42,1749.8,429506
2021-06-18 10:02:43,1750.25,429751
2021-06-18 10:02:44,1751.0,429990
2021-06-18 10:02:45,1751.05,429991
2021-06-18 10:02:46,1750.8,430037
2021-06-18 10:02:47,1751.55,430158
2021-06-18 10:02:48,1750.8,430299
2021-06-18 10:02:49,1751.1,432415
2021-06-18 10:02:50,1750.25,432432
2021-06-18 10:02:51,1750.35,432433
2021-06-18 10:02:52,1750.35,432433
2021-06-18 10:02:53,1750.0,432435
2021-06-18 10:02:54,1750.0,432436
2021-06-18 10:02:56,1750.0,432446
2021-06-18 10:02:57,1750.0,432548
2021-06-18 10:02:58,1750.0,432568
2021-06-18 10:02:58,1750.0,432568
2021-06-18 10:02:59,1750.0,432568
2021-06-18 10:03:00,1750.0,432700
2021-06-18 10:03:01,1750.0,432768
2021-06-18 10:03:02,1750.0,432768
2021-06-18 10:03:03,1750.1,432793
2021-06-18 10:03:05,1750.15,433068
2021-06-18 10:03:05,1750.15,433068
2021-06-18 10:03:06,1749.75,433195
2021-06-18 10:03:08,1749.75,433195
2021-06-18 10:03:08,1749.75,433195
2021-06-18 10:03:09,1749.75,433197
2021-06-18 10:03:10,1749.75,433199
2021-06-18 10:03:11,1749.75,433200
2021-06-18 10:03:12,1749.75,433228
2021-06-18 10:03:13,1749.75,433228
2021-06-18 10:03:14,1749.45,433229
2021-06-18 10:03:15,1749.45,433229
2021-06-18 10:03:16,1749.45,433229
2021-06-18 10:03:17,1749.75,433258
2021-06-18 10:03:18,1749.95,433264
2021-06-18 10:03:19,1749.95,433264
2021-06-18 10:03:20,1749.95,433264
2021-06-18 10:03:21,1749.95,433264
2021-06-18 10:03:22,1750.0,433364
2021-06-18 10:03:24,1750.0,433696
2021-06-18 10:03:25,1750.0,433829
2021-06-18 10:03:25,1750.0,433829
2021-06-18 10:03:26,1750.0,433848
2021-06-18 10:03:27,1749.8,434048
2021-06-18 10:03:28,1750.45,434078
2021-06-18 10:03:30,1750.0,434212
2021-06-18 10:03:30,1750.0,434212
2021-06-18 10:03:32,1750.25,434396
2021-06-18 10:03:33,1750.5,434547
2021-06-18 10:03:34,1750.0,434594
2021-06-18 10:03:36,1750.0,434620
2021-06-18 10:03:37,1750.0,434665
2021-06-18 10:03:37,1750.0,434665
2021-06-18 10:03:38,1750.0,434677
2021-06-18 10:03:39,1750.45,434717
2021-06-18 10:03:40,1750.45,434770
2021-06-18 10:03:41,1750.45,434770
2021-06-18 10:03:43,1749.4,436210
2021-06-18 10:03:43,1749.4,436210
2021-06-18 10:03:44,1749.8,436286
2021-06-18 10:03:45,1749.8,436286
2021-06-18 10:03:46,1749.4,436296
2021-06-18 10:03:47,1749.4,436296
2021-06-18 10:03:49,1750.0,436396
2021-06-18 10:03:50,1750.0,436396
2021-06-18 10:03:50,1750.0,436396
2021-06-18 10:03:51,1749.55,436521
2021-06-18 10:03:52,1750.0,436526
2021-06-18 10:03:53,1750.0,436581
2021-06-18 10:03:55,1750.05,436726
2021-06-18 10:03:56,1750.75,436857
2021-06-18 10:03:57,1750.05,436904
2021-06-18 10:03:59,1750.05,436929
2021-06-18 10:03:59,1750.05,437199
2021-06-18 10:04:00,1749.55,438322
2021-06-18 10:04:01,1749.75,438712
2021-06-18 10:04:02,1749.75,438712
2021-06-18 10:04:03,1749.75,438712
2021-06-18 10:04:05,1749.55,438713
2021-06-18 10:04:05,1749.55,438752
2021-06-18 10:04:06,1750.0,438753
2021-06-18 10:04:07,1750.0,438804
2021-06-18 10:04:08,1749.9,438824
2021-06-18 10:04:09,1749.6,438874
2021-06-18 10:04:11,1750.0,438940
2021-06-18 10:04:12,1750.0,438941
2021-06-18 10:04:13,1750.0,438971
2021-06-18 10:04:14,1750.0,438971
2021-06-18 10:04:15,1749.75,438977
2021-06-18 10:04:16,1749.95,439078
2021-06-18 10:04:17,1749.95,439081
2021-06-18 10:04:18,1750.0,439455
2021-06-18 10:04:19,1750.1,439480
2021-06-18 10:04:20,1750.05,439490
2021-06-18 10:04:22,1750.25,439554
2021-06-18 10:04:22,1750.25,439554
2021-06-18 10:04:23,1750.65,439639
2021-06-18 10:04:24,1750.15,439667
2021-06-18 10:04:25,1750.25,439802
2021-06-18 10:04:26,1750.65,439907
2021-06-18 10:04:27,1750.65,439907
2021-06-18 10:04:28,1750.25,439954
2021-06-18 10:04:30,1750.25,439980
2021-06-18 10:04:30,1750.25,439980
2021-06-18 10:04:31,1751.05,440090
2021-06-18 10:04:32,1751.05,440090
2021-06-18 10:04:33,1750.25,440144
2021-06-18 10:04:34,1750.4,440555
2021-06-18 10:04:35,1750.4,440557
2021-06-18 10:04:37,1750.55,440602
2021-06-18 10:04:38,1750.75,440604
2021-06-18 10:04:38,1750.75,440604
2021-06-18 10:04:39,1750.75,440604
2021-06-18 10:04:40,1750.45,440706
2021-06-18 10:04:41,1750.65,440761
2021-06-18 10:04:42,1750.45,440764
2021-06-18 10:04:43,1750.0,440809
2021-06-18 10:04:44,1750.4,440876
2021-06-18 10:04:45,1750.4,440876
2021-06-18 10:04:47,1750.0,440967
2021-06-18 10:04:48,1750.3,441089
2021-06-18 10:04:48,1750.3,441089
2021-06-18 10:04:49,1750.0,441114
2021-06-18 10:04:50,1750.3,441214
2021-06-18 10:04:51,1750.0,441229
2021-06-18 10:04:53,1750.0,441276
2021-06-18 10:04:55,1750.05,441416
2021-06-18 10:04:56,1750.05,441416
2021-06-18 10:04:56,1750.05,441416
2021-06-18 10:04:57,1750.4,441420
2021-06-18 10:04:58,1750.45,441481
2021-06-18 10:04:59,1750.45,441481
2021-06-18 10:05:01,1750.4,441552
2021-06-18 10:05:02,1750.45,441562
2021-06-18 10:05:02,1750.45,441691
2021-06-18 10:05:03,1750.45,441691
2021-06-18 10:05:04,1751.0,441776
2021-06-18 10:05:05,1751.55,442007
2021-06-18 10:05:06,1750.95,442155
2021-06-18 10:05:08,1750.65,442200
2021-06-18 10:05:09,1750.65,442225
2021-06-18 10:05:09,1750.65,442225
2021-06-18 10:05:10,1750.7,442274
2021-06-18 10:05:11,1750.7,442274
2021-06-18 10:05:12,1751.55,442405
2021-06-18 10:05:14,1751.5,442597
2021-06-18 10:05:15,1751.55,443065
2021-06-18 10:05:16,1750.0,445409
2021-06-18 10:05:16,1750.0,445409
2021-06-18 10:05:17,1750.85,448112
2021-06-18 10:05:19,1750.15,449162
2021-06-18 10:05:21,1750.35,449187
2021-06-18 10:05:22,1750.5,449526
2021-06-18 10:05:23,1750.2,449528
2021-06-18 10:05:23,1750.2,449528
2021-06-18 10:05:25,1750.2,449573
2021-06-18 10:05:25,1750.15,449598
2021-06-18 10:05:26,1750.15,449598
2021-06-18 10:05:27,1750.85,449599
2021-06-18 10:05:28,1750.15,449645
2021-06-18 10:05:29,1750.15,449745
2021-06-18 10:05:30,1750.9,449799
2021-06-18 10:05:31,1750.1,449890
2021-06-18 10:05:32,1750.8,449921
2021-06-18 10:05:33,1750.8,449921
2021-06-18 10:05:35,1750.25,449968
2021-06-18 10:05:35,1751.0,450096
2021-06-18 10:05:37,1750.0,451680
2021-06-18 10:05:38,1750.0,451680
2021-06-18 10:05:38,1750.0,451680
2021-06-18 10:05:39,1750.05,453363
2021-06-18 10:05:40,1750.55,453459
2021-06-18 10:05:41,1750.55,454337
2021-06-18 10:05:42,1750.3,454448
2021-06-18 10:05:43,1750.0,454625
2021-06-18 10:05:45,1749.85,455266
2021-06-18 10:05:46,1749.4,455386
2021-06-18 10:05:47,1748.9,456478
2021-06-18 10:05:47,1748.55,456479
2021-06-18 10:05:48,1748.2,458065
2021-06-18 10:05:49,1748.15,458563
2021-06-18 10:05:52,1747.75,459888
2021-06-18 10:05:53,1747.7,460350
2021-06-18 10:05:53,1747.65,460351
2021-06-18 10:05:54,1747.6,464177
2021-06-18 10:05:55,1747.6,464931
2021-06-18 10:05:56,1748.0,465453
2021-06-18 10:05:57,1747.3,467130
2021-06-18 10:05:58,1747.6,467940
2021-06-18 10:05:59,1747.6,468041
2021-06-18 10:06:01,1747.05,469627
2021-06-18 10:06:02,1747.45,469632
2021-06-18 10:06:03,1747.0,472470
2021-06-18 10:06:03,1746.95,473178
2021-06-18 10:06:04,1748.1,473492
2021-06-18 10:06:05,1748.05,473542
2021-06-18 10:06:06,1747.2,474925
2021-06-18 10:06:07,1748.15,475181
2021-06-18 10:06:08,1747.05,475222
2021-06-18 10:06:09,1747.4,476836
2021-06-18 10:06:10,1747.05,477705
2021-06-18 10:06:11,1747.8,478339
2021-06-18 10:06:13,1747.0,481547
2021-06-18 10:06:14,1747.7,482446
2021-06-18 10:06:15,1747.9,484034
2021-06-18 10:06:16,1747.9,484035
2021-06-18 10:06:16,1747.9,484035
2021-06-18 10:06:17,1747.9,484035
2021-06-18 10:06:18,1747.0,486544
2021-06-18 10:06:19,1747.95,486559
2021-06-18 10:06:20,1747.95,486586
2021-06-18 10:06:21,1746.95,488172
2021-06-18 10:06:22,1747.8,488270
2021-06-18 10:06:25,1747.75,490387
2021-06-18 10:06:25,1747.15,490866
2021-06-18 10:06:26,1747.15,490917
2021-06-18 10:06:27,1747.65,492535
2021-06-18 10:06:28,1747.65,492546
2021-06-18 10:06:29,1747.65,492646
2021-06-18 10:06:31,1747.2,494574
2021-06-18 10:06:32,1747.2,495061
2021-06-18 10:06:32,1747.2,495061
2021-06-18 10:06:33,1747.0,497589
2021-06-18 10:06:34,1747.65,497614
2021-06-18 10:06:36,1747.05,499369
2021-06-18 10:06:37,1747.6,499397
2021-06-18 10:06:37,1747.6,499397
2021-06-18 10:06:38,1747.7,499622
2021-06-18 10:06:40,1747.0,501347
2021-06-18 10:06:41,1747.8,502256
2021-06-18 10:06:42,1747.0,503857
2021-06-18 10:06:43,1747.85,504769
2021-06-18 10:06:43,1747.0,503857
2021-06-18 10:06:44,1747.85,504769
