timestamp,ltp,volume
2021-06-18 09:18:43,1484.4,51416
2021-06-18 09:18:44,1485.05,51521
2021-06-18 09:18:45,1485.05,51593
2021-06-18 09:18:46,1485.05,51688
2021-06-18 09:18:47,1485.05,51712
2021-06-18 09:18:48,1485.05,51718
2021-06-18 09:18:49,1484.95,51819
2021-06-18 09:18:50,1484.95,51849
2021-06-18 09:18:51,1484.55,51985
2021-06-18 09:18:52,1484.95,52046
2021-06-18 09:18:53,1484.95,52069
2021-06-18 09:18:54,1484.55,52085
2021-06-18 09:18:56,1485.1,52685
2021-06-18 09:18:57,1485.0,53063
2021-06-18 09:18:58,1485.15,53237
2021-06-18 09:18:59,1485.05,53286
2021-06-18 09:19:00,1485.15,53287
2021-06-18 09:19:01,1485.15,53287
2021-06-18 09:19:03,1485.15,53362
2021-06-18 09:19:03,1485.15,53462
2021-06-18 09:19:04,1485.05,53557
2021-06-18 09:19:05,1485.15,53657
2021-06-18 09:19:07,1485.05,53755
2021-06-18 09:19:07,1485.05,53755
2021-06-18 09:19:08,1485.15,53765
2021-06-18 09:19:09,1485.15,53781
2021-06-18 09:19:10,1485.5,55433
2021-06-18 09:19:11,1485.2,55851
2021-06-18 09:19:12,1485.2,55851
2021-06-18 09:19:13,1485.2,55851
2021-06-18 09:19:16,1485.2,56560
2021-06-18 09:19:17,1485.2,56560
2021-06-18 09:19:18,1485.95,56660
2021-06-18 09:19:19,1485.9,56814
2021-06-18 09:19:20,1486.65,57902
2021-06-18 09:19:21,1485.9,57903
2021-06-18 09:19:22,1486.95,59444
2021-06-18 09:19:23,1487.3,60021
2021-06-18 09:19:24,1487.3,60021
2021-06-18 09:19:25,1487.3,60465
2021-06-18 09:19:27,1486.65,60481
2021-06-18 09:19:27,1486.65,60481
2021-06-18 09:19:28,1486.65,60481
2021-06-18 09:19:29,1486.65,60481
2021-06-18 09:19:30,1487.5,60491
2021-06-18 09:19:31,1487.6,60617
2021-06-18 09:19:32,1486.5,61257
2021-06-18 09:19:33,1487.6,61263
2021-06-18 09:19:34,1487.6,61331
2021-06-18 09:19:35,1487.6,61331
2021-06-18 09:19:36,1487.6,61333
2021-06-18 09:19:37,1486.9,61587
2021-06-18 09:19:38,1487.3,61598
2021-06-18 09:19:39,1486.9,61813
2021-06-18 09:19:40,1487.6,61823
2021-06-18 09:19:41,1487.6,61823
2021-06-18 09:19:42,1487.6,61823
2021-06-18 09:19:43,1487.6,61823
2021-06-18 09:19:44,1487.6,61823
2021-06-18 09:19:45,1487.0,61824
2021-06-18 09:19:47,1487.6,62279
2021-06-18 09:19:48,1487.6,62508
2021-06-18 09:19:49,1487.7,62678
2021-06-18 09:19:50,1487.7,63029
2021-06-18 09:19:51,1487.7,63029
2021-06-18 09:19:52,1487.8,63247
2021-06-18 09:19:53,1487.55,63347
2021-06-18 09:19:54,1487.55,63347
2021-06-18 09:19:55,1487.8,63458
2021-06-18 09:19:56,1487.6,63473
2021-06-18 09:19:57,1487.8,63573
2021-06-18 09:19:58,1487.65,63580
2021-06-18 09:19:59,1487.65,63580
2021-06-18 09:20:00,1487.4,63715
2021-06-18 09:20:01,1487.0,63899
2021-06-18 09:20:02,1486.8,63911
2021-06-18 09:20:04,1486.9,64589
2021-06-18 09:20:04,1486.8,64413
2021-06-18 09:20:05,1486.0,64635
2021-06-18 09:20:06,1486.0,64651
2021-06-18 09:20:07,1486.0,64651
2021-06-18 09:20:08,1486.0,64651
2021-06-18 09:20:09,1486.5,64736
2021-06-18 09:20:10,1486.6,64807
2021-06-18 09:20:11,1486.6,64807
2021-06-18 09:20:12,1486.6,64807
2021-06-18 09:20:13,1486.6,64807
2021-06-18 09:20:14,1486.5,64810
2021-06-18 09:20:15,1486.5,65009
2021-06-18 09:20:16,1486.85,65019
2021-06-18 09:20:17,1486.85,65025
2021-06-18 09:20:18,1486.5,65030
2021-06-18 09:20:19,1486.85,65101
2021-06-18 09:20:20,1486.85,65119
2021-06-18 09:20:21,1486.8,65125
2021-06-18 09:20:22,1486.8,65126
2021-06-18 09:20:23,1486.25,65139
2021-06-18 09:20:24,1486.85,65159
2021-06-18 09:20:25,1486.3,65460
2021-06-18 09:20:27,1486.85,65466
2021-06-18 09:20:28,1486.7,65467
2021-06-18 09:20:30,1486.65,65468
2021-06-18 09:20:30,1486.65,65468
2021-06-18 09:20:31,1485.5,65932
2021-06-18 09:20:32,1485.5,66053
2021-06-18 09:20:33,1485.25,66231
2021-06-18 09:20:34,1485.35,66232
2021-06-18 09:20:35,1485.35,66232
2021-06-18 09:20:36,1485.45,66242
2021-06-18 09:20:37,1486.25,66355
2021-06-18 09:20:38,1485.55,66451
2021-06-18 09:20:39,1485.4,66547
2021-06-18 09:20:40,1486.15,66617
2021-06-18 09:20:41,1486.15,66635
2021-06-18 09:20:42,1486.2,66740
2021-06-18 09:20:43,1485.9,66849
2021-06-18 09:20:44,1485.0,67463
2021-06-18 09:20:45,1485.55,67544
2021-06-18 09:20:46,1485.25,67750
2021-06-18 09:20:47,1484.8,67886
2021-06-18 09:20:48,1485.45,67894
2021-06-18 09:20:49,1485.4,67930
2021-06-18 09:20:50,1484.1,68240
2021-06-18 09:20:51,1484.65,68263
2021-06-18 09:20:52,1484.65,68290
2021-06-18 09:20:53,1484.05,70939
2021-06-18 09:20:55,1483.95,70959
2021-06-18 09:20:56,1484.6,71059
2021-06-18 09:20:57,1484.6,71179
2021-06-18 09:20:58,1484.7,71211
2021-06-18 09:20:59,1484.15,71229
2021-06-18 09:21:00,1484.95,71268
2021-06-18 09:21:01,1484.8,71281
2021-06-18 09:21:02,1484.8,71284
2021-06-18 09:21:03,1484.75,71432
2021-06-18 09:21:04,1484.65,71469
2021-06-18 09:21:05,1484.65,71478
2021-06-18 09:21:06,1484.65,71480
2021-06-18 09:21:07,1483.95,71592
2021-06-18 09:21:08,1483.4,71757
2021-06-18 09:21:09,1483.4,71757
2021-06-18 09:21:10,1483.4,71757
2021-06-18 09:21:11,1483.9,71807
2021-06-18 09:21:12,1483.2,71893
2021-06-18 09:21:13,1483.25,71894
2021-06-18 09:21:18,1482.85,72684
2021-06-18 09:21:19,1482.25,72704
2021-06-18 09:21:20,1482.35,72924
2021-06-18 09:21:21,1483.05,72953
2021-06-18 09:21:21,1483.05,72944
2021-06-18 09:21:22,1483.6,73245
2021-06-18 09:21:23,1482.85,73333
2021-06-18 09:21:24,1482.85,73368
2021-06-18 09:21:25,1483.55,73372
2021-06-18 09:21:26,1483.05,73655
2021-06-18 09:21:27,1483.2,73660
2021-06-18 09:21:28,1484.0,73680
2021-06-18 09:21:29,1484.0,73711
2021-06-18 09:21:30,1484.1,77095
2021-06-18 09:21:31,1484.4,78036
2021-06-18 09:21:32,1484.45,78264
2021-06-18 09:21:33,1485.15,78340
2021-06-18 09:21:34,1484.1,78444
2021-06-18 09:21:35,1485.0,78486
2021-06-18 09:21:36,1485.0,78536
2021-06-18 09:21:37,1485.0,78540
2021-06-18 09:21:38,1485.25,78573
2021-06-18 09:21:39,1484.35,78596
2021-06-18 09:21:40,1483.55,79347
2021-06-18 09:21:41,1485.05,79582
2021-06-18 09:21:42,1484.4,79645
2021-06-18 09:21:43,1484.4,79647
2021-06-18 09:21:44,1485.05,79650
2021-06-18 09:21:45,1485.05,80150
2021-06-18 09:21:46,1485.05,80277
2021-06-18 09:21:47,1483.6,80962
2021-06-18 09:21:48,1483.6,81149
2021-06-18 09:21:49,1483.4,81447
2021-06-18 09:21:50,1483.4,81447
2021-06-18 09:21:51,1483.5,81448
2021-06-18 09:21:52,1483.0,81449
2021-06-18 09:21:53,1483.6,81469
2021-06-18 09:21:54,1483.6,81489
2021-06-18 09:21:55,1483.0,81498
2021-06-18 09:21:56,1483.0,81514
2021-06-18 09:21:57,1482.55,81782
2021-06-18 09:21:58,1482.55,81782
2021-06-18 09:21:59,1483.0,81897
2021-06-18 09:22:00,1483.2,81947
2021-06-18 09:22:01,1483.2,81973
2021-06-18 09:22:02,1482.85,82031
2021-06-18 09:22:03,1482.55,82372
2021-06-18 09:22:04,1482.6,82472
2021-06-18 09:22:05,1481.6,85640
2021-06-18 09:22:06,1480.65,87107
2021-06-18 09:22:07,1481.35,87190
2021-06-18 09:22:08,1480.65,87274
2021-06-18 09:22:09,1480.65,87295
2021-06-18 09:22:10,1481.4,87297
2021-06-18 09:22:11,1481.4,87300
2021-06-18 09:22:12,1481.5,87317
2021-06-18 09:22:13,1481.5,87347
2021-06-18 09:22:14,1480.95,87354
2021-06-18 09:22:16,1481.0,87373
2021-06-18 09:22:17,1481.0,87399
2021-06-18 09:22:18,1481.0,87426
2021-06-18 09:22:19,1480.75,87441
2021-06-18 09:22:20,1480.5,87551
2021-06-18 09:22:21,1481.5,87751
2021-06-18 09:22:22,1480.8,87851
2021-06-18 09:22:23,1481.55,87952
2021-06-18 09:22:24,1480.85,88086
2021-06-18 09:22:25,1481.5,88098
2021-06-18 09:22:26,1481.4,88137
2021-06-18 09:22:27,1481.35,88263
2021-06-18 09:22:28,1480.9,88279
2021-06-18 09:22:30,1481.55,88300
2021-06-18 09:22:31,1481.45,88370
2021-06-18 09:22:32,1481.45,88393
2021-06-18 09:22:33,1481.55,88483
2021-06-18 09:22:34,1481.55,88506
2021-06-18 09:22:35,1481.55,88713
2021-06-18 09:22:36,1480.5,89395
2021-06-18 09:22:36,1480.5,89395
2021-06-18 09:22:37,1480.5,89396
2021-06-18 09:22:38,1481.2,89397
2021-06-18 09:22:39,1481.2,89399
2021-06-18 09:22:41,1481.2,89405
2021-06-18 09:22:42,1481.4,89617
2021-06-18 09:22:42,1480.7,89675
2021-06-18 09:22:43,1481.45,89678
2021-06-18 09:22:44,1481.45,89680
2021-06-18 09:22:46,1481.4,89782
2021-06-18 09:22:46,1481.4,89782
2021-06-18 09:22:48,1481.2,89883
2021-06-18 09:22:50,1480.7,89986
2021-06-18 09:22:51,1480.7,89986
2021-06-18 09:22:52,1481.5,90078
2021-06-18 09:22:53,1481.0,90214
2021-06-18 09:22:54,1480.7,90261
2021-06-18 09:22:55,1480.7,90261
2021-06-18 09:22:56,1480.55,90716
2021-06-18 09:22:57,1480.55,90716
2021-06-18 09:22:58,1481.0,90766
2021-06-18 09:22:59,1481.2,90776
2021-06-18 09:23:00,1481.05,90782
2021-06-18 09:23:01,1481.05,90785
2021-06-18 09:23:02,1480.7,90786
2021-06-18 09:23:03,1480.05,91316
2021-06-18 09:23:03,1480.05,91316
2021-06-18 09:23:05,1481.2,91471
2021-06-18 09:23:06,1481.3,91621
2021-06-18 09:23:09,1480.7,91837
2021-06-18 09:23:10,1481.15,92192
2021-06-18 09:23:12,1481.15,92192
2021-06-18 09:23:14,1481.3,92545
2021-06-18 09:23:15,1481.35,92776
2021-06-18 09:23:16,1481.35,92834
2021-06-18 09:23:17,1481.35,92969
2021-06-18 09:23:18,1481.2,93014
2021-06-18 09:23:19,1480.8,93669
2021-06-18 09:23:20,1480.75,93796
2021-06-18 09:23:21,1481.4,93812
2021-06-18 09:23:22,1481.35,93825
2021-06-18 09:23:23,1480.9,93848
2021-06-18 09:23:24,1481.25,94000
2021-06-18 09:23:25,1481.3,94115
2021-06-18 09:23:27,1481.3,94144
2021-06-18 09:23:28,1481.3,94161
2021-06-18 09:23:28,1481.35,94167
2021-06-18 09:23:29,1481.4,94239
2021-06-18 09:23:30,1481.4,94274
2021-06-18 09:23:31,1481.4,94283
2021-06-18 09:23:32,1481.4,94300
2021-06-18 09:23:33,1481.4,94300
2021-06-18 09:23:34,1480.85,94394
2021-06-18 09:23:35,1480.85,94394
2021-06-18 09:23:36,1481.25,94395
2021-06-18 09:23:37,1481.4,94791
2021-06-18 09:23:39,1481.25,95044
2021-06-18 09:23:40,1481.25,95050
2021-06-18 09:23:41,1481.3,95060
2021-06-18 09:23:42,1481.3,95060
2021-06-18 09:23:43,1481.35,95111
2021-06-18 09:23:44,1481.4,95824
2021-06-18 09:23:45,1481.4,97275
2021-06-18 09:23:46,1481.4,97659
2021-06-18 09:23:47,1481.4,98129
2021-06-18 09:23:48,1481.25,98307
2021-06-18 09:23:49,1481.4,98309
2021-06-18 09:23:49,1481.4,98309
2021-06-18 09:23:51,1481.25,98348
2021-06-18 09:23:51,1481.25,98348
2021-06-18 09:23:52,1481.25,98348
2021-06-18 09:23:53,1481.4,98350
2021-06-18 09:23:54,1481.3,98391
2021-06-18 09:23:55,1481.4,98411
2021-06-18 09:23:56,1481.4,98446
2021-06-18 09:23:57,1481.3,98466
2021-06-18 09:23:58,1481.25,98477
2021-06-18 09:23:59,1481.25,98512
2021-06-18 09:24:01,1481.25,98512
2021-06-18 09:24:01,1481.25,98512
2021-06-18 09:24:02,1481.5,98874
2021-06-18 09:24:04,1481.5,98874
2021-06-18 09:24:05,1481.5,98874
2021-06-18 09:24:06,1482.0,98875
2021-06-18 09:24:07,1482.1,98958
2021-06-18 09:24:08,1482.1,99000
2021-06-18 09:24:09,1482.1,99014
2021-06-18 09:24:09,1482.1,99011
2021-06-18 09:24:10,1482.1,99321
2021-06-18 09:24:11,1482.8,99580
2021-06-18 09:24:13,1482.05,99805
2021-06-18 09:24:13,1482.85,99893
2021-06-18 09:24:14,1482.1,99926
2021-06-18 09:24:15,1482.1,99926
2021-06-18 09:24:16,1482.1,99926
2021-06-18 09:24:18,1482.85,99992
2021-06-18 09:24:18,1482.85,100117
2021-06-18 09:24:19,1482.85,100158
2021-06-18 09:24:20,1482.2,100206
2021-06-18 09:24:21,1482.2,100206
2021-06-18 09:24:22,1482.85,100212
2021-06-18 09:24:23,1482.85,100221
2021-06-18 09:24:24,1482.85,100248
2021-06-18 09:24:25,1482.95,100329
2021-06-18 09:24:26,1482.95,100482
2021-06-18 09:24:27,1482.95,100482
2021-06-18 09:24:28,1483.0,100542
2021-06-18 09:24:29,1483.0,100542
2021-06-18 09:24:30,1483.5,100654
2021-06-18 09:24:31,1483.45,100674
2021-06-18 09:24:32,1483.5,100796
2021-06-18 09:24:33,1482.45,101045
2021-06-18 09:24:34,1482.95,101091
2021-06-18 09:24:35,1482.95,101104
2021-06-18 09:24:37,1482.95,101105
2021-06-18 09:24:38,1483.65,101317
2021-06-18 09:24:39,1483.75,101370
2021-06-18 09:24:40,1483.5,101433
2021-06-18 09:24:41,1483.5,101468
2021-06-18 09:24:42,1483.5,101478
2021-06-18 09:24:43,1483.6,101669
2021-06-18 09:24:44,1483.5,101729
2021-06-18 09:24:45,1483.25,101791
2021-06-18 09:24:45,1483.25,101791
2021-06-18 09:24:46,1483.55,101801
2021-06-18 09:24:47,1483.8,102103
2021-06-18 09:24:48,1483.85,102179
2021-06-18 09:24:49,1483.85,102198
2021-06-18 09:24:51,1483.5,102206
2021-06-18 09:24:51,1483.5,102256
2021-06-18 09:24:52,1483.5,102281
2021-06-18 09:24:53,1483.0,102422
2021-06-18 09:24:54,1483.2,102423
2021-06-18 09:24:56,1482.95,102499
2021-06-18 09:24:56,1482.95,102499
2021-06-18 09:24:58,1482.9,102629
2021-06-18 09:24:59,1483.0,102740
2021-06-18 09:25:00,1482.45,102850
2021-06-18 09:25:01,1482.4,102906
2021-06-18 09:25:02,1482.4,102906
2021-06-18 09:25:03,1482.4,102906
2021-06-18 09:25:04,1482.75,103238
2021-06-18 09:25:05,1482.4,103350
2021-06-18 09:25:05,1482.65,103361
2021-06-18 09:25:07,1483.1,103421
2021-06-18 09:25:07,1483.1,103913
2021-06-18 09:25:08,1483.1,103913
2021-06-18 09:25:09,1483.0,103924
2021-06-18 09:25:10,1483.05,103927
2021-06-18 09:25:11,1483.05,103927
2021-06-18 09:25:12,1483.05,103927
2021-06-18 09:25:13,1483.4,103988
2021-06-18 09:25:14,1483.65,104986
2021-06-18 09:25:15,1483.65,105084
2021-06-18 09:25:16,1483.35,105187
2021-06-18 09:25:17,1484.0,105209
2021-06-18 09:25:19,1484.0,105215
2021-06-18 09:25:20,1484.0,105222
2021-06-18 09:25:21,1483.55,105295
2021-06-18 09:25:22,1483.45,105312
2021-06-18 09:25:23,1484.0,105314
2021-06-18 09:25:24,1484.0,105315
2021-06-18 09:25:24,1484.0,105315
2021-06-18 09:25:25,1484.0,105329
2021-06-18 09:25:26,1484.0,105345
2021-06-18 09:25:27,1484.0,105349
2021-06-18 09:25:28,1484.6,105885
2021-06-18 09:25:29,1484.0,106174
2021-06-18 09:25:30,1484.3,106187
2021-06-18 09:25:31,1484.4,106249
2021-06-18 09:25:32,1484.4,106266
2021-06-18 09:25:33,1484.2,106272
2021-06-18 09:25:34,1484.2,106361
2021-06-18 09:25:36,1484.0,106404
2021-06-18 09:25:37,1484.35,106412
2021-06-18 09:25:38,1484.35,106414
2021-06-18 09:25:39,1484.35,106415
2021-06-18 09:25:40,1484.35,106415
2021-06-18 09:25:41,1484.3,106417
2021-06-18 09:25:44,1484.0,106710
2021-06-18 09:25:45,1483.6,106762
2021-06-18 09:25:46,1483.5,106823
2021-06-18 09:25:47,1483.8,106835
2021-06-18 09:25:48,1483.05,107371
2021-06-18 09:25:50,1483.05,107542
2021-06-18 09:25:51,1482.4,107594
2021-06-18 09:25:52,1482.75,107616
2021-06-18 09:25:53,1482.8,107622
2021-06-18 09:25:54,1482.8,107622
2021-06-18 09:25:55,1482.4,107635
2021-06-18 09:25:56,1482.4,107635
2021-06-18 09:25:57,1482.4,107635
2021-06-18 09:25:58,1482.4,107635
2021-06-18 09:25:58,1482.4,107635
2021-06-18 09:25:59,1482.4,107635
2021-06-18 09:26:00,1483.0,107706
2021-06-18 09:26:02,1482.95,107728
2021-06-18 09:26:03,1482.95,107734
2021-06-18 09:26:04,1483.35,108784
2021-06-18 09:26:05,1483.35,109048
2021-06-18 09:26:06,1483.05,109270
2021-06-18 09:26:07,1483.0,109393
2021-06-18 09:26:08,1483.05,109394
2021-06-18 09:26:09,1483.05,109395
2021-06-18 09:26:10,1483.05,109444
2021-06-18 09:26:11,1483.05,109456
2021-06-18 09:26:12,1483.05,109480
2021-06-18 09:26:13,1483.0,110040
2021-06-18 09:26:14,1483.0,110051
2021-06-18 09:26:15,1483.0,110051
2021-06-18 09:26:16,1482.95,110063
2021-06-18 09:26:17,1482.95,110567
2021-06-18 09:26:18,1482.95,110823
2021-06-18 09:26:19,1482.4,111181
2021-06-18 09:26:20,1482.4,111188
2021-06-18 09:26:21,1482.4,111188
2021-06-18 09:26:22,1482.4,111188
2021-06-18 09:26:23,1482.4,111188
2021-06-18 09:26:24,1483.1,111230
2021-06-18 09:26:25,1483.1,111248
2021-06-18 09:26:26,1483.15,111268
2021-06-18 09:26:27,1483.15,111284
2021-06-18 09:26:28,1482.4,111310
2021-06-18 09:26:29,1482.4,111310
2021-06-18 09:26:30,1483.15,111322
2021-06-18 09:26:31,1483.15,111628
2021-06-18 09:26:32,1483.2,111705
2021-06-18 09:26:33,1483.05,112238
2021-06-18 09:26:34,1483.05,112280
2021-06-18 09:26:35,1483.65,112293
2021-06-18 09:26:36,1483.15,112301
2021-06-18 09:26:37,1483.65,112302
2021-06-18 09:26:38,1483.65,112303
2021-06-18 09:26:39,1483.65,112303
2021-06-18 09:26:40,1483.1,112375
2021-06-18 09:26:41,1483.35,112392
2021-06-18 09:26:42,1483.35,112396
2021-06-18 09:26:43,1483.35,112396
2021-06-18 09:26:44,1483.35,112397
2021-06-18 09:26:45,1483.35,112520
2021-06-18 09:26:46,1484.3,112926
2021-06-18 09:26:47,1484.3,113061
2021-06-18 09:26:48,1484.3,113095
2021-06-18 09:26:49,1484.4,113231
2021-06-18 09:26:50,1484.35,113307
2021-06-18 09:26:51,1484.35,113327
2021-06-18 09:26:52,1484.25,113332
2021-06-18 09:26:53,1484.35,113398
2021-06-18 09:26:54,1484.1,113415
2021-06-18 09:26:55,1484.1,113419
2021-06-18 09:26:56,1484.1,113421
2021-06-18 09:26:57,1484.1,113422
2021-06-18 09:26:58,1484.1,113439
2021-06-18 09:26:59,1484.1,113452
2021-06-18 09:27:00,1484.1,113455
2021-06-18 09:27:01,1483.8,113473
2021-06-18 09:27:01,1483.8,113473
2021-06-18 09:27:02,1483.8,113806
2021-06-18 09:27:03,1483.45,113856
2021-06-18 09:27:05,1484.1,114214
2021-06-18 09:27:06,1484.1,114224
2021-06-18 09:27:07,1484.1,114264
2021-06-18 09:27:08,1483.45,114323
2021-06-18 09:27:09,1484.1,114468
2021-06-18 09:27:10,1484.1,114468
2021-06-18 09:27:11,1483.6,114504
2021-06-18 09:27:12,1483.6,114511
2021-06-18 09:27:13,1483.6,114531
2021-06-18 09:27:14,1483.6,114531
2021-06-18 09:27:15,1483.6,114588
2021-06-18 09:27:16,1484.0,114956
2021-06-18 09:27:17,1484.2,114988
2021-06-18 09:27:18,1483.5,115546
2021-06-18 09:27:19,1483.35,115547
2021-06-18 09:27:19,1483.35,115547
2021-06-18 09:27:20,1484.0,115655
2021-06-18 09:27:21,1484.0,115709
2021-06-18 09:27:23,1483.6,115728
2021-06-18 09:27:24,1483.9,115738
2021-06-18 09:27:25,1483.9,115744
2021-06-18 09:27:26,1483.9,115748
2021-06-18 09:27:27,1483.5,115818
2021-06-18 09:27:28,1484.0,115945
2021-06-18 09:27:29,1484.0,115994
2021-06-18 09:27:30,1484.0,116026
2021-06-18 09:27:31,1483.6,116046
2021-06-18 09:27:32,1483.6,116046
2021-06-18 09:27:33,1483.6,116046
2021-06-18 09:27:34,1483.6,116046
2021-06-18 09:27:35,1483.55,116069
2021-06-18 09:27:36,1484.0,116139
2021-06-18 09:27:37,1484.0,116187
2021-06-18 09:27:38,1484.0,116187
2021-06-18 09:27:39,1484.0,116495
2021-06-18 09:27:40,1484.1,116592
2021-06-18 09:27:41,1484.0,116646
2021-06-18 09:27:42,1484.1,116709
2021-06-18 09:27:43,1483.65,116731
2021-06-18 09:27:44,1484.2,117462
2021-06-18 09:27:45,1484.5,117656
2021-06-18 09:27:46,1484.35,117730
2021-06-18 09:27:47,1484.55,118149
2021-06-18 09:27:48,1484.95,118564
2021-06-18 09:27:49,1484.15,118681
2021-06-18 09:27:54,1484.6,118832
2021-06-18 09:28:00,1484.95,118994
2021-06-18 09:28:05,1484.4,119186
2021-06-18 09:28:11,1484.55,119777
2021-06-18 09:28:16,1484.0,120074
2021-06-18 09:28:22,1484.0,120193
2021-06-18 09:28:27,1483.65,120588
2021-06-18 09:28:32,1484.0,120748
2021-06-18 09:28:37,1483.55,120864
2021-06-18 09:28:42,1483.8,120913
2021-06-18 09:28:47,1483.5,121293
2021-06-18 09:28:52,1483.6,122340
2021-06-18 09:28:57,1483.55,122414
2021-06-18 09:29:02,1483.55,123330
2021-06-18 09:29:07,1482.7,124213
2021-06-18 09:29:13,1482.75,124390
2021-06-18 09:29:18,1482.7,124442
2021-06-18 09:29:24,1483.0,124539
2021-06-18 09:29:29,1483.0,124696
2021-06-18 09:29:34,1483.4,124735
2021-06-18 09:29:39,1483.45,124853
2021-06-18 09:29:44,1483.4,125044
2021-06-18 09:29:50,1483.45,126398
2021-06-18 09:29:55,1483.5,126416
2021-06-18 09:30:00,1483.55,126448
2021-06-18 09:30:05,1483.65,126824
2021-06-18 09:30:10,1483.8,127356
2021-06-18 09:30:16,1483.75,127605
2021-06-18 09:30:21,1483.15,127780
2021-06-18 09:30:27,1482.85,127828
2021-06-18 09:30:32,1482.85,128106
2021-06-18 09:30:37,1483.05,128139
2021-06-18 09:30:42,1482.7,129296
2021-06-18 09:30:48,1483.0,129590
2021-06-18 09:30:53,1482.95,129849
2021-06-18 09:30:59,1482.7,130079
2021-06-18 09:31:04,1482.7,130325
2021-06-18 09:31:09,1482.3,130417
2021-06-18 09:31:15,1482.3,130691
2021-06-18 09:31:20,1482.1,130863
2021-06-18 09:31:30,1482.85,131786
2021-06-18 09:31:36,1482.0,132333
2021-06-18 09:31:41,1482.15,132366
2021-06-18 09:31:47,1482.2,132495
2021-06-18 09:31:52,1482.65,132657
2021-06-18 09:31:57,1482.0,133233
2021-06-18 09:32:02,1482.15,133255
2021-06-18 09:32:07,1482.4,133295
2021-06-18 09:32:12,1482.0,133385
2021-06-18 09:32:17,1482.35,133632
2021-06-18 09:32:22,1482.05,134421
2021-06-18 09:32:27,1482.05,134594
2021-06-18 09:32:37,1482.0,135507
2021-06-18 09:32:42,1482.35,135576
2021-06-18 09:32:47,1482.0,135984
2021-06-18 09:32:52,1481.6,136280
2021-06-18 09:32:57,1482.35,137219
2021-06-18 09:33:03,1482.1,137509
2021-06-18 09:33:08,1482.35,137804
2021-06-18 09:33:13,1482.45,137806
2021-06-18 09:33:18,1482.35,137863
2021-06-18 09:33:23,1482.4,138080
2021-06-18 09:33:28,1482.4,138092
2021-06-18 09:33:33,1482.45,138100
2021-06-18 09:33:38,1482.5,139267
2021-06-18 09:33:43,1482.5,139559
2021-06-18 09:33:47,1482.4,139636
2021-06-18 09:33:52,1482.45,139664
2021-06-18 09:33:57,1482.3,139959
2021-06-18 09:34:02,1482.25,140284
2021-06-18 09:34:07,1482.4,140602
2021-06-18 09:34:12,1482.0,140722
2021-06-18 09:34:17,1482.0,141084
2021-06-18 09:34:22,1482.35,141839
2021-06-18 09:34:27,1482.8,143033
2021-06-18 09:34:32,1482.35,143536
2021-06-18 09:34:37,1482.35,143787
2021-06-18 09:34:42,1482.35,143891
2021-06-18 09:34:47,1482.5,143892
2021-06-18 09:34:52,1482.6,144021
2021-06-18 09:34:57,1482.0,144452
2021-06-18 09:35:01,1481.6,144934
2021-06-18 09:35:06,1481.45,146149
2021-06-18 09:35:11,1481.9,146534
2021-06-18 09:35:17,1481.45,146703
2021-06-18 09:35:21,1481.6,146935
2021-06-18 09:35:26,1481.6,147578
2021-06-18 09:35:31,1481.7,147846
2021-06-18 09:35:36,1480.05,149229
2021-06-18 09:35:42,1480.65,149415
2021-06-18 09:35:47,1480.0,150458
2021-06-18 09:35:52,1480.0,151575
2021-06-18 09:35:56,1480.6,151701
2021-06-18 09:36:01,1480.65,153236
2021-06-18 09:36:07,1480.65,153329
2021-06-18 09:36:12,1480.6,153549
2021-06-18 09:36:16,1480.65,153587
2021-06-18 09:36:21,1480.8,153628
2021-06-18 09:36:26,1480.8,153683
2021-06-18 09:36:31,1480.75,153698
2021-06-18 09:36:36,1480.0,154135
2021-06-18 09:36:41,1480.5,154280
2021-06-18 09:36:46,1480.75,154377
2021-06-18 09:36:50,1480.5,154408
2021-06-18 09:36:56,1480.65,154768
2021-06-18 09:37:01,1480.85,155003
2021-06-18 09:37:06,1480.85,155172
2021-06-18 09:37:11,1480.3,155337
2021-06-18 09:37:16,1480.35,155448
2021-06-18 09:37:21,1480.75,155491
2021-06-18 09:37:26,1480.35,156291
2021-06-18 09:37:31,1480.35,157482
2021-06-18 09:37:36,1480.0,158182
2021-06-18 09:37:41,1480.35,158443
2021-06-18 09:37:46,1480.0,159232
2021-06-18 09:37:51,1480.15,159470
2021-06-18 09:37:56,1480.2,159814
2021-06-18 09:38:01,1480.0,160110
2021-06-18 09:38:06,1480.0,160384
2021-06-18 09:38:11,1480.0,160396
2021-06-18 09:38:16,1480.15,160528
2021-06-18 09:38:21,1480.15,160531
2021-06-18 09:38:26,1480.2,162337
2021-06-18 09:38:31,1480.6,162745
2021-06-18 09:38:36,1480.5,163715
2021-06-18 09:38:41,1481.55,165002
2021-06-18 09:38:46,1482.0,165564
2021-06-18 09:38:50,1481.5,165615
2021-06-18 09:38:55,1481.95,165962
2021-06-18 09:39:00,1481.4,166167
2021-06-18 09:39:05,1481.4,166311
2021-06-18 09:39:16,1481.3,167006
2021-06-18 09:39:21,1481.65,167420
2021-06-18 09:39:26,1481.95,167468
2021-06-18 09:39:31,1481.85,167547
2021-06-18 09:39:36,1481.2,167816
2021-06-18 09:39:40,1481.25,167884
2021-06-18 09:39:45,1481.2,167913
2021-06-18 09:39:50,1481.0,168196
2021-06-18 09:39:54,1480.7,168344
2021-06-18 09:39:59,1480.5,168361
2021-06-18 09:40:04,1480.6,168677
2021-06-18 09:40:09,1481.0,168822
2021-06-18 09:40:14,1480.6,168977
2021-06-18 09:40:18,1480.7,169295
2021-06-18 09:40:23,1479.65,171469
2021-06-18 09:40:29,1478.4,172948
2021-06-18 09:40:33,1479.7,174417
2021-06-18 09:40:38,1479.0,175564
2021-06-18 09:40:43,1479.0,175666
2021-06-18 09:40:48,1479.25,177823
2021-06-18 09:40:52,1478.95,178392
2021-06-18 09:40:57,1479.0,178494
2021-06-18 09:41:02,1478.85,178898
2021-06-18 09:41:06,1478.45,179267
2021-06-18 09:41:11,1478.75,179731
2021-06-18 09:41:16,1478.3,180044
2021-06-18 09:41:20,1478.45,180292
2021-06-18 09:41:25,1478.4,180443
2021-06-18 09:41:29,1478.45,180812
2021-06-18 09:41:34,1478.45,181135
2021-06-18 09:41:39,1478.8,181198
2021-06-18 09:41:43,1478.8,181299
2021-06-18 09:41:47,1478.8,181951
2021-06-18 09:41:52,1478.7,182847
2021-06-18 09:41:56,1478.8,183151
2021-06-18 09:42:01,1478.45,183661
2021-06-18 09:42:06,1478.5,183852
2021-06-18 09:42:11,1478.8,183952
2021-06-18 09:42:16,1478.8,184052
2021-06-18 09:42:20,1478.55,184372
2021-06-18 09:42:25,1478.3,184593
2021-06-18 09:42:30,1478.75,184630
2021-06-18 09:42:35,1478.75,184847
2021-06-18 09:42:39,1477.4,186542
2021-06-18 09:42:44,1477.25,187693
2021-06-18 09:42:49,1477.35,187744
2021-06-18 09:42:54,1477.35,188433
2021-06-18 09:43:00,1477.0,188925
2021-06-18 09:43:05,1477.15,190741
2021-06-18 09:43:10,1478.35,192427
2021-06-18 09:43:15,1478.15,192812
2021-06-18 09:43:20,1478.45,193104
2021-06-18 09:43:26,1477.65,193287
2021-06-18 09:43:30,1477.9,193371
2021-06-18 09:43:35,1476.7,194686
2021-06-18 09:43:40,1476.3,194835
2021-06-18 09:43:45,1476.75,195321
2021-06-18 09:43:50,1476.7,195416
2021-06-18 09:43:55,1476.45,196709
2021-06-18 09:44:00,1476.5,197097
2021-06-18 09:44:05,1476.45,199843
2021-06-18 09:44:09,1476.5,200093
2021-06-18 09:44:19,1476.5,202115
2021-06-18 09:44:24,1477.4,202811
2021-06-18 09:44:29,1477.5,202947
2021-06-18 09:44:34,1477.3,203097
2021-06-18 09:44:39,1477.25,203483
2021-06-18 09:44:44,1476.0,204108
2021-06-18 09:44:49,1475.95,204946
2021-06-18 09:44:54,1477.0,205347
2021-06-18 09:44:59,1476.15,205406
2021-06-18 09:45:04,1476.65,205578
2021-06-18 09:45:09,1476.45,205994
2021-06-18 09:45:14,1476.65,206250
2021-06-18 09:45:19,1476.85,206331
2021-06-18 09:45:24,1476.65,206473
2021-06-18 09:45:29,1478.0,207162
2021-06-18 09:45:34,1477.95,207718
2021-06-18 09:45:39,1477.15,208043
2021-06-18 09:45:45,1478.0,208100
2021-06-18 09:45:49,1478.15,209271
2021-06-18 09:45:54,1478.85,209373
2021-06-18 09:45:59,1478.15,209833
2021-06-18 09:46:04,1478.5,209943
2021-06-18 09:46:15,1478.45,210408
2021-06-18 09:46:19,1478.05,210494
2021-06-18 09:46:24,1478.4,210516
2021-06-18 09:46:28,1478.0,210917
2021-06-18 09:46:33,1477.65,211355
2021-06-18 09:46:38,1477.2,211382
2021-06-18 09:46:47,1477.45,211505
2021-06-18 09:46:52,1477.75,211703
2021-06-18 09:46:57,1477.75,211928
2021-06-18 09:47:02,1477.15,212283
2021-06-18 09:47:06,1477.0,212354
2021-06-18 09:47:10,1477.0,212733
2021-06-18 09:47:16,1477.0,213131
2021-06-18 09:47:21,1477.0,213752
2021-06-18 09:47:26,1477.0,213884
2021-06-18 09:47:31,1477.0,214211
2021-06-18 09:47:36,1476.9,214291
2021-06-18 09:47:40,1477.0,214713
2021-06-18 09:47:46,1477.0,215375
2021-06-18 09:47:49,1477.0,215402
2021-06-18 09:47:50,1477.0,215718
2021-06-18 09:47:51,1477.0,215720
2021-06-18 09:47:52,1477.0,215735
2021-06-18 09:47:53,1477.0,215735
2021-06-18 09:47:54,1477.0,215740
2021-06-18 09:47:55,1477.0,215740
2021-06-18 09:47:57,1477.0,215857
2021-06-18 09:47:58,1477.0,215857
2021-06-18 09:47:59,1476.7,215882
2021-06-18 09:48:00,1476.7,215883
2021-06-18 09:48:00,1476.7,215883
2021-06-18 09:48:01,1476.5,216643
2021-06-18 09:48:03,1476.85,217015
2021-06-18 09:48:04,1476.85,217015
2021-06-18 09:48:05,1477.0,217040
2021-06-18 09:48:06,1476.35,217215
2021-06-18 09:48:07,1476.35,217215
2021-06-18 09:48:08,1476.35,217215
2021-06-18 09:48:09,1476.6,217245
2021-06-18 09:48:10,1476.35,217247
2021-06-18 09:48:11,1476.6,217252
2021-06-18 09:48:11,1476.6,217278
2021-06-18 09:48:12,1476.9,217301
2021-06-18 09:48:13,1476.9,217311
2021-06-18 09:48:14,1477.3,217326
2021-06-18 09:48:15,1476.75,217420
2021-06-18 09:48:16,1476.75,217420
2021-06-18 09:48:18,1476.75,217420
2021-06-18 09:48:20,1477.05,217434
2021-06-18 09:48:21,1476.6,217435
2021-06-18 09:48:22,1476.55,217475
2021-06-18 09:48:23,1476.95,217476
2021-06-18 09:48:24,1476.95,217476
2021-06-18 09:48:25,1476.95,217476
2021-06-18 09:48:26,1476.95,217476
2021-06-18 09:48:27,1476.95,217536
2021-06-18 09:48:28,1477.0,217554
2021-06-18 09:48:29,1477.0,217581
2021-06-18 09:48:30,1477.0,217581
2021-06-18 09:48:31,1477.0,217581
2021-06-18 09:48:32,1476.4,217810
2021-06-18 09:48:33,1476.9,217850
2021-06-18 09:48:34,1476.65,217862
2021-06-18 09:48:35,1476.3,217887
2021-06-18 09:48:36,1476.3,217887
2021-06-18 09:48:37,1476.95,217897
2021-06-18 09:48:38,1477.0,217915
2021-06-18 09:48:39,1477.3,217944
2021-06-18 09:48:40,1477.4,218131
2021-06-18 09:48:41,1476.95,218162
2021-06-18 09:48:42,1476.95,218165
2021-06-18 09:48:43,1476.95,218165
2021-06-18 09:48:44,1476.95,218165
2021-06-18 09:48:45,1476.95,218165
2021-06-18 09:48:46,1476.95,218165
2021-06-18 09:48:47,1476.95,218165
2021-06-18 09:48:48,1477.0,218249
2021-06-18 09:48:49,1478.0,218469
2021-06-18 09:48:50,1477.55,218519
2021-06-18 09:48:51,1478.0,218522
2021-06-18 09:48:52,1477.55,218546
2021-06-18 09:48:53,1477.6,218571
2021-06-18 09:48:54,1476.85,218625
2021-06-18 09:48:55,1477.15,218640
2021-06-18 09:48:58,1477.1,218643
2021-06-18 09:48:59,1476.95,218665
2021-06-18 09:49:00,1477.1,218670
2021-06-18 09:49:01,1476.45,218672
2021-06-18 09:49:02,1476.2,218931
2021-06-18 09:49:03,1476.0,218963
2021-06-18 09:49:04,1476.7,219014
2021-06-18 09:49:05,1476.7,219014
2021-06-18 09:49:06,1476.95,219040
2021-06-18 09:49:07,1476.95,219061
2021-06-18 09:49:08,1476.95,219061
2021-06-18 09:49:09,1476.95,219082
2021-06-18 09:49:10,1476.85,219085
2021-06-18 09:49:11,1476.2,219135
2021-06-18 09:49:12,1476.85,219139
2021-06-18 09:49:13,1476.2,219149
2021-06-18 09:49:14,1476.2,219149
2021-06-18 09:49:15,1476.85,219154
2021-06-18 09:49:16,1476.85,219155
2021-06-18 09:49:17,1476.85,219155
2021-06-18 09:49:18,1476.25,219205
2021-06-18 09:49:19,1477.0,219382
2021-06-18 09:49:20,1476.3,219482
2021-06-18 09:49:21,1476.3,219489
2021-06-18 09:49:22,1476.3,219489
2021-06-18 09:49:23,1476.3,219500
2021-06-18 09:49:24,1476.2,219642
2021-06-18 09:49:25,1476.2,219642
2021-06-18 09:49:26,1476.0,219669
2021-06-18 09:49:27,1475.5,220075
2021-06-18 09:49:28,1475.45,220439
2021-06-18 09:49:29,1476.25,220550
2021-06-18 09:49:30,1476.25,220550
2021-06-18 09:49:31,1475.7,220571
2021-06-18 09:49:32,1476.3,220591
2021-06-18 09:49:33,1475.75,220808
2021-06-18 09:49:34,1475.3,220980
2021-06-18 09:49:35,1475.75,221073
2021-06-18 09:49:36,1476.55,221121
2021-06-18 09:49:37,1476.45,221336
2021-06-18 09:49:38,1476.3,221627
2021-06-18 09:49:39,1476.85,221688
2021-06-18 09:49:40,1476.6,221789
2021-06-18 09:49:41,1477.3,222047
2021-06-18 09:49:42,1477.25,222087
2021-06-18 09:49:43,1477.25,222087
2021-06-18 09:49:44,1477.35,222107
2021-06-18 09:49:45,1477.35,222107
2021-06-18 09:49:46,1477.35,222107
2021-06-18 09:49:47,1477.5,222119
2021-06-18 09:49:48,1477.35,222545
2021-06-18 09:49:49,1477.35,222545
2021-06-18 09:49:51,1477.7,222820
2021-06-18 09:49:52,1477.7,222820
2021-06-18 09:49:53,1477.7,223031
2021-06-18 09:49:54,1477.7,223031
2021-06-18 09:49:55,1477.7,223044
2021-06-18 09:49:56,1477.7,223049
2021-06-18 09:49:57,1477.7,223157
2021-06-18 09:49:58,1478.05,223210
2021-06-18 09:49:59,1478.05,223234
2021-06-18 09:50:00,1478.2,223235
2021-06-18 09:50:01,1478.05,223255
2021-06-18 09:50:02,1478.05,223256
2021-06-18 09:50:03,1478.0,223324
2021-06-18 09:50:04,1477.65,223989
2021-06-18 09:50:05,1477.7,224482
2021-06-18 09:50:06,1477.65,224531
2021-06-18 09:50:07,1477.65,224536
2021-06-18 09:50:08,1478.05,224537
2021-06-18 09:50:09,1477.35,224600
2021-06-18 09:50:10,1477.35,224600
2021-06-18 09:50:11,1477.35,224600
2021-06-18 09:50:12,1477.95,224700
2021-06-18 09:50:13,1478.05,224816
2021-06-18 09:50:14,1478.05,224856
2021-06-18 09:50:15,1477.8,224886
2021-06-18 09:50:16,1478.15,224906
2021-06-18 09:50:17,1478.4,224956
2021-06-18 09:50:18,1478.4,224977
2021-06-18 09:50:19,1478.4,224977
2021-06-18 09:50:20,1478.8,225067
2021-06-18 09:50:21,1480.0,225932
2021-06-18 09:50:22,1480.0,225932
2021-06-18 09:50:23,1479.7,225933
2021-06-18 09:50:24,1479.7,225933
2021-06-18 09:50:25,1478.85,226227
2021-06-18 09:50:26,1478.1,226235
2021-06-18 09:50:27,1478.7,226362
2021-06-18 09:50:28,1478.7,226404
2021-06-18 09:50:29,1478.4,226675
2021-06-18 09:50:30,1478.4,226675
2021-06-18 09:50:31,1478.4,226675
2021-06-18 09:50:32,1478.4,226675
2021-06-18 09:50:33,1478.1,226724
2021-06-18 09:50:34,1478.55,226919
2021-06-18 09:50:35,1479.2,226940
2021-06-18 09:50:36,1478.6,227041
2021-06-18 09:50:37,1479.35,227046
2021-06-18 09:50:38,1479.4,227067
2021-06-18 09:50:39,1478.65,227151
2021-06-18 09:50:40,1478.65,227177
2021-06-18 09:50:41,1479.0,227264
2021-06-18 09:50:42,1479.0,227285
2021-06-18 09:50:43,1479.0,227306
2021-06-18 09:50:44,1479.55,227951
2021-06-18 09:50:45,1479.05,227969
2021-06-18 09:50:46,1479.0,228004
2021-06-18 09:50:47,1479.0,228004
2021-06-18 09:50:48,1479.55,228026
2021-06-18 09:50:50,1479.0,228058
2021-06-18 09:50:51,1479.0,228058
2021-06-18 09:50:52,1479.35,228065
2021-06-18 09:50:53,1479.6,228072
2021-06-18 09:50:54,1479.6,228072
2021-06-18 09:50:56,1478.6,228322
2021-06-18 09:50:57,1478.6,228322
2021-06-18 09:50:58,1478.7,228343
2021-06-18 09:50:59,1478.7,228343
2021-06-18 09:51:00,1478.9,228345
2021-06-18 09:51:01,1478.75,228353
2021-06-18 09:51:02,1478.5,228364
2021-06-18 09:51:03,1478.25,228398
2021-06-18 09:51:04,1478.25,228398
2021-06-18 09:51:05,1478.6,229977
2021-06-18 09:51:06,1478.6,230297
2021-06-18 09:51:07,1478.4,230309
2021-06-18 09:51:08,1478.4,230309
2021-06-18 09:51:09,1478.35,230339
2021-06-18 09:51:10,1478.3,230482
2021-06-18 09:51:11,1478.5,230769
2021-06-18 09:51:12,1477.6,230869
2021-06-18 09:51:13,1478.5,230879
2021-06-18 09:51:14,1478.5,230979
2021-06-18 09:51:15,1478.5,231007
2021-06-18 09:51:16,1478.25,231083
2021-06-18 09:51:17,1478.25,231088
2021-06-18 09:51:18,1478.5,231094
2021-06-18 09:51:19,1478.5,231094
2021-06-18 09:51:20,1478.4,231502
2021-06-18 09:51:21,1478.4,231502
2021-06-18 09:51:22,1478.2,231522
2021-06-18 09:51:24,1478.2,231612
2021-06-18 09:51:25,1478.0,232116
2021-06-18 09:51:26,1478.0,232116
2021-06-18 09:51:27,1478.1,232127
2021-06-18 09:51:28,1478.1,232157
2021-06-18 09:51:29,1477.5,232207
2021-06-18 09:51:30,1477.5,232207
2021-06-18 09:51:31,1478.1,232209
2021-06-18 09:51:32,1478.1,232209
2021-06-18 09:51:33,1478.1,232209
2021-06-18 09:51:34,1477.5,232229
2021-06-18 09:51:36,1478.0,232235
2021-06-18 09:51:36,1478.0,232235
2021-06-18 09:51:37,1477.5,232237
2021-06-18 09:51:39,1477.95,232238
2021-06-18 09:51:40,1477.95,232445
2021-06-18 09:51:41,1477.5,232447
2021-06-18 09:51:41,1477.5,232470
2021-06-18 09:51:42,1477.85,232571
2021-06-18 09:51:43,1477.85,232572
2021-06-18 09:51:44,1477.25,232645
2021-06-18 09:51:45,1477.25,232645
2021-06-18 09:51:46,1477.9,232649
2021-06-18 09:51:47,1477.2,232661
2021-06-18 09:51:48,1477.85,232662
2021-06-18 09:51:50,1477.4,232672
2021-06-18 09:51:52,1477.3,232682
2021-06-18 09:51:52,1477.3,232682
2021-06-18 09:51:54,1477.9,232782
2021-06-18 09:51:56,1477.9,232782
2021-06-18 09:51:57,1477.8,232785
2021-06-18 09:51:57,1477.8,232785
2021-06-18 09:51:58,1477.8,232785
2021-06-18 09:52:00,1477.55,232806
2021-06-18 09:52:00,1477.55,232806
2021-06-18 09:52:01,1477.3,232865
2021-06-18 09:52:02,1477.05,232875
2021-06-18 09:52:03,1477.4,232883
2021-06-18 09:52:04,1477.7,233035
2021-06-18 09:52:05,1477.2,233038
2021-06-18 09:52:06,1477.2,233038
2021-06-18 09:52:08,1477.7,233046
2021-06-18 09:52:09,1477.7,233056
2021-06-18 09:52:10,1477.7,233078
2021-06-18 09:52:11,1477.7,233078
2021-06-18 09:52:12,1477.7,233078
2021-06-18 09:52:14,1477.3,233406
2021-06-18 09:52:15,1477.3,233406
2021-06-18 09:52:15,1477.3,233406
2021-06-18 09:52:16,1477.3,233406
2021-06-18 09:52:18,1477.3,233406
2021-06-18 09:52:19,1477.3,233406
2021-06-18 09:52:20,1477.3,233406
2021-06-18 09:52:21,1477.3,233406
2021-06-18 09:52:22,1477.25,233429
2021-06-18 09:52:24,1477.25,233429
2021-06-18 09:52:24,1477.25,233429
2021-06-18 09:52:25,1477.05,233448
2021-06-18 09:52:26,1476.85,235038
2021-06-18 09:52:27,1477.35,235357
2021-06-18 09:52:28,1477.35,235357
2021-06-18 09:52:29,1477.35,235364
2021-06-18 09:52:30,1477.3,235419
2021-06-18 09:52:31,1477.3,235419
2021-06-18 09:52:33,1477.3,235419
2021-06-18 09:52:34,1477.3,235419
2021-06-18 09:52:35,1476.8,235546
2021-06-18 09:52:36,1476.25,235796
2021-06-18 09:52:37,1476.2,235806
2021-06-18 09:52:37,1476.2,235806
2021-06-18 09:52:38,1477.0,235808
2021-06-18 09:52:39,1477.0,235808
2021-06-18 09:52:40,1477.0,235808
2021-06-18 09:52:41,1477.0,235808
2021-06-18 09:52:42,1476.85,235823
2021-06-18 09:52:43,1476.8,235824
2021-06-18 09:52:44,1476.8,235824
2021-06-18 09:52:47,1476.3,236142
2021-06-18 09:52:49,1476.8,236152
2021-06-18 09:52:50,1476.8,236162
2021-06-18 09:52:51,1476.8,236162
2021-06-18 09:52:51,1476.8,236162
2021-06-18 09:52:53,1476.8,236163
2021-06-18 09:52:53,1476.0,237977
2021-06-18 09:52:54,1475.5,238334
2021-06-18 09:52:55,1476.3,238397
2021-06-18 09:52:56,1476.3,238498
2021-06-18 09:52:58,1477.15,240207
2021-06-18 09:52:59,1477.3,240556
2021-06-18 09:52:59,1477.3,240556
2021-06-18 09:53:00,1477.3,240556
2021-06-18 09:53:01,1476.9,240578
2021-06-18 09:53:02,1477.0,240579
2021-06-18 09:53:03,1476.45,240853
2021-06-18 09:53:04,1476.3,241126
2021-06-18 09:53:05,1476.25,241139
2021-06-18 09:53:06,1476.25,241139
2021-06-18 09:53:07,1476.25,241139
2021-06-18 09:53:09,1476.0,241168
2021-06-18 09:53:09,1475.65,241193
2021-06-18 09:53:11,1475.65,241193
2021-06-18 09:53:11,1476.0,241194
2021-06-18 09:53:12,1476.0,241279
2021-06-18 09:53:13,1476.0,241293
2021-06-18 09:53:14,1476.0,241649
2021-06-18 09:53:15,1476.0,241656
2021-06-18 09:53:16,1476.6,241850
2021-06-18 09:53:17,1476.0,241858
2021-06-18 09:53:18,1476.6,241865
2021-06-18 09:53:19,1476.6,241865
2021-06-18 09:53:21,1476.6,241865
2021-06-18 09:53:24,1476.45,241908
2021-06-18 09:53:24,1477.0,241914
2021-06-18 09:53:25,1476.9,242015
2021-06-18 09:53:26,1477.8,242225
2021-06-18 09:53:27,1477.0,242230
2021-06-18 09:53:29,1477.0,242230
2021-06-18 09:53:29,1477.0,242230
2021-06-18 09:53:30,1477.0,242230
2021-06-18 09:53:31,1477.5,242231
2021-06-18 09:53:33,1476.7,242331
2021-06-18 09:53:34,1476.7,242331
2021-06-18 09:53:35,1477.5,242343
2021-06-18 09:53:35,1477.5,242343
2021-06-18 09:53:36,1477.5,242507
2021-06-18 09:53:37,1477.4,242508
2021-06-18 09:53:38,1477.0,242512
2021-06-18 09:53:39,1476.7,242552
2021-06-18 09:53:41,1476.7,242552
2021-06-18 09:53:41,1476.7,242552
2021-06-18 09:53:43,1476.7,242552
2021-06-18 09:53:43,1476.7,242552
2021-06-18 09:53:44,1477.0,242553
2021-06-18 09:53:45,1477.0,242555
2021-06-18 09:53:46,1476.45,242735
2021-06-18 09:53:48,1476.45,242740
2021-06-18 09:53:49,1476.45,242740
2021-06-18 09:53:50,1476.45,242751
2021-06-18 09:53:51,1476.4,242766
2021-06-18 09:53:52,1477.35,243117
2021-06-18 09:53:53,1476.6,243121
2021-06-18 09:53:54,1476.6,243121
2021-06-18 09:53:55,1477.0,243127
2021-06-18 09:53:56,1477.0,243177
2021-06-18 09:53:58,1477.45,243203
2021-06-18 09:53:59,1477.45,243203
2021-06-18 09:54:00,1477.0,243386
2021-06-18 09:54:01,1477.1,243426
2021-06-18 09:54:02,1477.25,243476
2021-06-18 09:54:03,1477.25,243476
2021-06-18 09:54:04,1477.25,243476
2021-06-18 09:54:05,1476.65,243494
2021-06-18 09:54:06,1476.7,243534
2021-06-18 09:54:07,1477.4,243544
2021-06-18 09:54:08,1477.4,243544
2021-06-18 09:54:09,1477.4,243544
2021-06-18 09:54:10,1476.5,243572
2021-06-18 09:54:11,1476.95,243582
2021-06-18 09:54:12,1476.95,243606
2021-06-18 09:54:13,1476.95,243607
2021-06-18 09:54:14,1476.95,243632
2021-06-18 09:54:15,1477.25,243693
2021-06-18 09:54:16,1477.25,243693
2021-06-18 09:54:17,1476.75,243703
2021-06-18 09:54:18,1476.75,243703
2021-06-18 09:54:19,1477.25,243708
2021-06-18 09:54:20,1477.65,243829
2021-06-18 09:54:20,1477.65,243829
2021-06-18 09:54:21,1477.1,243834
2021-06-18 09:54:22,1476.8,243972
2021-06-18 09:54:23,1476.8,243972
2021-06-18 09:54:24,1477.0,244147
2021-06-18 09:54:25,1477.0,244147
2021-06-18 09:54:26,1476.75,244167
2021-06-18 09:54:27,1477.0,244168
2021-06-18 09:54:28,1477.0,244168
2021-06-18 09:54:29,1477.0,244177
2021-06-18 09:54:30,1477.0,244177
2021-06-18 09:54:32,1477.3,244182
2021-06-18 09:54:33,1477.0,244188
2021-06-18 09:54:34,1477.0,244188
2021-06-18 09:54:35,1477.0,244188
2021-06-18 09:54:35,1477.0,244198
2021-06-18 09:54:36,1477.45,244339
2021-06-18 09:54:37,1476.9,244360
2021-06-18 09:54:38,1477.3,244539
2021-06-18 09:54:39,1477.3,244539
2021-06-18 09:54:41,1477.0,244564
2021-06-18 09:54:42,1477.0,244589
2021-06-18 09:54:43,1476.5,244946
2021-06-18 09:54:44,1476.6,244954
2021-06-18 09:54:45,1476.6,244954
2021-06-18 09:54:46,1476.6,244954
2021-06-18 09:54:47,1476.6,244954
2021-06-18 09:54:48,1476.7,245010
2021-06-18 09:54:49,1476.7,245012
2021-06-18 09:54:50,1476.7,245012
2021-06-18 09:54:51,1476.7,245067
2021-06-18 09:54:52,1477.0,245269
2021-06-18 09:54:53,1477.0,245269
2021-06-18 09:54:53,1477.0,245278
2021-06-18 09:54:54,1477.3,245288
2021-06-18 09:54:55,1477.3,245288
2021-06-18 09:54:57,1476.75,245381
2021-06-18 09:54:58,1476.8,245431
2021-06-18 09:54:58,1476.9,245455
2021-06-18 09:54:59,1476.9,245455
2021-06-18 09:55:00,1476.7,245472
2021-06-18 09:55:01,1476.7,245640
2021-06-18 09:55:02,1476.7,245640
2021-06-18 09:55:03,1476.8,245672
2021-06-18 09:55:04,1476.7,245702
2021-06-18 09:55:06,1476.7,245702
2021-06-18 09:55:07,1476.7,245702
2021-06-18 09:55:08,1476.7,245702
2021-06-18 09:55:09,1476.5,245898
2021-06-18 09:55:10,1476.4,245919
2021-06-18 09:55:11,1476.65,245939
2021-06-18 09:55:12,1476.45,245940
2021-06-18 09:55:13,1476.45,245940
2021-06-18 09:55:14,1476.0,246102
2021-06-18 09:55:14,1476.25,246117
2021-06-18 09:55:15,1475.55,247495
2021-06-18 09:55:16,1475.4,247719
2021-06-18 09:55:18,1475.4,247719
2021-06-18 09:55:19,1476.0,248046
2021-06-18 09:55:20,1475.35,248053
2021-06-18 09:55:21,1475.35,248055
2021-06-18 09:55:23,1475.3,248060
2021-06-18 09:55:25,1475.2,248283
2021-06-18 09:55:26,1475.35,248288
2021-06-18 09:55:28,1475.0,253985
2021-06-18 09:55:28,1475.0,253989
2021-06-18 09:55:30,1475.0,253993
2021-06-18 09:55:32,1475.0,254020
2021-06-18 09:55:33,1475.0,254020
2021-06-18 09:55:33,1475.0,254020
2021-06-18 09:55:34,1473.75,255175
2021-06-18 09:55:35,1474.35,255178
2021-06-18 09:55:36,1475.0,255446
2021-06-18 09:55:37,1475.0,255471
2021-06-18 09:55:39,1474.5,255593
2021-06-18 09:55:40,1474.5,255643
2021-06-18 09:55:41,1474.35,255654
2021-06-18 09:55:42,1474.8,255712
2021-06-18 09:55:42,1474.8,255712
2021-06-18 09:55:44,1474.8,255712
2021-06-18 09:55:44,1474.5,255718
2021-06-18 09:55:45,1474.5,255718
2021-06-18 09:55:46,1474.5,255724
2021-06-18 09:55:47,1474.2,255746
2021-06-18 09:55:49,1473.85,256215
2021-06-18 09:55:50,1474.2,256238
2021-06-18 09:55:51,1474.2,256238
2021-06-18 09:55:52,1474.2,256271
2021-06-18 09:55:53,1473.7,256837
2021-06-18 09:55:54,1473.5,257098
2021-06-18 09:55:56,1473.85,257618
2021-06-18 09:55:57,1473.5,257620
2021-06-18 09:55:59,1474.25,257933
2021-06-18 09:56:00,1474.25,257933
2021-06-18 09:56:01,1473.7,257973
2021-06-18 09:56:01,1473.1,258078
2021-06-18 09:56:02,1473.1,258078
2021-06-18 09:56:03,1473.05,258088
2021-06-18 09:56:04,1473.2,258128
2021-06-18 09:56:05,1473.2,258128
2021-06-18 09:56:07,1473.9,258138
2021-06-18 09:56:08,1472.2,264246
2021-06-18 09:56:09,1473.1,264500
2021-06-18 09:56:10,1473.4,265607
2021-06-18 09:56:11,1473.4,265608
2021-06-18 09:56:12,1473.4,265608
2021-06-18 09:56:13,1473.1,265610
2021-06-18 09:56:14,1473.3,265623
2021-06-18 09:56:15,1473.15,265635
2021-06-18 09:56:16,1473.3,265645
2021-06-18 09:56:16,1473.3,265645
2021-06-18 09:56:18,1473.15,265785
2021-06-18 09:56:19,1473.4,265810
2021-06-18 09:56:19,1473.4,265810
2021-06-18 09:56:21,1473.3,265949
2021-06-18 09:56:21,1473.3,265949
2021-06-18 09:56:23,1473.3,266037
2021-06-18 09:56:24,1473.35,266042
2021-06-18 09:56:25,1473.35,266043
2021-06-18 09:56:26,1473.0,266073
2021-06-18 09:56:30,1473.35,266132
2021-06-18 09:56:31,1473.0,266172
2021-06-18 09:56:33,1473.0,266172
2021-06-18 09:56:34,1473.2,266182
2021-06-18 09:56:35,1473.2,266182
2021-06-18 09:56:36,1473.4,267057
2021-06-18 09:56:37,1473.4,267343
2021-06-18 09:56:38,1473.25,267647
2021-06-18 09:56:39,1473.4,267657
2021-06-18 09:56:40,1473.4,267657
2021-06-18 09:56:41,1473.3,268662
2021-06-18 09:56:42,1473.4,268774
2021-06-18 09:56:43,1473.4,268775
2021-06-18 09:56:44,1473.3,269004
2021-06-18 09:56:45,1473.3,269015
2021-06-18 09:56:46,1473.3,269018
2021-06-18 09:56:47,1473.4,269026
2021-06-18 09:56:48,1473.4,269036
2021-06-18 09:56:49,1473.4,269039
2021-06-18 09:56:50,1473.3,269091
2021-06-18 09:56:51,1473.4,269144
2021-06-18 09:56:52,1473.4,269164
2021-06-18 09:56:53,1473.35,269265
2021-06-18 09:56:53,1473.0,269286
2021-06-18 09:56:54,1473.4,269336
2021-06-18 09:56:55,1473.4,269337
2021-06-18 09:56:56,1473.4,269337
2021-06-18 09:56:58,1473.2,269349
2021-06-18 09:56:59,1473.4,269559
2021-06-18 09:57:00,1473.3,269609
2021-06-18 09:57:01,1472.8,270716
2021-06-18 09:57:02,1472.85,270725
2021-06-18 09:57:02,1472.85,270725
2021-06-18 09:57:03,1472.2,270820
2021-06-18 09:57:04,1472.2,270820
2021-06-18 09:57:05,1472.2,270820
2021-06-18 09:57:07,1472.55,271237
2021-06-18 09:57:08,1472.55,271287
2021-06-18 09:57:09,1472.2,271382
2021-06-18 09:57:10,1471.05,272634
2021-06-18 09:57:11,1471.05,272634
2021-06-18 09:57:12,1471.05,276466
2021-06-18 09:57:13,1471.35,277110
2021-06-18 09:57:14,1471.1,278265
2021-06-18 09:57:15,1470.5,278329
2021-06-18 09:57:16,1471.15,278639
2021-06-18 09:57:17,1471.15,278640
2021-06-18 09:57:18,1471.2,278650
2021-06-18 09:57:19,1471.2,279017
2021-06-18 09:57:20,1470.95,279032
2021-06-18 09:57:21,1471.05,279080
2021-06-18 09:57:21,1471.05,279085
2021-06-18 09:57:23,1471.0,279095
2021-06-18 09:57:24,1470.55,279245
2021-06-18 09:57:25,1471.0,279273
2021-06-18 09:57:26,1471.0,280130
2021-06-18 09:57:26,1471.0,280132
2021-06-18 09:57:28,1471.0,280197
2021-06-18 09:57:28,1471.0,280187
2021-06-18 09:57:30,1471.0,280338
2021-06-18 09:57:31,1471.1,281321
2021-06-18 09:57:32,1472.0,281603
2021-06-18 09:57:33,1471.9,281644
2021-06-18 09:57:34,1471.15,281659
2021-06-18 09:57:36,1471.1,282132
2021-06-18 09:57:37,1471.1,282133
2021-06-18 09:57:38,1470.6,282505
2021-06-18 09:57:39,1471.75,282660
2021-06-18 09:57:40,1471.75,282660
2021-06-18 09:57:41,1471.1,282761
2021-06-18 09:57:42,1471.1,282761
2021-06-18 09:57:42,1471.1,282761
2021-06-18 09:57:43,1471.9,282792
2021-06-18 09:57:44,1471.95,282802
2021-06-18 09:57:45,1471.95,282802
2021-06-18 09:57:46,1471.95,282802
2021-06-18 09:57:48,1471.95,282827
2021-06-18 09:57:49,1471.95,282827
2021-06-18 09:57:49,1471.95,282827
2021-06-18 09:57:51,1471.9,282832
2021-06-18 09:57:52,1471.9,282855
2021-06-18 09:57:53,1471.85,282865
2021-06-18 09:57:54,1471.95,282875
2021-06-18 09:57:55,1471.1,283456
2021-06-18 09:57:56,1471.0,284046
2021-06-18 09:57:57,1471.35,284047
2021-06-18 09:57:57,1471.35,284047
2021-06-18 09:57:58,1471.35,284069
2021-06-18 09:58:00,1471.35,284069
2021-06-18 09:58:01,1471.35,284069
2021-06-18 09:58:01,1471.35,284069
2021-06-18 09:58:02,1472.25,284125
2021-06-18 09:58:03,1472.1,284127
2021-06-18 09:58:05,1472.9,284132
2021-06-18 09:58:06,1473.3,284133
2021-06-18 09:58:07,1472.55,284677
2021-06-18 09:58:09,1472.65,284687
2021-06-18 09:58:10,1472.45,284712
2021-06-18 09:58:11,1473.15,284729
2021-06-18 09:58:13,1473.4,284848
2021-06-18 09:58:13,1473.65,285314
2021-06-18 09:58:15,1474.3,285530
2021-06-18 09:58:16,1473.6,285531
2021-06-18 09:58:17,1473.6,285566
2021-06-18 09:58:18,1473.6,285601
2021-06-18 09:58:19,1473.6,285606
2021-06-18 09:58:20,1473.6,285606
2021-06-18 09:58:21,1473.6,285663
2021-06-18 09:58:22,1473.6,285675
2021-06-18 09:58:23,1474.0,285729
2021-06-18 09:58:24,1474.0,285729
2021-06-18 09:58:25,1474.0,285729
2021-06-18 09:58:26,1473.6,285781
2021-06-18 09:58:27,1473.4,286210
2021-06-18 09:58:28,1473.4,286210
2021-06-18 09:58:29,1473.4,286210
2021-06-18 09:58:30,1473.4,286210
2021-06-18 09:58:31,1473.4,286210
2021-06-18 09:58:32,1473.15,286235
2021-06-18 09:58:33,1473.15,286235
2021-06-18 09:58:34,1474.25,286764
2021-06-18 09:58:35,1474.7,286824
2021-06-18 09:58:36,1474.7,286834
2021-06-18 09:58:36,1474.7,286824
2021-06-18 09:58:37,1474.2,286864
2021-06-18 09:58:39,1473.95,287174
2021-06-18 09:58:40,1473.95,287176
2021-06-18 09:58:41,1473.95,287176
2021-06-18 09:58:42,1473.65,287310
2021-06-18 09:58:43,1473.5,287421
2021-06-18 09:58:44,1473.5,287421
2021-06-18 09:58:45,1473.5,287426
2021-06-18 09:58:45,1473.5,287426
2021-06-18 09:58:47,1473.5,287426
2021-06-18 09:58:47,1473.5,287426
2021-06-18 09:58:48,1473.5,287426
2021-06-18 09:58:50,1473.7,287428
2021-06-18 09:58:51,1473.7,287478
2021-06-18 09:58:52,1474.05,287578
2021-06-18 09:58:53,1474.15,287579
2021-06-18 09:58:54,1474.15,287591
2021-06-18 09:58:55,1474.15,287591
2021-06-18 09:58:56,1473.15,287593
2021-06-18 09:58:57,1473.15,287594
2021-06-18 09:58:59,1473.6,287596
2021-06-18 09:58:58,1473.6,287596
2021-06-18 09:59:00,1473.6,287596
2021-06-18 09:59:01,1473.0,287711
2021-06-18 09:59:02,1473.65,287716
2021-06-18 09:59:03,1473.0,288291
2021-06-18 09:59:04,1473.45,288332
2021-06-18 09:59:05,1473.45,288363
2021-06-18 09:59:06,1473.45,288363
2021-06-18 09:59:07,1473.45,288531
2021-06-18 09:59:08,1474.2,288556
2021-06-18 09:59:09,1473.6,288676
2021-06-18 09:59:10,1474.2,288797
2021-06-18 09:59:11,1474.15,288808
2021-06-18 09:59:12,1473.45,289348
2021-06-18 09:59:13,1473.75,289558
2021-06-18 09:59:14,1473.5,289593
2021-06-18 09:59:15,1473.5,289593
2021-06-18 09:59:15,1473.55,289594
2021-06-18 09:59:17,1473.5,289722
2021-06-18 09:59:18,1473.55,289732
2021-06-18 09:59:19,1473.55,289732
2021-06-18 09:59:19,1473.55,289732
2021-06-18 09:59:21,1473.6,290537
2021-06-18 09:59:22,1473.6,290537
2021-06-18 09:59:22,1473.05,290587
2021-06-18 09:59:24,1473.55,290704
2021-06-18 09:59:24,1473.55,290704
2021-06-18 09:59:26,1473.0,291279
2021-06-18 09:59:27,1473.3,291299
2021-06-18 09:59:28,1473.3,291304
2021-06-18 09:59:29,1473.8,291906
2021-06-18 09:59:29,1473.8,291906
2021-06-18 09:59:30,1473.8,291906
2021-06-18 09:59:31,1472.8,292806
2021-06-18 09:59:33,1473.8,292906
2021-06-18 09:59:34,1473.8,292906
2021-06-18 09:59:35,1473.8,292906
2021-06-18 09:59:36,1473.15,293488
2021-06-18 09:59:37,1473.4,293519
2021-06-18 09:59:38,1473.55,293523
2021-06-18 09:59:39,1473.55,293523
2021-06-18 09:59:40,1473.55,293528
2021-06-18 09:59:41,1473.05,293542
2021-06-18 09:59:42,1473.05,293562
2021-06-18 09:59:43,1473.05,293562
2021-06-18 09:59:44,1473.5,293565
2021-06-18 09:59:45,1473.6,293568
2021-06-18 09:59:46,1473.6,293568
2021-06-18 09:59:46,1473.6,293568
2021-06-18 09:59:47,1473.1,293580
2021-06-18 09:59:48,1473.75,293849
2021-06-18 09:59:49,1474.15,294050
2021-06-18 09:59:50,1474.15,294050
2021-06-18 09:59:51,1474.15,294050
2021-06-18 09:59:53,1474.2,294052
2021-06-18 09:59:54,1473.6,294083
2021-06-18 09:59:55,1473.6,294083
2021-06-18 09:59:56,1474.0,294094
2021-06-18 09:59:58,1473.6,294204
2021-06-18 09:59:59,1473.6,294204
2021-06-18 09:59:59,1473.6,294204
2021-06-18 10:00:01,1473.6,294214
2021-06-18 10:00:02,1473.6,294214
2021-06-18 10:00:03,1473.6,294214
2021-06-18 10:00:04,1473.85,294224
2021-06-18 10:00:05,1473.85,294236
2021-06-18 10:00:06,1473.85,294236
2021-06-18 10:00:07,1473.85,294236
2021-06-18 10:00:08,1473.6,294247
2021-06-18 10:00:09,1473.6,294247
2021-06-18 10:00:10,1473.6,294247
2021-06-18 10:00:11,1473.25,294312
2021-06-18 10:00:12,1473.25,294341
2021-06-18 10:00:13,1473.25,294341
2021-06-18 10:00:14,1473.3,294563
2021-06-18 10:00:15,1473.3,294563
2021-06-18 10:00:16,1473.3,294563
2021-06-18 10:00:17,1473.3,294573
2021-06-18 10:00:18,1473.3,294573
2021-06-18 10:00:20,1473.3,294903
2021-06-18 10:00:21,1473.6,295052
2021-06-18 10:00:22,1473.0,295054
2021-06-18 10:00:23,1473.0,295180
2021-06-18 10:00:24,1473.3,295185
2021-06-18 10:00:25,1473.3,295188
2021-06-18 10:00:26,1473.3,295188
2021-06-18 10:00:27,1473.0,295189
2021-06-18 10:00:28,1473.0,295189
2021-06-18 10:00:29,1473.0,295195
2021-06-18 10:00:30,1473.0,295208
2021-06-18 10:00:31,1473.25,295209
2021-06-18 10:00:32,1473.25,295272
2021-06-18 10:00:33,1473.35,295284
2021-06-18 10:00:34,1473.35,295285
2021-06-18 10:00:35,1472.45,295476
2021-06-18 10:00:36,1473.3,295617
2021-06-18 10:00:37,1473.35,295627
2021-06-18 10:00:38,1472.95,295647
2021-06-18 10:00:39,1472.95,295647
2021-06-18 10:00:40,1472.95,295647
2021-06-18 10:00:41,1473.35,295733
2021-06-18 10:00:42,1473.0,295753
2021-06-18 10:00:43,1473.3,295756
2021-06-18 10:00:44,1473.3,295756
2021-06-18 10:00:45,1473.05,295771
2021-06-18 10:00:46,1473.3,295772
2021-06-18 10:00:47,1473.3,295772
2021-06-18 10:00:49,1473.05,295775
2021-06-18 10:00:50,1473.05,295844
2021-06-18 10:00:51,1473.05,295844
2021-06-18 10:00:52,1473.2,295846
2021-06-18 10:00:54,1473.25,295850
2021-06-18 10:00:56,1473.0,295960
2021-06-18 10:00:57,1473.0,295961
2021-06-18 10:00:58,1473.0,295981
2021-06-18 10:00:59,1473.35,296191
2021-06-18 10:01:00,1473.35,296191
2021-06-18 10:01:01,1473.35,296222
2021-06-18 10:01:02,1473.35,296222
2021-06-18 10:01:03,1473.35,296222
2021-06-18 10:01:04,1473.35,296272
2021-06-18 10:01:05,1473.35,296272
2021-06-18 10:01:06,1473.35,296277
2021-06-18 10:01:07,1473.0,296297
2021-06-18 10:01:08,1473.35,299242
2021-06-18 10:01:09,1473.35,299647
2021-06-18 10:01:10,1473.25,299720
2021-06-18 10:01:11,1473.35,299735
2021-06-18 10:01:12,1473.0,299742
2021-06-18 10:01:13,1473.05,299748
2021-06-18 10:01:14,1473.05,299748
2021-06-18 10:01:15,1473.25,299799
2021-06-18 10:01:16,1473.25,299799
2021-06-18 10:01:18,1473.35,299825
2021-06-18 10:01:17,1473.05,299820
2021-06-18 10:01:19,1473.05,299826
2021-06-18 10:01:21,1473.05,300006
2021-06-18 10:01:22,1473.1,300016
2021-06-18 10:01:23,1473.1,300016
2021-06-18 10:01:24,1473.1,300016
2021-06-18 10:01:25,1473.1,300016
2021-06-18 10:01:26,1473.1,300016
2021-06-18 10:01:27,1473.1,300016
2021-06-18 10:01:28,1473.1,300016
2021-06-18 10:01:29,1473.35,300220
2021-06-18 10:01:30,1473.35,300220
2021-06-18 10:01:31,1473.1,300235
2021-06-18 10:01:32,1473.1,300235
2021-06-18 10:01:33,1472.8,300669
2021-06-18 10:01:34,1472.75,300743
2021-06-18 10:01:35,1472.85,300746
2021-06-18 10:01:36,1472.85,300747
2021-06-18 10:01:37,1472.85,300751
2021-06-18 10:01:38,1472.85,300751
2021-06-18 10:01:39,1473.0,300880
2021-06-18 10:01:40,1473.1,300893
2021-06-18 10:01:41,1473.1,300900
2021-06-18 10:01:42,1473.1,300901
2021-06-18 10:01:43,1472.85,300961
2021-06-18 10:01:44,1473.1,300963
2021-06-18 10:01:46,1473.1,301004
2021-06-18 10:01:47,1473.1,301004
2021-06-18 10:01:48,1473.1,301030
2021-06-18 10:01:49,1473.1,301030
2021-06-18 10:01:50,1473.1,301055
2021-06-18 10:01:51,1473.1,301230
2021-06-18 10:01:52,1473.25,301676
2021-06-18 10:01:53,1473.25,301676
2021-06-18 10:01:54,1473.0,301697
2021-06-18 10:01:55,1473.0,301697
2021-06-18 10:01:56,1473.25,301757
2021-06-18 10:01:57,1473.5,302092
2021-06-18 10:01:58,1473.5,302092
2021-06-18 10:01:59,1473.5,302093
2021-06-18 10:02:00,1473.5,302093
2021-06-18 10:02:01,1473.5,302093
2021-06-18 10:02:02,1473.5,302093
2021-06-18 10:02:03,1473.5,302098
2021-06-18 10:02:04,1473.5,302108
2021-06-18 10:02:05,1473.5,302108
2021-06-18 10:02:06,1473.5,302108
2021-06-18 10:02:07,1473.5,302108
2021-06-18 10:02:08,1473.25,302161
2021-06-18 10:02:09,1473.5,302171
2021-06-18 10:02:10,1473.5,302181
2021-06-18 10:02:11,1473.55,302247
2021-06-18 10:02:12,1473.55,302250
2021-06-18 10:02:13,1473.55,302250
2021-06-18 10:02:14,1473.6,302331
2021-06-18 10:02:15,1473.5,302419
2021-06-18 10:02:16,1473.05,302469
2021-06-18 10:02:17,1473.05,302469
2021-06-18 10:02:18,1474.0,302677
2021-06-18 10:02:19,1474.0,302677
2021-06-18 10:02:20,1474.0,302844
2021-06-18 10:02:21,1473.95,303013
2021-06-18 10:02:22,1473.95,303038
2021-06-18 10:02:23,1473.95,303038
2021-06-18 10:02:25,1473.95,303038
2021-06-18 10:02:26,1474.0,303138
2021-06-18 10:02:26,1474.0,303138
2021-06-18 10:02:27,1474.0,303138
2021-06-18 10:02:28,1474.0,303138
2021-06-18 10:02:29,1474.5,305467
2021-06-18 10:02:30,1474.7,305480
2021-06-18 10:02:31,1475.05,305687
2021-06-18 10:02:32,1475.45,306302
2021-06-18 10:02:33,1475.8,306320
2021-06-18 10:02:34,1475.8,306471
2021-06-18 10:02:35,1475.8,306481
2021-06-18 10:02:36,1475.65,306484
2021-06-18 10:02:37,1475.2,306514
2021-06-18 10:02:38,1475.2,306514
2021-06-18 10:02:39,1475.25,306515
2021-06-18 10:02:40,1476.05,306674
2021-06-18 10:02:41,1475.55,306688
2021-06-18 10:02:42,1476.4,306693
2021-06-18 10:02:43,1476.4,306693
2021-06-18 10:02:44,1476.4,306693
2021-06-18 10:02:45,1476.4,306693
2021-06-18 10:02:46,1476.5,306753
2021-06-18 10:02:47,1476.6,306754
2021-06-18 10:02:48,1476.95,306955
2021-06-18 10:02:50,1476.95,306955
2021-06-18 10:02:50,1476.95,306955
2021-06-18 10:02:51,1476.95,306955
2021-06-18 10:02:52,1477.0,306957
2021-06-18 10:02:53,1477.2,306968
2021-06-18 10:02:54,1477.3,306988
2021-06-18 10:02:56,1477.3,307028
2021-06-18 10:02:56,1477.3,307039
2021-06-18 10:02:57,1477.3,307418
2021-06-18 10:02:58,1477.3,307418
2021-06-18 10:03:00,1477.2,307917
2021-06-18 10:03:00,1477.2,307917
2021-06-18 10:03:01,1476.65,307918
2021-06-18 10:03:02,1477.2,307928
2021-06-18 10:03:03,1476.4,308194
2021-06-18 10:03:05,1476.0,308197
2021-06-18 10:03:06,1476.0,308202
2021-06-18 10:03:08,1476.0,308261
2021-06-18 10:03:08,1476.0,308261
2021-06-18 10:03:09,1476.0,308261
2021-06-18 10:03:10,1476.0,308261
2021-06-18 10:03:12,1476.0,308261
2021-06-18 10:03:13,1476.15,308637
2021-06-18 10:03:14,1476.55,308648
2021-06-18 10:03:16,1476.55,308648
2021-06-18 10:03:16,1476.55,308648
2021-06-18 10:03:18,1476.55,308740
2021-06-18 10:03:19,1476.55,308740
2021-06-18 10:03:21,1476.45,308790
2021-06-18 10:03:22,1476.45,308815
2021-06-18 10:03:24,1476.45,308815
2021-06-18 10:03:25,1476.45,308850
2021-06-18 10:03:25,1476.45,308860
2021-06-18 10:03:26,1476.45,308862
2021-06-18 10:03:27,1476.45,308864
2021-06-18 10:03:28,1476.05,308879
2021-06-18 10:03:29,1476.45,308889
2021-06-18 10:03:30,1476.35,308909
2021-06-18 10:03:31,1476.45,309060
2021-06-18 10:03:32,1476.85,309480
2021-06-18 10:03:33,1476.85,309480
2021-06-18 10:03:34,1476.85,309495
2021-06-18 10:03:35,1476.85,309495
2021-06-18 10:03:36,1476.85,309495
2021-06-18 10:03:37,1476.85,309505
2021-06-18 10:03:39,1476.85,309521
2021-06-18 10:03:39,1476.85,309576
2021-06-18 10:03:40,1476.85,309582
2021-06-18 10:03:41,1476.85,309582
2021-06-18 10:03:42,1476.85,309598
2021-06-18 10:03:43,1477.0,309601
2021-06-18 10:03:44,1477.0,310347
2021-06-18 10:03:45,1476.9,310448
2021-06-18 10:03:46,1477.0,310456
2021-06-18 10:03:48,1477.0,310456
2021-06-18 10:03:48,1477.0,310456
2021-06-18 10:03:49,1477.0,310456
2021-06-18 10:03:50,1477.3,311002
2021-06-18 10:03:51,1477.65,311081
2021-06-18 10:03:53,1477.65,311081
2021-06-18 10:03:53,1477.65,311081
2021-06-18 10:03:54,1477.65,311081
2021-06-18 10:03:56,1477.65,311081
2021-06-18 10:03:56,1477.65,311081
2021-06-18 10:03:58,1477.15,311197
2021-06-18 10:03:58,1477.15,311201
2021-06-18 10:03:59,1477.15,311211
2021-06-18 10:04:00,1477.6,311261
2021-06-18 10:04:01,1477.2,311290
2021-06-18 10:04:02,1477.2,311291
2021-06-18 10:04:03,1477.2,311296
2021-06-18 10:04:04,1477.2,311296
2021-06-18 10:04:06,1477.0,311828
2021-06-18 10:04:06,1477.0,311821
2021-06-18 10:04:07,1477.15,311832
2021-06-18 10:04:08,1477.15,311832
2021-06-18 10:04:09,1477.1,311878
2021-06-18 10:04:10,1477.15,311898
2021-06-18 10:04:11,1477.15,311907
2021-06-18 10:04:12,1477.15,311927
2021-06-18 10:04:13,1477.15,311928
2021-06-18 10:04:15,1477.05,312264
2021-06-18 10:04:15,1477.05,312264
2021-06-18 10:04:16,1477.15,312275
2021-06-18 10:04:17,1477.05,312280
2021-06-18 10:04:19,1477.05,312280
2021-06-18 10:04:19,1477.05,312280
2021-06-18 10:04:20,1477.05,312280
2021-06-18 10:04:21,1477.05,312283
2021-06-18 10:04:23,1477.05,312332
2021-06-18 10:04:23,1477.35,312346
2021-06-18 10:04:24,1477.35,312361
2021-06-18 10:04:26,1477.35,312361
2021-06-18 10:04:27,1477.35,312361
2021-06-18 10:04:27,1477.35,312361
2021-06-18 10:04:28,1476.95,313053
2021-06-18 10:04:29,1477.35,313103
2021-06-18 10:04:30,1477.65,313118
2021-06-18 10:04:31,1477.4,313128
2021-06-18 10:04:33,1477.65,313713
2021-06-18 10:04:34,1477.65,313734
2021-06-18 10:04:35,1477.25,313798
2021-06-18 10:04:35,1477.25,313798
2021-06-18 10:04:36,1476.5,314330
2021-06-18 10:04:37,1476.5,314330
2021-06-18 10:04:38,1476.5,314330
2021-06-18 10:04:39,1476.5,314330
2021-06-18 10:04:40,1476.6,314331
2021-06-18 10:04:42,1476.6,314331
2021-06-18 10:04:43,1477.4,314346
2021-06-18 10:04:44,1477.4,314356
2021-06-18 10:04:45,1477.4,314356
2021-06-18 10:04:46,1477.4,314356
2021-06-18 10:04:47,1477.25,314931
2021-06-18 10:04:47,1477.25,314931
2021-06-18 10:04:48,1477.25,316510
2021-06-18 10:04:49,1477.0,316681
2021-06-18 10:04:50,1477.45,316691
2021-06-18 10:04:51,1477.0,316697
2021-06-18 10:04:52,1477.5,316727
2021-06-18 10:04:53,1477.5,316727
2021-06-18 10:04:54,1477.5,316727
2021-06-18 10:04:55,1477.5,316727
2021-06-18 10:04:56,1477.0,316732
2021-06-18 10:04:57,1477.0,316732
2021-06-18 10:04:58,1477.0,316732
2021-06-18 10:04:59,1477.25,316739
2021-06-18 10:05:01,1477.1,316758
2021-06-18 10:05:02,1477.5,316808
2021-06-18 10:05:02,1477.5,316808
2021-06-18 10:05:03,1477.5,316809
2021-06-18 10:05:04,1477.5,316809
2021-06-18 10:05:05,1477.1,316884
2021-06-18 10:05:06,1477.5,316889
2021-06-18 10:05:07,1477.5,316889
2021-06-18 10:05:09,1477.65,317203
2021-06-18 10:05:10,1477.9,317231
2021-06-18 10:05:11,1477.9,317231
2021-06-18 10:05:11,1477.9,317231
2021-06-18 10:05:12,1477.9,317231
2021-06-18 10:05:13,1478.8,317547
2021-06-18 10:05:14,1478.6,317717
2021-06-18 10:05:16,1478.5,317727
2021-06-18 10:05:17,1478.05,317937
2021-06-18 10:05:18,1477.95,317992
2021-06-18 10:05:19,1477.15,318402
2021-06-18 10:05:19,1477.15,318402
2021-06-18 10:05:20,1477.8,318414
2021-06-18 10:05:21,1477.8,318415
2021-06-18 10:05:23,1478.05,318485
2021-06-18 10:05:24,1478.15,318488
2021-06-18 10:05:25,1477.95,318523
2021-06-18 10:05:26,1478.15,319600
2021-06-18 10:05:27,1477.85,319982
2021-06-18 10:05:28,1477.9,319987
2021-06-18 10:05:29,1477.85,320178
2021-06-18 10:05:30,1477.45,320778
2021-06-18 10:05:31,1477.8,320793
2021-06-18 10:05:32,1477.8,320793
2021-06-18 10:05:32,1477.8,320793
2021-06-18 10:05:33,1477.8,320795
2021-06-18 10:05:34,1477.8,320800
2021-06-18 10:05:36,1477.8,320800
2021-06-18 10:05:37,1477.95,321700
2021-06-18 10:05:37,1477.95,321700
2021-06-18 10:05:38,1477.95,321721
2021-06-18 10:05:39,1477.45,321996
2021-06-18 10:05:40,1477.95,321997
2021-06-18 10:05:42,1477.95,322007
2021-06-18 10:05:43,1477.5,322019
2021-06-18 10:05:44,1477.55,322034
2021-06-18 10:05:45,1477.4,322229
2021-06-18 10:05:45,1477.4,322229
2021-06-18 10:05:46,1477.4,322229
2021-06-18 10:05:47,1477.8,322231
2021-06-18 10:05:48,1477.95,322740
2021-06-18 10:05:49,1477.4,322783
2021-06-18 10:05:52,1477.9,322983
2021-06-18 10:05:53,1477.85,323063
2021-06-18 10:05:54,1477.95,323066
2021-06-18 10:05:54,1477.95,323064
2021-06-18 10:05:55,1477.5,323116
2021-06-18 10:05:56,1477.95,323127
2021-06-18 10:05:57,1477.95,323132
2021-06-18 10:05:58,1477.95,323132
2021-06-18 10:05:59,1477.95,323132
2021-06-18 10:06:01,1477.9,323692
2021-06-18 10:06:02,1477.6,323742
2021-06-18 10:06:03,1477.95,323867
2021-06-18 10:06:04,1477.95,323867
2021-06-18 10:06:05,1477.95,323916
2021-06-18 10:06:06,1477.95,323966
2021-06-18 10:06:07,1477.9,323991
2021-06-18 10:06:08,1477.6,324033
2021-06-18 10:06:08,1477.6,324033
2021-06-18 10:06:09,1477.6,324033
2021-06-18 10:06:10,1477.6,324033
2021-06-18 10:06:11,1477.8,324573
2021-06-18 10:06:12,1477.8,324593
2021-06-18 10:06:13,1477.85,324640
2021-06-18 10:06:14,1477.8,324942
2021-06-18 10:06:16,1477.2,324963
2021-06-18 10:06:17,1477.2,325139
2021-06-18 10:06:18,1477.2,325159
2021-06-18 10:06:18,1477.15,325408
2021-06-18 10:06:19,1477.8,326983
2021-06-18 10:06:20,1476.95,327004
2021-06-18 10:06:21,1476.95,327004
2021-06-18 10:06:22,1476.95,327004
2021-06-18 10:06:23,1477.85,327906
2021-06-18 10:06:24,1477.5,327927
2021-06-18 10:06:27,1477.9,327965
2021-06-18 10:06:27,1477.9,327965
2021-06-18 10:06:28,1477.9,327967
2021-06-18 10:06:29,1477.9,327967
2021-06-18 10:06:30,1477.9,327975
2021-06-18 10:06:31,1477.9,328005
2021-06-18 10:06:32,1477.6,328216
2021-06-18 10:06:33,1477.6,328216
2021-06-18 10:06:35,1477.9,328706
2021-06-18 10:06:36,1477.5,328734
2021-06-18 10:06:37,1477.5,328734
2021-06-18 10:06:38,1477.95,328785
2021-06-18 10:06:38,1477.95,328785
2021-06-18 10:06:39,1477.95,328785
2021-06-18 10:06:40,1477.95,328785
2021-06-18 10:06:43,1477.95,328801
2021-06-18 10:06:44,1477.9,328935
2021-06-18 10:06:45,1477.9,328946
2021-06-18 10:06:45,1477.9,328946
2021-06-18 10:06:46,1477.9,328946
2021-06-18 10:06:47,1477.9,328951
2021-06-18 10:06:48,1477.9,328951
2021-06-18 10:06:49,1477.95,329085
2021-06-18 10:06:50,1478.0,329175
2021-06-18 10:06:51,1478.0,329175
2021-06-18 10:06:52,1477.85,329250
2021-06-18 10:06:54,1478.0,329251
2021-06-18 10:06:55,1478.0,329408
2021-06-18 10:06:56,1478.0,329408
2021-06-18 10:06:57,1478.35,329986
2021-06-18 10:06:57,1478.35,329997
2021-06-18 10:06:58,1478.0,331497
2021-06-18 10:06:59,1478.0,331497
2021-06-18 10:07:00,1478.35,331662
2021-06-18 10:07:01,1478.2,331663
2021-06-18 10:07:02,1478.35,331668
2021-06-18 10:07:04,1478.35,331725
2021-06-18 10:07:05,1478.35,331725
2021-06-18 10:07:06,1478.35,331735
2021-06-18 10:07:06,1478.35,331735
2021-06-18 10:07:07,1478.05,331766
2021-06-18 10:07:09,1478.05,331766
2021-06-18 10:07:10,1478.35,331873
2021-06-18 10:07:11,1478.0,331881
2021-06-18 10:07:12,1478.35,331886
2021-06-18 10:07:13,1478.0,332351
2021-06-18 10:07:14,1478.0,332351
2021-06-18 10:07:15,1478.0,332351
2021-06-18 10:07:16,1478.05,332406
2021-06-18 10:07:17,1478.05,332406
2021-06-18 10:07:18,1478.05,332406
2021-06-18 10:07:18,1478.2,332411
2021-06-18 10:07:20,1476.55,332823
2021-06-18 10:07:21,1477.05,333101
2021-06-18 10:07:22,1476.5,333372
2021-06-18 10:07:23,1477.3,333399
2021-06-18 10:07:23,1477.3,333400
2021-06-18 10:07:25,1477.3,333400
2021-06-18 10:07:26,1476.65,333413
2021-06-18 10:07:28,1477.65,333423
2021-06-18 10:07:29,1477.65,333423
2021-06-18 10:07:30,1477.65,333423
2021-06-18 10:07:31,1477.0,333575
2021-06-18 10:07:32,1477.3,333595
2021-06-18 10:07:33,1477.7,333645
2021-06-18 10:07:33,1477.7,333645
2021-06-18 10:07:34,1477.7,333645
2021-06-18 10:07:38,1477.7,333645
2021-06-18 10:07:39,1477.3,333778
2021-06-18 10:07:40,1477.85,333828
2021-06-18 10:07:41,1477.5,333928
2021-06-18 10:07:42,1477.55,333933
2021-06-18 10:07:43,1477.55,333933
2021-06-18 10:07:43,1477.55,333933
2021-06-18 10:07:44,1477.35,333948
2021-06-18 10:07:46,1476.9,334696
2021-06-18 10:07:47,1476.9,334696
2021-06-18 10:07:47,1476.9,334696
2021-06-18 10:07:48,1476.75,334701
2021-06-18 10:07:49,1476.75,334726
2021-06-18 10:07:50,1476.75,334726
2021-06-18 10:07:51,1477.3,334756
2021-06-18 10:07:52,1477.3,334756
2021-06-18 10:07:54,1478.0,334816
2021-06-18 10:07:54,1478.0,334816
2021-06-18 10:07:55,1478.15,334940
2021-06-18 10:07:57,1478.35,334941
2021-06-18 10:07:58,1478.35,334941
2021-06-18 10:07:59,1478.25,334987
2021-06-18 10:08:00,1478.3,335006
2021-06-18 10:08:01,1478.3,335006
2021-06-18 10:08:02,1478.35,335091
2021-06-18 10:08:03,1478.35,335091
2021-06-18 10:08:05,1477.9,335131
2021-06-18 10:08:06,1477.9,335131
2021-06-18 10:08:07,1478.0,335174
2021-06-18 10:08:08,1478.35,335175
2021-06-18 10:08:09,1478.0,335182
2021-06-18 10:08:10,1478.0,335182
2021-06-18 10:08:11,1477.75,335232
2021-06-18 10:08:12,1477.8,335285
2021-06-18 10:08:13,1478.0,335305
2021-06-18 10:08:14,1477.85,335435
2021-06-18 10:08:15,1478.35,336003
2021-06-18 10:08:16,1478.15,336004
2021-06-18 10:08:17,1478.15,336004
2021-06-18 10:08:20,1478.25,336018
2021-06-18 10:08:20,1478.25,336018
2021-06-18 10:08:22,1477.95,336043
2021-06-18 10:08:23,1477.95,336143
2021-06-18 10:08:24,1477.3,336199
2021-06-18 10:08:24,1477.8,336214
2021-06-18 10:08:26,1477.8,336214
2021-06-18 10:08:26,1477.8,336214
2021-06-18 10:08:27,1477.8,336214
2021-06-18 10:08:29,1477.8,336214
2021-06-18 10:08:30,1477.95,336394
2021-06-18 10:08:31,1477.95,336394
2021-06-18 10:08:31,1477.95,336394
2021-06-18 10:08:33,1478.3,336576
2021-06-18 10:08:34,1478.3,336576
2021-06-18 10:08:35,1478.3,336576
2021-06-18 10:08:36,1478.3,336576
2021-06-18 10:08:37,1478.3,336576
2021-06-18 10:08:38,1478.15,336581
2021-06-18 10:08:39,1478.3,336625
2021-06-18 10:08:40,1478.0,336626
2021-06-18 10:08:41,1478.0,336626
2021-06-18 10:08:42,1478.0,336662
2021-06-18 10:08:42,1477.65,336677
2021-06-18 10:08:44,1477.65,336677
2021-06-18 10:08:45,1477.65,336677
2021-06-18 10:08:46,1477.65,336677
2021-06-18 10:08:46,1477.65,336677
2021-06-18 10:08:47,1477.65,337677
2021-06-18 10:08:50,1477.35,337940
2021-06-18 10:08:51,1477.35,337950
2021-06-18 10:08:52,1477.3,338067
2021-06-18 10:08:53,1477.3,338067
2021-06-18 10:08:54,1477.3,338067
2021-06-18 10:08:55,1477.0,338246
2021-06-18 10:08:56,1477.05,338256
2021-06-18 10:08:57,1476.3,338257
2021-06-18 10:08:58,1476.9,338259
2021-06-18 10:09:00,1476.35,338506
2021-06-18 10:09:01,1476.35,338506
2021-06-18 10:09:02,1476.35,338506
2021-06-18 10:09:03,1476.35,338506
2021-06-18 10:09:04,1477.35,338507
2021-06-18 10:09:05,1477.35,338507
2021-06-18 10:09:06,1477.35,338507
2021-06-18 10:09:07,1477.35,338507
2021-06-18 10:09:08,1477.4,338858
2021-06-18 10:09:09,1477.4,338858
2021-06-18 10:09:10,1477.25,338883
2021-06-18 10:09:11,1477.95,338888
2021-06-18 10:09:15,1477.95,338949
2021-06-18 10:09:16,1477.95,338949
2021-06-18 10:09:18,1477.95,338949
2021-06-18 10:09:19,1477.95,338954
2021-06-18 10:09:20,1477.95,338954
2021-06-18 10:09:21,1477.65,339004
2021-06-18 10:09:22,1477.95,339007
2021-06-18 10:09:23,1477.95,339008
2021-06-18 10:09:24,1477.95,339008
2021-06-18 10:09:25,1477.65,339013
2021-06-18 10:09:26,1477.65,339038
2021-06-18 10:09:27,1477.65,339038
2021-06-18 10:09:28,1478.0,339147
2021-06-18 10:09:29,1478.0,339147
2021-06-18 10:09:30,1478.0,339147
2021-06-18 10:09:31,1477.9,339159
2021-06-18 10:09:32,1477.65,339259
2021-06-18 10:09:33,1477.65,339259
2021-06-18 10:09:34,1477.25,339279
2021-06-18 10:09:35,1475.9,339379
2021-06-18 10:09:36,1476.15,339399
2021-06-18 10:09:37,1477.1,339419
2021-06-18 10:09:37,1476.5,339590
2021-06-18 10:09:39,1476.3,339996
2021-06-18 10:09:40,1476.8,340001
2021-06-18 10:09:41,1476.3,340342
2021-06-18 10:09:42,1476.3,340352
2021-06-18 10:09:43,1476.0,340576
2021-06-18 10:09:44,1476.7,340582
2021-06-18 10:09:45,1476.7,340582
2021-06-18 10:09:46,1476.7,340582
2021-06-18 10:09:47,1476.7,340582
2021-06-18 10:09:48,1476.65,340598
2021-06-18 10:09:49,1476.05,341998
2021-06-18 10:09:50,1476.05,341998
2021-06-18 10:09:51,1476.05,341998
2021-06-18 10:09:52,1476.05,341998
2021-06-18 10:09:53,1476.65,342014
2021-06-18 10:09:54,1476.65,342017
2021-06-18 10:09:55,1476.65,342044
2021-06-18 10:09:55,1476.65,342044
2021-06-18 10:09:56,1476.1,342221
2021-06-18 10:09:57,1476.6,342222
2021-06-18 10:09:58,1476.6,342239
2021-06-18 10:09:59,1476.6,342239
2021-06-18 10:10:01,1476.45,342250
2021-06-18 10:10:02,1476.45,342251
2021-06-18 10:10:03,1476.45,342251
2021-06-18 10:10:04,1476.1,342264
2021-06-18 10:10:05,1476.1,342397
2021-06-18 10:10:06,1476.0,342537
2021-06-18 10:10:07,1476.0,343939
2021-06-18 10:10:08,1476.85,344041
2021-06-18 10:10:09,1476.15,344091
2021-06-18 10:10:10,1476.8,344094
2021-06-18 10:10:11,1476.05,344152
2021-06-18 10:10:12,1475.45,344739
2021-06-18 10:10:13,1475.45,344739
2021-06-18 10:10:14,1476.0,344797
2021-06-18 10:10:15,1475.7,344940
2021-06-18 10:10:16,1475.7,344946
2021-06-18 10:10:17,1475.25,345372
2021-06-18 10:10:18,1475.8,345393
2021-06-18 10:10:19,1475.8,345393
2021-06-18 10:10:20,1475.8,345393
2021-06-18 10:10:21,1475.8,345403
2021-06-18 10:10:22,1475.5,345406
2021-06-18 10:10:23,1475.5,345420
2021-06-18 10:10:24,1475.5,345443
2021-06-18 10:10:25,1475.5,345443
2021-06-18 10:10:26,1475.0,345943
2021-06-18 10:10:27,1475.0,345943
2021-06-18 10:10:28,1475.0,346443
2021-06-18 10:10:29,1475.0,346443
2021-06-18 10:10:30,1475.35,346464
2021-06-18 10:10:31,1475.35,346464
2021-06-18 10:10:32,1474.7,346474
2021-06-18 10:10:33,1475.05,346480
2021-06-18 10:10:34,1474.55,346580
2021-06-18 10:10:35,1474.5,346582
2021-06-18 10:10:36,1475.05,346588
2021-06-18 10:10:36,1475.05,346629
2021-06-18 10:10:37,1475.05,346629
2021-06-18 10:10:38,1475.05,346730
2021-06-18 10:10:39,1474.5,346837
2021-06-18 10:10:40,1475.15,347155
2021-06-18 10:10:42,1474.95,347165
2021-06-18 10:10:43,1474.95,347221
2021-06-18 10:10:44,1474.95,347221
2021-06-18 10:10:45,1474.95,347221
2021-06-18 10:10:46,1474.95,347360
2021-06-18 10:10:47,1474.95,347360
2021-06-18 10:10:48,1474.95,347360
2021-06-18 10:10:48,1474.8,347365
2021-06-18 10:10:49,1474.95,347387
2021-06-18 10:10:50,1474.8,347598
2021-06-18 10:10:51,1474.8,347608
2021-06-18 10:10:53,1474.95,347622
2021-06-18 10:10:53,1474.95,347622
2021-06-18 10:10:55,1474.95,347622
2021-06-18 10:10:56,1474.95,347644
2021-06-18 10:10:57,1474.8,347680
2021-06-18 10:10:58,1474.8,347680
2021-06-18 10:10:59,1474.95,347685
2021-06-18 10:11:00,1474.95,347752
2021-06-18 10:11:01,1474.95,347752
2021-06-18 10:11:02,1474.95,347989
2021-06-18 10:11:03,1474.95,348000
2021-06-18 10:11:04,1474.95,348005
2021-06-18 10:11:05,1474.85,348025
2021-06-18 10:11:06,1474.85,348025
2021-06-18 10:11:07,1474.85,348025
2021-06-18 10:11:08,1474.95,348064
2021-06-18 10:11:09,1474.95,348064
2021-06-18 10:11:10,1474.95,348064
2021-06-18 10:11:11,1474.95,348168
2021-06-18 10:11:12,1474.95,348194
2021-06-18 10:11:13,1474.95,348214
2021-06-18 10:11:14,1474.95,348215
2021-06-18 10:11:15,1474.95,348265
2021-06-18 10:11:16,1474.95,348265
2021-06-18 10:11:17,1474.85,349812
2021-06-18 10:11:18,1474.85,349812
2021-06-18 10:11:19,1474.95,349853
2021-06-18 10:11:20,1474.95,349871
2021-06-18 10:11:21,1474.95,349916
2021-06-18 10:11:22,1474.85,349917
2021-06-18 10:11:24,1475.5,351280
2021-06-18 10:11:27,1475.4,351414
2021-06-18 10:11:29,1475.4,351414
2021-06-18 10:11:30,1475.05,351725
2021-06-18 10:11:31,1475.1,352166
2021-06-18 10:11:32,1475.1,352166
2021-06-18 10:11:33,1475.1,352166
2021-06-18 10:11:34,1475.1,352166
2021-06-18 10:11:35,1475.5,352181
2021-06-18 10:11:36,1475.5,352181
2021-06-18 10:11:37,1475.5,352197
2021-06-18 10:11:38,1475.5,352267
2021-06-18 10:11:40,1475.7,352270
2021-06-18 10:11:39,1475.5,352267
2021-06-18 10:11:41,1475.7,352270
2021-06-18 10:11:42,1475.05,352285
2021-06-18 10:11:43,1475.05,352285
2021-06-18 10:11:44,1475.05,352285
2021-06-18 10:11:45,1475.35,352287
2021-06-18 10:11:46,1475.35,352292
2021-06-18 10:11:47,1474.75,352684
2021-06-18 10:11:48,1474.75,352684
2021-06-18 10:11:49,1475.45,352705
2021-06-18 10:11:50,1475.0,352857
2021-06-18 10:11:51,1475.4,352859
2021-06-18 10:11:54,1475.4,352859
2021-06-18 10:11:55,1475.45,352925
2021-06-18 10:11:56,1475.45,352925
2021-06-18 10:11:57,1475.45,352925
2021-06-18 10:11:59,1475.4,352942
2021-06-18 10:12:00,1475.4,352942
2021-06-18 10:12:01,1475.4,352942
2021-06-18 10:12:03,1475.4,352942
2021-06-18 10:12:02,1475.4,352942
2021-06-18 10:12:04,1475.2,352947
2021-06-18 10:12:05,1475.0,353019
2021-06-18 10:12:06,1475.0,353019
2021-06-18 10:12:07,1475.0,353019
2021-06-18 10:12:08,1475.0,353019
2021-06-18 10:12:09,1475.0,353031
2021-06-18 10:12:10,1475.0,353031
2021-06-18 10:12:11,1475.0,353031
2021-06-18 10:12:12,1475.0,353031
2021-06-18 10:12:13,1475.0,353031
2021-06-18 10:12:14,1475.0,353031
2021-06-18 10:12:15,1475.0,353031
2021-06-18 10:12:16,1475.0,353031
2021-06-18 10:12:17,1475.0,353049
2021-06-18 10:12:18,1475.0,353049
2021-06-18 10:12:19,1475.45,353050
2021-06-18 10:12:20,1476.0,354336
2021-06-18 10:12:21,1476.0,354336
2021-06-18 10:12:22,1476.0,354401
2021-06-18 10:12:23,1475.55,354504
2021-06-18 10:12:24,1475.55,354504
2021-06-18 10:12:25,1475.8,354517
2021-06-18 10:12:26,1476.0,354523
2021-06-18 10:12:27,1476.0,354526
2021-06-18 10:12:28,1475.95,354554
2021-06-18 10:12:29,1476.0,354576
2021-06-18 10:12:30,1476.0,354607
2021-06-18 10:12:31,1475.95,354649
2021-06-18 10:12:32,1475.45,354660
2021-06-18 10:12:33,1475.0,354669
2021-06-18 10:12:34,1475.0,354669
2021-06-18 10:12:35,1475.7,354672
2021-06-18 10:12:36,1475.7,354672
2021-06-18 10:12:37,1475.7,354698
2021-06-18 10:12:38,1475.7,354698
2021-06-18 10:12:39,1475.7,354698
2021-06-18 10:12:40,1475.05,354725
2021-06-18 10:12:41,1475.05,354725
2021-06-18 10:12:42,1475.8,354780
2021-06-18 10:12:43,1475.05,355461
2021-06-18 10:12:44,1475.05,355695
2021-06-18 10:12:45,1475.0,355805
2021-06-18 10:12:46,1475.0,355805
2021-06-18 10:12:47,1475.0,355805
2021-06-18 10:12:48,1475.0,355805
2021-06-18 10:12:49,1475.8,355855
2021-06-18 10:12:50,1475.8,355855
2021-06-18 10:12:51,1475.8,355855
2021-06-18 10:12:52,1475.8,355855
2021-06-18 10:12:53,1475.8,355855
2021-06-18 10:12:54,1475.8,355855
2021-06-18 10:12:55,1475.55,355945
2021-06-18 10:12:56,1475.85,355965
2021-06-18 10:12:57,1475.35,355975
2021-06-18 10:12:58,1475.35,355980
2021-06-18 10:12:59,1475.35,355980
2021-06-18 10:13:00,1475.35,355980
2021-06-18 10:13:02,1475.5,355989
2021-06-18 10:13:04,1475.0,356205
2021-06-18 10:13:06,1475.55,356991
2021-06-18 10:13:08,1475.85,357091
2021-06-18 10:13:07,1475.85,357091
2021-06-18 10:13:09,1475.05,357364
2021-06-18 10:13:10,1475.05,357369
2021-06-18 10:13:12,1475.6,357917
2021-06-18 10:13:13,1475.6,357917
2021-06-18 10:13:14,1475.05,357925
2021-06-18 10:13:15,1475.25,358027
2021-06-18 10:13:16,1475.25,358027
2021-06-18 10:13:18,1475.4,358043
2021-06-18 10:13:18,1475.4,358043
2021-06-18 10:13:19,1475.0,358046
2021-06-18 10:13:20,1475.0,358059
2021-06-18 10:13:22,1475.0,358066
2021-06-18 10:13:23,1475.0,358066
2021-06-18 10:13:23,1475.0,358091
2021-06-18 10:13:24,1475.0,358092
2021-06-18 10:13:25,1475.0,358095
2021-06-18 10:13:26,1475.0,358096
2021-06-18 10:13:27,1475.0,358140
2021-06-18 10:13:28,1475.0,358157
2021-06-18 10:13:29,1475.0,358308
2021-06-18 10:13:30,1475.0,358308
2021-06-18 10:13:31,1475.25,358884
2021-06-18 10:13:33,1475.0,358927
2021-06-18 10:13:33,1475.0,358927
2021-06-18 10:13:35,1475.6,359027
2021-06-18 10:13:36,1475.6,359027
2021-06-18 10:13:37,1475.35,359131
2021-06-18 10:13:38,1475.35,359166
2021-06-18 10:13:40,1475.35,359166
2021-06-18 10:13:41,1475.35,359166
2021-06-18 10:13:42,1475.35,359166
2021-06-18 10:13:42,1475.35,359166
2021-06-18 10:13:43,1475.3,359191
2021-06-18 10:13:44,1475.9,359206
2021-06-18 10:13:45,1475.9,359247
2021-06-18 10:13:46,1475.9,359247
2021-06-18 10:13:47,1475.9,359247
2021-06-18 10:13:48,1476.0,359250
2021-06-18 10:13:49,1476.0,359250
2021-06-18 10:13:50,1475.85,359251
2021-06-18 10:13:51,1475.85,359251
2021-06-18 10:13:52,1475.3,359751
2021-06-18 10:13:53,1475.8,359755
2021-06-18 10:13:54,1475.8,359757
2021-06-18 10:13:55,1475.8,359757
2021-06-18 10:13:57,1475.8,359762
2021-06-18 10:13:57,1475.8,359762
2021-06-18 10:13:58,1475.65,359786
2021-06-18 10:13:59,1475.8,359801
2021-06-18 10:14:00,1475.8,359865
2021-06-18 10:14:02,1475.8,359865
2021-06-18 10:14:02,1475.8,359865
2021-06-18 10:14:03,1475.8,359913
2021-06-18 10:14:04,1476.05,360293
2021-06-18 10:14:05,1476.05,360293
2021-06-18 10:14:06,1476.8,360297
2021-06-18 10:14:08,1476.9,360348
2021-06-18 10:14:10,1476.9,360352
2021-06-18 10:14:14,1476.9,360713
2021-06-18 10:14:15,1476.9,360713
2021-06-18 10:14:17,1476.9,360714
2021-06-18 10:14:17,1476.9,360719
2021-06-18 10:14:19,1476.9,360721
2021-06-18 10:14:20,1476.9,360721
2021-06-18 10:14:21,1476.9,360772
2021-06-18 10:14:21,1476.9,360774
2021-06-18 10:14:22,1476.9,360779
2021-06-18 10:14:23,1476.9,360779
2021-06-18 10:14:25,1476.85,360837
2021-06-18 10:14:26,1476.85,360837
2021-06-18 10:14:27,1476.85,360839
2021-06-18 10:14:28,1476.9,360939
2021-06-18 10:14:29,1476.9,360942
2021-06-18 10:14:31,1476.9,360972
2021-06-18 10:14:32,1476.15,361287
2021-06-18 10:14:33,1476.15,361287
2021-06-18 10:14:34,1476.2,361321
2021-06-18 10:14:36,1476.35,361332
2021-06-18 10:14:37,1476.35,361332
2021-06-18 10:14:38,1476.35,361333
2021-06-18 10:14:39,1475.8,361401
2021-06-18 10:14:40,1476.25,361420
2021-06-18 10:14:41,1476.25,361424
2021-06-18 10:14:42,1476.25,361424
2021-06-18 10:14:45,1475.8,361473
2021-06-18 10:14:46,1475.8,361473
2021-06-18 10:14:47,1475.8,361473
2021-06-18 10:14:48,1475.8,361473
2021-06-18 10:14:48,1475.8,361473
2021-06-18 10:14:49,1475.05,361518
2021-06-18 10:14:50,1475.05,361518
2021-06-18 10:14:51,1475.05,361518
2021-06-18 10:14:52,1476.1,361718
2021-06-18 10:14:53,1476.2,361719
2021-06-18 10:14:54,1476.2,361719
2021-06-18 10:14:55,1476.2,361721
2021-06-18 10:14:56,1476.2,361729
2021-06-18 10:14:57,1476.15,361769
2021-06-18 10:14:58,1476.15,361769
2021-06-18 10:14:59,1475.35,362372
2021-06-18 10:15:00,1475.45,362386
2021-06-18 10:15:01,1475.45,362386
2021-06-18 10:15:03,1475.95,362412
2021-06-18 10:15:03,1475.95,362412
2021-06-18 10:15:04,1475.95,362412
2021-06-18 10:15:05,1475.45,362432
2021-06-18 10:15:06,1475.45,362432
2021-06-18 10:15:07,1475.7,362434
2021-06-18 10:15:08,1475.7,362434
2021-06-18 10:15:09,1475.6,362446
2021-06-18 10:15:10,1475.6,362446
2021-06-18 10:15:11,1475.6,362446
2021-06-18 10:15:12,1475.35,363021
2021-06-18 10:15:13,1475.35,363021
2021-06-18 10:15:14,1475.65,363023
2021-06-18 10:15:15,1475.65,363023
2021-06-18 10:15:16,1475.3,363580
2021-06-18 10:15:17,1474.55,369655
2021-06-18 10:15:19,1474.85,370262
2021-06-18 10:15:20,1474.85,370275
2021-06-18 10:15:21,1474.2,370287
2021-06-18 10:15:22,1474.9,370297
2021-06-18 10:15:22,1474.9,370302
2021-06-18 10:15:23,1474.9,370304
2021-06-18 10:15:24,1474.9,370324
2021-06-18 10:15:25,1474.9,370324
2021-06-18 10:15:27,1474.9,370324
2021-06-18 10:15:28,1474.9,370324
2021-06-18 10:15:29,1474.8,370330
2021-06-18 10:15:29,1474.8,370329
2021-06-18 10:15:30,1474.8,370330
2021-06-18 10:15:31,1474.8,370332
2021-06-18 10:15:32,1474.3,370782
2021-06-18 10:15:33,1474.5,370792
2021-06-18 10:15:35,1474.9,370902
2021-06-18 10:15:36,1474.9,370904
2021-06-18 10:15:37,1474.9,370904
2021-06-18 10:15:37,1474.9,370904
2021-06-18 10:15:38,1474.9,371004
2021-06-18 10:15:39,1474.9,371041
2021-06-18 10:15:40,1474.9,371041
2021-06-18 10:15:41,1474.9,371041
2021-06-18 10:15:42,1474.9,371069
2021-06-18 10:15:44,1474.9,371094
2021-06-18 10:15:45,1474.9,371097
2021-06-18 10:15:46,1474.9,371098
2021-06-18 10:15:47,1474.9,371108
2021-06-18 10:15:48,1474.9,371118
2021-06-18 10:15:49,1474.9,371219
2021-06-18 10:15:51,1474.9,371296
2021-06-18 10:15:53,1474.9,371296
2021-06-18 10:15:54,1474.85,371326
2021-06-18 10:15:55,1474.9,371330
2021-06-18 10:15:56,1474.9,371330
2021-06-18 10:15:57,1474.9,372330
2021-06-18 10:15:59,1474.9,372335
2021-06-18 10:16:00,1474.5,372670
2021-06-18 10:16:00,1474.9,373450
2021-06-18 10:16:01,1474.05,373650
2021-06-18 10:16:02,1474.75,373857
2021-06-18 10:16:03,1474.75,373861
2021-06-18 10:16:04,1474.75,373862
2021-06-18 10:16:06,1474.75,373862
2021-06-18 10:16:07,1474.75,373875
2021-06-18 10:16:08,1474.75,373875
2021-06-18 10:16:09,1474.9,373925
2021-06-18 10:16:10,1474.9,373968
2021-06-18 10:16:11,1474.9,373968
2021-06-18 10:16:11,1474.9,373968
2021-06-18 10:16:12,1474.9,373973
2021-06-18 10:16:13,1474.9,373997
2021-06-18 10:16:14,1474.9,373997
2021-06-18 10:16:15,1474.9,374043
2021-06-18 10:16:16,1474.9,374043
2021-06-18 10:16:17,1474.9,374133
2021-06-18 10:16:19,1474.9,374146
2021-06-18 10:16:20,1474.9,374156
2021-06-18 10:16:21,1474.9,374156
2021-06-18 10:16:22,1474.3,374157
2021-06-18 10:16:22,1474.3,374157
2021-06-18 10:16:23,1474.3,374157
2021-06-18 10:16:24,1474.3,374157
2021-06-18 10:16:25,1474.3,374157
2021-06-18 10:16:26,1474.9,374158
2021-06-18 10:16:27,1474.9,374368
2021-06-18 10:16:28,1474.85,374420
2021-06-18 10:16:29,1474.85,374429
2021-06-18 10:16:30,1474.85,374429
2021-06-18 10:16:31,1474.9,374440
2021-06-18 10:16:32,1474.9,374440
2021-06-18 10:16:33,1474.9,374440
2021-06-18 10:16:35,1474.9,374440
2021-06-18 10:16:36,1474.9,374440
2021-06-18 10:16:37,1474.85,374485
2021-06-18 10:16:37,1474.85,374485
2021-06-18 10:16:38,1474.85,374485
2021-06-18 10:16:40,1474.85,374555
2021-06-18 10:16:41,1474.85,374555
2021-06-18 10:16:41,1474.85,374555
2021-06-18 10:16:42,1474.9,374665
2021-06-18 10:16:43,1474.9,374796
2021-06-18 10:16:45,1474.9,374796
2021-06-18 10:16:45,1474.9,374796
2021-06-18 10:16:46,1474.9,374843
2021-06-18 10:16:47,1474.9,374863
2021-06-18 10:16:48,1474.9,374916
2021-06-18 10:16:49,1474.9,374916
2021-06-18 10:16:50,1474.9,374916
2021-06-18 10:16:52,1474.9,374916
2021-06-18 10:16:55,1474.9,374985
2021-06-18 10:16:56,1474.9,374985
2021-06-18 10:16:57,1474.25,375560
2021-06-18 10:16:57,1474.9,375563
2021-06-18 10:16:58,1474.25,375696
2021-06-18 10:16:59,1474.25,375696
2021-06-18 10:17:00,1474.15,376094
2021-06-18 10:17:01,1474.0,376162
2021-06-18 10:17:03,1474.65,376193
2021-06-18 10:17:04,1474.75,376194
2021-06-18 10:17:06,1474.75,376194
2021-06-18 10:17:07,1474.85,376205
2021-06-18 10:17:07,1474.85,376204
2021-06-18 10:17:08,1474.85,376205
2021-06-18 10:17:09,1474.85,376205
2021-06-18 10:17:10,1474.85,376207
2021-06-18 10:17:11,1474.0,376412
2021-06-18 10:17:12,1474.0,376412
2021-06-18 10:17:13,1474.65,376414
2021-06-18 10:17:14,1474.85,376426
2021-06-18 10:17:16,1474.85,376426
2021-06-18 10:17:17,1474.65,376437
2021-06-18 10:17:18,1474.05,376447
2021-06-18 10:17:18,1474.05,376448
2021-06-18 10:17:19,1474.05,376448
2021-06-18 10:17:20,1474.75,376518
2021-06-18 10:17:22,1474.75,376518
2021-06-18 10:17:23,1474.75,376518
2021-06-18 10:17:24,1474.8,376519
2021-06-18 10:17:24,1474.8,376519
2021-06-18 10:17:25,1474.8,376519
2021-06-18 10:17:27,1474.8,376519
2021-06-18 10:17:28,1474.8,376544
2021-06-18 10:17:29,1474.8,376558
2021-06-18 10:17:30,1474.8,376558
2021-06-18 10:17:31,1474.8,376560
2021-06-18 10:17:32,1474.8,376560
2021-06-18 10:17:32,1474.8,376560
2021-06-18 10:17:33,1474.8,376582
2021-06-18 10:17:35,1474.85,376614
2021-06-18 10:17:36,1474.9,376617
2021-06-18 10:17:37,1474.3,376770
2021-06-18 10:17:39,1474.3,376770
2021-06-18 10:17:41,1474.3,376770
2021-06-18 10:17:40,1474.3,376770
2021-06-18 10:17:42,1474.9,376782
2021-06-18 10:17:43,1474.9,376887
2021-06-18 10:17:44,1474.9,376903
2021-06-18 10:17:44,1474.9,376903
2021-06-18 10:17:45,1474.9,376949
2021-06-18 10:17:46,1474.9,376949
2021-06-18 10:17:47,1474.9,377107
2021-06-18 10:17:48,1474.9,377107
2021-06-18 10:17:50,1474.9,377107
2021-06-18 10:17:51,1474.9,377119
2021-06-18 10:17:52,1474.9,377247
2021-06-18 10:17:53,1474.9,377248
2021-06-18 10:17:54,1474.9,377253
2021-06-18 10:17:55,1474.9,377254
2021-06-18 10:17:56,1474.9,377515
2021-06-18 10:17:57,1474.9,377538
2021-06-18 10:17:58,1474.9,377539
2021-06-18 10:17:59,1474.9,377539
2021-06-18 10:18:00,1474.85,377548
2021-06-18 10:18:01,1474.85,377573
2021-06-18 10:18:02,1474.85,377582
2021-06-18 10:18:03,1474.8,377728
2021-06-18 10:18:04,1474.8,377728
2021-06-18 10:18:05,1474.8,377728
2021-06-18 10:18:06,1474.85,377738
2021-06-18 10:18:07,1474.85,377740
2021-06-18 10:18:08,1474.85,377740
2021-06-18 10:18:09,1474.85,377740
2021-06-18 10:18:10,1474.85,377740
2021-06-18 10:18:10,1474.85,377740
2021-06-18 10:18:11,1474.85,377740
2021-06-18 10:18:12,1474.85,377741
2021-06-18 10:18:14,1474.85,377743
2021-06-18 10:18:15,1474.9,377843
2021-06-18 10:18:16,1474.9,377844
2021-06-18 10:18:17,1474.9,377869
2021-06-18 10:18:18,1474.9,377910
2021-06-18 10:18:19,1474.9,377910
2021-06-18 10:18:20,1474.85,378102
2021-06-18 10:18:21,1474.85,378103
2021-06-18 10:18:22,1474.85,378103
2021-06-18 10:18:23,1475.25,378445
2021-06-18 10:18:24,1474.85,378496
2021-06-18 10:18:25,1474.85,378496
2021-06-18 10:18:26,1474.85,378496
2021-06-18 10:18:27,1475.3,378497
2021-06-18 10:18:28,1474.85,378502
2021-06-18 10:18:30,1475.45,378507
2021-06-18 10:18:30,1475.45,378507
2021-06-18 10:18:32,1475.45,378512
2021-06-18 10:18:33,1475.45,378512
2021-06-18 10:18:34,1475.6,378613
2021-06-18 10:18:35,1475.0,378623
2021-06-18 10:18:36,1475.0,378623
2021-06-18 10:18:37,1475.0,378623
2021-06-18 10:18:38,1474.9,378636
2021-06-18 10:18:39,1474.9,378636
2021-06-18 10:18:40,1474.9,378636
2021-06-18 10:18:41,1474.9,378636
2021-06-18 10:18:42,1475.25,378639
2021-06-18 10:18:42,1475.25,378639
2021-06-18 10:18:44,1475.2,378641
2021-06-18 10:18:46,1475.1,378729
2021-06-18 10:18:47,1475.1,378729
2021-06-18 10:18:49,1474.9,378740
2021-06-18 10:18:50,1474.8,378756
2021-06-18 10:18:51,1474.5,378766
2021-06-18 10:18:52,1474.5,378966
2021-06-18 10:18:52,1474.5,378966
2021-06-18 10:18:53,1474.5,378966
2021-06-18 10:18:54,1474.5,378966
2021-06-18 10:18:56,1474.9,378969
2021-06-18 10:18:57,1474.9,378979
2021-06-18 10:18:58,1474.8,378980
2021-06-18 10:19:00,1474.8,378985
2021-06-18 10:19:01,1474.8,379005
2021-06-18 10:19:02,1474.8,379005
2021-06-18 10:19:03,1474.8,379005
2021-06-18 10:19:04,1474.8,379017
2021-06-18 10:19:05,1474.8,379017
2021-06-18 10:19:06,1474.75,379057
2021-06-18 10:19:07,1474.75,379057
2021-06-18 10:19:08,1474.5,379062
2021-06-18 10:19:09,1474.5,379062
2021-06-18 10:19:10,1474.8,379097
2021-06-18 10:19:11,1474.85,379102
2021-06-18 10:19:12,1474.9,379152
2021-06-18 10:19:13,1474.8,379171
2021-06-18 10:19:14,1474.55,379188
2021-06-18 10:19:15,1474.55,379189
2021-06-18 10:19:16,1474.8,379191
2021-06-18 10:19:17,1474.8,379191
2021-06-18 10:19:18,1474.1,379617
2021-06-18 10:19:19,1474.85,379624
2021-06-18 10:19:20,1474.85,379624
2021-06-18 10:19:21,1474.7,379629
2021-06-18 10:19:22,1474.7,379629
2021-06-18 10:19:23,1474.7,379689
2021-06-18 10:19:24,1474.8,379710
2021-06-18 10:19:25,1474.7,379785
2021-06-18 10:19:26,1474.75,379795
2021-06-18 10:19:27,1474.6,379843
2021-06-18 10:19:28,1474.6,379888
2021-06-18 10:19:29,1474.65,379892
2021-06-18 10:19:30,1474.65,379905
2021-06-18 10:19:31,1474.0,380755
2021-06-18 10:19:32,1474.2,380770
2021-06-18 10:19:33,1474.35,380975
2021-06-18 10:19:34,1473.8,381154
2021-06-18 10:19:35,1473.8,381154
2021-06-18 10:19:36,1473.5,382618
2021-06-18 10:19:37,1473.15,382880
2021-06-18 10:19:38,1473.15,382880
2021-06-18 10:19:40,1473.45,383180
2021-06-18 10:19:41,1474.15,383181
2021-06-18 10:19:42,1474.15,383181
2021-06-18 10:19:43,1474.15,383231
2021-06-18 10:19:44,1474.35,383233
2021-06-18 10:19:44,1474.35,383233
2021-06-18 10:19:45,1474.15,383543
2021-06-18 10:19:47,1474.2,383546
2021-06-18 10:19:48,1474.25,383553
2021-06-18 10:19:49,1474.25,383553
2021-06-18 10:19:50,1474.25,383553
2021-06-18 10:19:51,1474.25,383553
2021-06-18 10:19:52,1473.9,383564
2021-06-18 10:19:53,1473.9,383564
2021-06-18 10:19:53,1473.9,383564
2021-06-18 10:19:55,1472.85,383863
2021-06-18 10:19:56,1472.8,383987
2021-06-18 10:19:58,1472.8,383987
2021-06-18 10:19:59,1473.6,383990
2021-06-18 10:20:00,1472.8,384100
2021-06-18 10:20:01,1472.8,384111
2021-06-18 10:20:02,1472.65,384136
2021-06-18 10:20:03,1473.4,384153
2021-06-18 10:20:03,1473.4,384163
2021-06-18 10:20:04,1473.4,384172
2021-06-18 10:20:05,1473.4,384183
2021-06-18 10:20:07,1473.4,384184
2021-06-18 10:20:08,1473.4,384184
2021-06-18 10:20:09,1473.4,384184
2021-06-18 10:20:10,1473.4,384184
2021-06-18 10:20:11,1473.4,384186
2021-06-18 10:20:12,1473.4,384186
2021-06-18 10:20:13,1473.4,384186
2021-06-18 10:20:14,1473.4,384196
2021-06-18 10:20:15,1473.05,384203
2021-06-18 10:20:16,1473.4,384204
2021-06-18 10:20:17,1473.4,384204
2021-06-18 10:20:17,1473.4,384204
2021-06-18 10:20:18,1473.4,384213
2021-06-18 10:20:20,1473.5,384386
2021-06-18 10:20:22,1473.55,384415
2021-06-18 10:20:22,1473.55,384415
2021-06-18 10:20:23,1473.6,384451
2021-06-18 10:20:24,1474.35,384679
2021-06-18 10:20:25,1474.35,384679
2021-06-18 10:20:27,1474.35,384679
2021-06-18 10:20:28,1474.0,384737
2021-06-18 10:20:29,1474.0,384737
2021-06-18 10:20:30,1474.65,384739
2021-06-18 10:20:31,1474.0,384849
2021-06-18 10:20:32,1474.6,384859
2021-06-18 10:20:33,1474.6,384859
2021-06-18 10:20:34,1474.75,384862
2021-06-18 10:20:35,1474.75,384862
2021-06-18 10:20:35,1474.25,384887
2021-06-18 10:20:37,1474.25,384887
2021-06-18 10:20:38,1474.75,384889
2021-06-18 10:20:39,1474.7,384898
2021-06-18 10:20:41,1474.5,384945
2021-06-18 10:20:42,1474.5,384945
2021-06-18 10:20:42,1474.5,384945
2021-06-18 10:20:44,1474.5,384965
2021-06-18 10:20:45,1474.5,384965
2021-06-18 10:20:46,1474.5,384965
2021-06-18 10:20:47,1474.5,384965
2021-06-18 10:20:48,1474.5,384965
2021-06-18 10:20:49,1474.5,384965
2021-06-18 10:20:49,1474.5,384965
2021-06-18 10:20:51,1474.5,385043
2021-06-18 10:20:52,1474.55,385046
2021-06-18 10:20:53,1474.4,385056
2021-06-18 10:20:54,1474.4,385056
2021-06-18 10:20:55,1474.4,385056
2021-06-18 10:20:56,1474.4,385056
2021-06-18 10:20:57,1474.5,385124
2021-06-18 10:20:58,1474.5,385124
2021-06-18 10:20:59,1474.5,385124
2021-06-18 10:20:59,1474.5,385124
2021-06-18 10:21:00,1474.5,385135
2021-06-18 10:21:01,1474.5,385135
2021-06-18 10:21:03,1474.5,385136
2021-06-18 10:21:03,1474.5,385156
2021-06-18 10:21:04,1474.5,385183
2021-06-18 10:21:06,1474.5,385188
2021-06-18 10:21:08,1474.15,385204
2021-06-18 10:21:09,1474.55,385209
2021-06-18 10:21:10,1474.15,385210
2021-06-18 10:21:11,1474.15,385210
2021-06-18 10:21:12,1474.55,385287
2021-06-18 10:21:13,1474.6,385354
2021-06-18 10:21:13,1474.6,385360
2021-06-18 10:21:14,1474.55,385365
2021-06-18 10:21:16,1474.55,385381
2021-06-18 10:21:17,1474.55,385387
2021-06-18 10:21:18,1474.55,385412
2021-06-18 10:21:19,1474.55,385416
2021-06-18 10:21:20,1474.15,385424
2021-06-18 10:21:21,1474.55,385427
2021-06-18 10:21:22,1474.55,385434
2021-06-18 10:21:23,1474.55,385434
2021-06-18 10:21:23,1474.55,385434
2021-06-18 10:21:25,1474.6,385456
2021-06-18 10:21:26,1474.55,385457
2021-06-18 10:21:27,1474.6,385467
2021-06-18 10:21:28,1474.6,385468
2021-06-18 10:21:29,1474.6,385468
2021-06-18 10:21:30,1474.55,385533
2021-06-18 10:21:30,1474.55,385533
2021-06-18 10:21:32,1474.6,385629
2021-06-18 10:21:33,1474.55,385899
2021-06-18 10:21:34,1474.6,385908
2021-06-18 10:21:35,1474.6,386008
2021-06-18 10:21:36,1474.6,386009
2021-06-18 10:21:38,1474.6,386019
2021-06-18 10:21:39,1474.6,386019
2021-06-18 10:21:39,1474.6,386066
2021-06-18 10:21:41,1474.55,386171
2021-06-18 10:21:42,1474.55,386171
2021-06-18 10:21:43,1474.6,386192
2021-06-18 10:21:45,1474.05,386406
2021-06-18 10:21:46,1474.05,386406
2021-06-18 10:21:47,1474.05,386406
2021-06-18 10:21:48,1474.05,386453
2021-06-18 10:21:49,1474.6,386478
2021-06-18 10:21:50,1474.6,386482
2021-06-18 10:21:51,1474.6,386492
2021-06-18 10:21:52,1474.6,386517
2021-06-18 10:21:53,1474.6,386517
2021-06-18 10:21:54,1474.6,386536
2021-06-18 10:21:55,1474.6,386546
2021-06-18 10:21:56,1474.6,387898
2021-06-18 10:21:57,1474.6,387898
2021-06-18 10:21:58,1474.6,387899
2021-06-18 10:21:59,1474.6,387899
2021-06-18 10:22:00,1474.6,387908
2021-06-18 10:22:01,1474.6,387910
2021-06-18 10:22:02,1474.6,387910
2021-06-18 10:22:03,1474.5,387930
2021-06-18 10:22:04,1474.5,387930
2021-06-18 10:22:05,1474.6,387939
2021-06-18 10:22:06,1474.6,387939
2021-06-18 10:22:07,1474.6,387939
2021-06-18 10:22:08,1474.5,387950
2021-06-18 10:22:09,1474.6,387960
2021-06-18 10:22:10,1474.6,387960
2021-06-18 10:22:11,1474.6,387976
2021-06-18 10:22:12,1474.6,388002
2021-06-18 10:22:13,1474.6,388002
2021-06-18 10:22:14,1474.0,388397
2021-06-18 10:22:15,1473.55,388600
2021-06-18 10:22:16,1473.5,389050
2021-06-18 10:22:17,1473.5,390498
2021-06-18 10:22:18,1473.4,390508
2021-06-18 10:22:19,1473.0,390827
2021-06-18 10:22:20,1473.0,390827
2021-06-18 10:22:21,1473.4,390955
2021-06-18 10:22:22,1473.6,390970
2021-06-18 10:22:23,1473.65,391082
2021-06-18 10:22:24,1473.0,391282
2021-06-18 10:22:25,1473.0,391282
2021-06-18 10:22:26,1473.0,391332
2021-06-18 10:22:27,1473.0,391332
2021-06-18 10:22:28,1473.45,391334
2021-06-18 10:22:30,1473.45,391344
2021-06-18 10:22:29,1473.45,391340
2021-06-18 10:22:31,1473.45,391346
2021-06-18 10:22:32,1473.45,391367
2021-06-18 10:22:33,1473.55,391513
2021-06-18 10:22:34,1473.55,391536
2021-06-18 10:22:35,1473.55,391547
2021-06-18 10:22:36,1473.55,391576
2021-06-18 10:22:37,1473.55,391576
2021-06-18 10:22:38,1473.55,391576
2021-06-18 10:22:39,1473.5,391586
2021-06-18 10:22:40,1473.5,391586
2021-06-18 10:22:41,1473.5,391657
2021-06-18 10:22:42,1473.5,391657
2021-06-18 10:22:43,1473.5,391657
2021-06-18 10:22:44,1473.5,391657
2021-06-18 10:22:45,1473.5,391657
2021-06-18 10:22:46,1473.05,391768
2021-06-18 10:22:47,1473.05,391768
2021-06-18 10:22:48,1473.55,391818
2021-06-18 10:22:49,1473.55,391824
2021-06-18 10:22:50,1473.3,391870
2021-06-18 10:22:51,1473.5,391988
2021-06-18 10:22:52,1473.5,391988
2021-06-18 10:22:53,1473.5,391998
2021-06-18 10:22:54,1473.5,391998
2021-06-18 10:22:55,1473.5,391998
2021-06-18 10:22:56,1472.8,392086
2021-06-18 10:22:57,1472.8,392186
2021-06-18 10:22:58,1473.3,392196
2021-06-18 10:22:59,1473.3,392246
2021-06-18 10:23:00,1473.3,392246
2021-06-18 10:23:01,1473.3,392246
2021-06-18 10:23:02,1473.3,392296
2021-06-18 10:23:03,1473.3,392296
2021-06-18 10:23:04,1473.3,392296
2021-06-18 10:23:05,1473.3,392296
2021-06-18 10:23:06,1472.7,392316
2021-06-18 10:23:07,1472.7,392316
2021-06-18 10:23:08,1472.7,392316
2021-06-18 10:23:09,1472.7,392316
2021-06-18 10:23:10,1473.3,392356
2021-06-18 10:23:12,1473.3,392360
2021-06-18 10:23:14,1473.3,392382
2021-06-18 10:23:13,1473.3,392382
2021-06-18 10:23:15,1473.3,392408
2021-06-18 10:23:16,1473.3,392408
2021-06-18 10:23:17,1473.4,392418
2021-06-18 10:23:18,1473.4,392462
2021-06-18 10:23:20,1473.4,392479
2021-06-18 10:23:21,1473.4,393342
2021-06-18 10:23:22,1473.8,393580
2021-06-18 10:23:23,1473.7,393615
2021-06-18 10:23:24,1473.7,393615
2021-06-18 10:23:25,1473.75,393634
2021-06-18 10:23:26,1473.8,393639
2021-06-18 10:23:27,1474.1,393692
2021-06-18 10:23:28,1474.45,393703
2021-06-18 10:23:29,1474.45,393703
2021-06-18 10:23:30,1474.4,393745
2021-06-18 10:23:31,1474.4,393750
2021-06-18 10:23:32,1474.4,393750
2021-06-18 10:23:33,1474.4,393750
2021-06-18 10:23:34,1474.4,393750
2021-06-18 10:23:35,1474.1,393752
2021-06-18 10:23:36,1474.1,393762
2021-06-18 10:23:37,1474.1,393765
2021-06-18 10:23:38,1473.85,393815
2021-06-18 10:23:39,1473.85,393815
2021-06-18 10:23:40,1474.1,393825
2021-06-18 10:23:41,1474.1,393828
2021-06-18 10:23:42,1473.85,394051
2021-06-18 10:23:43,1473.85,394072
2021-06-18 10:23:44,1473.85,394072
2021-06-18 10:23:45,1473.65,394082
2021-06-18 10:23:46,1473.9,394087
2021-06-18 10:23:47,1473.65,394107
2021-06-18 10:23:48,1473.85,394112
2021-06-18 10:23:49,1473.85,394112
2021-06-18 10:23:50,1473.85,394112
2021-06-18 10:23:51,1473.85,394126
2021-06-18 10:23:52,1473.85,394126
2021-06-18 10:23:53,1473.85,394126
2021-06-18 10:23:54,1473.35,394171
2021-06-18 10:23:55,1473.0,394266
2021-06-18 10:23:56,1473.0,394266
2021-06-18 10:23:57,1473.0,394266
2021-06-18 10:23:58,1472.9,394276
2021-06-18 10:23:59,1472.9,394276
2021-06-18 10:24:00,1472.95,394338
2021-06-18 10:24:01,1472.35,394395
2021-06-18 10:24:02,1472.35,394395
2021-06-18 10:24:03,1472.9,394401
2021-06-18 10:24:05,1472.15,394639
2021-06-18 10:24:05,1472.15,394639
2021-06-18 10:24:06,1471.8,397151
2021-06-18 10:24:07,1472.6,398015
2021-06-18 10:24:08,1472.45,398115
2021-06-18 10:24:09,1472.45,398115
2021-06-18 10:24:10,1472.45,398115
2021-06-18 10:24:11,1472.55,398165
2021-06-18 10:24:13,1472.5,398168
2021-06-18 10:24:13,1472.5,398168
2021-06-18 10:24:14,1472.5,398168
2021-06-18 10:24:15,1472.5,398168
2021-06-18 10:24:16,1472.0,398198
2021-06-18 10:24:17,1472.0,398198
2021-06-18 10:24:19,1471.75,398246
2021-06-18 10:24:19,1471.75,398246
2021-06-18 10:24:20,1471.75,398246
2021-06-18 10:24:21,1471.75,398313
2021-06-18 10:24:22,1472.6,398328
2021-06-18 10:24:23,1472.6,398328
2021-06-18 10:24:24,1472.6,398328
2021-06-18 10:24:26,1472.2,398333
2021-06-18 10:24:26,1472.2,398333
2021-06-18 10:24:27,1472.15,398401
2021-06-18 10:24:28,1472.5,398425
2021-06-18 10:24:29,1472.5,398425
2021-06-18 10:24:30,1472.5,398425
2021-06-18 10:24:32,1472.15,398519
2021-06-18 10:24:32,1472.15,398519
2021-06-18 10:24:33,1472.15,398519
2021-06-18 10:24:34,1472.15,398519
2021-06-18 10:24:35,1472.6,398520
2021-06-18 10:24:36,1472.0,398545
2021-06-18 10:24:37,1472.55,398548
2021-06-18 10:24:38,1472.55,398558
2021-06-18 10:24:40,1472.55,398560
2021-06-18 10:24:41,1472.55,398560
2021-06-18 10:24:42,1472.35,398606
2021-06-18 10:24:43,1472.2,398608
2021-06-18 10:24:44,1472.2,398608
2021-06-18 10:24:45,1472.2,398608
2021-06-18 10:24:46,1472.15,398708
2021-06-18 10:24:48,1472.15,398708
2021-06-18 10:24:48,1472.15,398708
2021-06-18 10:24:49,1472.5,398718
2021-06-18 10:24:50,1472.5,398718
2021-06-18 10:24:51,1472.5,398718
2021-06-18 10:24:52,1472.5,398718
2021-06-18 10:24:53,1472.1,398873
2021-06-18 10:24:54,1472.5,398874
2021-06-18 10:24:55,1472.5,398879
2021-06-18 10:24:56,1472.25,398904
2021-06-18 10:24:58,1472.25,398904
2021-06-18 10:24:59,1472.5,399004
2021-06-18 10:24:59,1472.5,399004
2021-06-18 10:25:00,1472.5,399005
2021-06-18 10:25:01,1472.3,399020
2021-06-18 10:25:02,1472.3,399020
2021-06-18 10:25:03,1472.3,399020
2021-06-18 10:25:04,1472.3,399020
2021-06-18 10:25:05,1472.3,399020
2021-06-18 10:25:06,1472.5,399023
2021-06-18 10:25:07,1472.5,399023
2021-06-18 10:25:08,1472.5,399023
2021-06-18 10:25:09,1472.55,399033
2021-06-18 10:25:10,1472.15,399158
2021-06-18 10:25:11,1472.15,399158
2021-06-18 10:25:12,1472.15,399158
2021-06-18 10:25:14,1472.6,399183
2021-06-18 10:25:14,1472.15,399158
2021-06-18 10:25:15,1472.15,399203
2021-06-18 10:25:16,1472.75,399322
2021-06-18 10:25:17,1472.75,399322
2021-06-18 10:25:18,1472.75,399322
2021-06-18 10:25:19,1472.75,399322
2021-06-18 10:25:20,1472.75,399322
2021-06-18 10:25:21,1472.15,399413
2021-06-18 10:25:23,1472.15,399413
2021-06-18 10:25:24,1472.15,399413
