timestamp,ltp,volume
2021-06-18 09:16:31,6952.45,11316
2021-06-18 09:16:32,6952.45,11318
2021-06-18 09:16:32,6952.45,11318
2021-06-18 09:16:34,6953.25,11349
2021-06-18 09:16:35,6951.6,11365
2021-06-18 09:16:36,6951.6,11369
2021-06-18 09:16:37,6952.35,11420
2021-06-18 09:16:38,6952.35,11427
2021-06-18 09:16:39,6952.35,11444
2021-06-18 09:16:40,6952.35,11479
2021-06-18 09:16:41,6951.55,11480
2021-06-18 09:16:41,6952.35,11481
2021-06-18 09:16:43,6952.35,11514
2021-06-18 09:16:44,6952.3,11742
2021-06-18 09:16:45,6951.55,11760
2021-06-18 09:16:46,6951.55,11760
2021-06-18 09:16:47,6953.85,11905
2021-06-18 09:16:48,6953.3,11919
2021-06-18 09:16:50,6954.65,12313
2021-06-18 09:16:51,6954.65,12313
2021-06-18 09:16:52,6955.45,12317
2021-06-18 09:16:53,6948.0,13369
2021-06-18 09:16:54,6948.9,13713
2021-06-18 09:16:55,6946.05,13721
2021-06-18 09:16:56,6946.0,13824
2021-06-18 09:16:57,6942.4,13917
2021-06-18 09:17:00,6942.95,14543
2021-06-18 09:17:01,6946.85,14643
2021-06-18 09:17:02,6943.5,14778
2021-06-18 09:17:03,6943.4,14818
2021-06-18 09:17:04,6946.35,14820
2021-06-18 09:17:05,6946.35,14890
2021-06-18 09:17:06,6944.65,14897
2021-06-18 09:17:07,6946.3,14929
2021-06-18 09:17:08,6943.25,15091
2021-06-18 09:17:09,6944.55,15123
2021-06-18 09:17:10,6947.0,15266
2021-06-18 09:17:11,6945.55,15276
2021-06-18 09:17:12,6946.35,15314
2021-06-18 09:17:13,6946.35,15314
2021-06-18 09:17:14,6945.5,15320
2021-06-18 09:17:15,6946.0,15409
2021-06-18 09:17:16,6941.65,15509
2021-06-18 09:17:17,6941.8,15605
2021-06-18 09:17:18,6945.5,15628
2021-06-18 09:17:19,6946.95,15855
2021-06-18 09:17:20,6949.45,15915
2021-06-18 09:17:21,6947.45,16056
2021-06-18 09:17:22,6946.0,16110
2021-06-18 09:17:23,6946.0,16124
2021-06-18 09:17:24,6946.05,16141
2021-06-18 09:17:25,6948.55,16146
2021-06-18 09:17:26,6945.2,16246
2021-06-18 09:17:27,6946.15,16266
2021-06-18 09:17:28,6946.15,16266
2021-06-18 09:17:29,6949.15,16293
2021-06-18 09:17:30,6949.75,16446
2021-06-18 09:17:31,6948.25,16638
2021-06-18 09:17:32,6951.5,16708
2021-06-18 09:17:33,6952.9,16735
2021-06-18 09:17:34,6950.3,16741
2021-06-18 09:17:35,6950.35,16775
2021-06-18 09:17:36,6950.2,16789
2021-06-18 09:17:37,6949.0,16910
2021-06-18 09:17:38,6950.15,16949
2021-06-18 09:17:39,6950.15,16963
2021-06-18 09:17:40,6950.15,16971
2021-06-18 09:17:41,6947.5,16991
2021-06-18 09:17:42,6950.3,17096
2021-06-18 09:17:43,6947.05,17108
2021-06-18 09:17:44,6949.05,17148
2021-06-18 09:17:45,6949.05,17197
2021-06-18 09:17:46,6949.05,17202
2021-06-18 09:17:47,6950.15,17213
2021-06-18 09:17:48,6947.4,17348
2021-06-18 09:17:49,6947.4,17348
2021-06-18 09:17:50,6947.65,17356
2021-06-18 09:17:51,6947.65,17356
2021-06-18 09:17:52,6946.4,17360
2021-06-18 09:17:53,6947.65,17369
2021-06-18 09:17:54,6950.6,17417
2021-06-18 09:17:55,6950.6,17417
2021-06-18 09:17:56,6947.2,17424
2021-06-18 09:17:57,6946.8,17505
2021-06-18 09:17:58,6949.7,17508
2021-06-18 09:17:59,6949.95,17538
2021-06-18 09:18:00,6949.95,17547
2021-06-18 09:18:01,6952.0,17557
2021-06-18 09:18:02,6952.9,17587
2021-06-18 09:18:03,6953.2,17588
2021-06-18 09:18:04,6953.2,17588
2021-06-18 09:18:05,6951.95,17593
2021-06-18 09:18:06,6951.95,17595
2021-06-18 09:18:07,6951.95,17610
2021-06-18 09:18:08,6953.0,17801
2021-06-18 09:18:09,6949.95,17816
2021-06-18 09:18:10,6949.85,17826
2021-06-18 09:18:11,6948.1,17845
2021-06-18 09:18:12,6949.7,17857
2021-06-18 09:18:13,6949.85,17885
2021-06-18 09:18:14,6953.0,17985
2021-06-18 09:18:15,6953.0,17985
2021-06-18 09:18:16,6952.65,18044
2021-06-18 09:18:17,6948.75,18083
2021-06-18 09:18:18,6948.7,18119
2021-06-18 09:18:19,6953.05,18236
2021-06-18 09:18:20,6950.2,18298
2021-06-18 09:18:21,6950.2,18306
2021-06-18 09:18:22,6950.2,18306
2021-06-18 09:18:23,6950.2,18306
2021-06-18 09:18:24,6947.75,18310
2021-06-18 09:18:25,6950.15,18340
2021-06-18 09:18:26,6957.95,18569
2021-06-18 09:18:27,6951.0,18612
2021-06-18 09:18:28,6951.0,18612
2021-06-18 09:18:29,6948.1,18629
2021-06-18 09:18:30,6947.0,18874
2021-06-18 09:18:31,6953.9,19027
2021-06-18 09:18:32,6950.85,19122
2021-06-18 09:18:33,6950.0,19251
2021-06-18 09:18:34,6950.0,19273
2021-06-18 09:18:35,6950.0,19286
2021-06-18 09:18:36,6949.0,19304
2021-06-18 09:18:37,6950.0,19413
2021-06-18 09:18:38,6949.5,19425
2021-06-18 09:18:39,6948.1,19430
2021-06-18 09:18:40,6948.1,19430
2021-06-18 09:18:41,6950.0,19440
2021-06-18 09:18:42,6948.05,19447
2021-06-18 09:18:43,6950.0,19472
2021-06-18 09:18:44,6950.0,19472
2021-06-18 09:18:45,6947.95,19510
2021-06-18 09:18:46,6948.0,19524
2021-06-18 09:18:47,6950.2,19554
2021-06-18 09:18:48,6950.0,19555
2021-06-18 09:18:49,6950.0,19555
2021-06-18 09:18:50,6952.6,19586
2021-06-18 09:18:51,6950.2,19693
2021-06-18 09:18:52,6950.2,19693
2021-06-18 09:18:53,6949.15,19696
2021-06-18 09:18:54,6949.95,19733
2021-06-18 09:18:55,6949.95,19733
2021-06-18 09:18:56,6949.95,19739
2021-06-18 09:18:57,6949.95,19739
2021-06-18 09:18:58,6949.9,19744
2021-06-18 09:18:59,6950.0,19846
2021-06-18 09:19:00,6950.0,19870
2021-06-18 09:19:02,6949.95,19886
2021-06-18 09:19:02,6949.95,19886
2021-06-18 09:19:03,6949.95,19886
2021-06-18 09:19:04,6949.95,19886
2021-06-18 09:19:05,6949.95,19886
2021-06-18 09:19:06,6949.5,19939
2021-06-18 09:19:07,6949.5,19956
2021-06-18 09:19:08,6950.0,20222
2021-06-18 09:19:09,6947.35,20272
2021-06-18 09:19:10,6947.35,20272
2021-06-18 09:19:12,6947.25,20307
2021-06-18 09:19:12,6947.25,20307
2021-06-18 09:19:13,6947.35,20308
2021-06-18 09:19:14,6947.0,20320
2021-06-18 09:19:15,6946.45,20331
2021-06-18 09:19:16,6946.45,20331
2021-06-18 09:19:17,6948.0,20333
2021-06-18 09:19:18,6948.0,20333
2021-06-18 09:19:19,6948.05,20358
2021-06-18 09:19:20,6948.05,20358
2021-06-18 09:19:21,6948.0,20423
2021-06-18 09:19:22,6946.15,20457
2021-06-18 09:19:24,6948.05,20509
2021-06-18 09:19:25,6946.45,20547
2021-06-18 09:19:26,6946.45,20556
2021-06-18 09:19:27,6948.0,20557
2021-06-18 09:19:28,6946.15,20622
2021-06-18 09:19:29,6946.0,20633
2021-06-18 09:19:30,6946.1,20671
2021-06-18 09:19:32,6946.15,20729
2021-06-18 09:19:32,6946.15,20729
2021-06-18 09:19:33,6946.0,20753
2021-06-18 09:19:34,6946.15,20796
2021-06-18 09:19:35,6947.0,20804
2021-06-18 09:19:36,6948.45,20838
2021-06-18 09:19:37,6948.0,20854
2021-06-18 09:19:38,6948.0,20854
2021-06-18 09:19:39,6950.0,20894
2021-06-18 09:19:40,6950.0,20944
2021-06-18 09:19:41,6948.45,20964
2021-06-18 09:19:42,6948.0,20990
2021-06-18 09:19:44,6947.0,21050
2021-06-18 09:19:44,6947.0,21050
2021-06-18 09:19:45,6948.45,21092
2021-06-18 09:19:47,6946.45,21130
2021-06-18 09:19:48,6950.0,21165
2021-06-18 09:19:49,6950.0,21165
2021-06-18 09:19:50,6950.0,21165
2021-06-18 09:19:51,6950.0,21165
2021-06-18 09:19:52,6949.7,21170
2021-06-18 09:19:53,6946.45,21182
2021-06-18 09:19:54,6946.55,21197
2021-06-18 09:19:55,6946.55,21197
2021-06-18 09:19:56,6948.0,21202
2021-06-18 09:19:57,6948.0,21204
2021-06-18 09:19:58,6948.0,21214
2021-06-18 09:19:59,6947.95,21215
2021-06-18 09:20:00,6947.0,21217
2021-06-18 09:20:01,6946.45,21219
2021-06-18 09:20:03,6947.0,21233
2021-06-18 09:20:03,6948.0,21248
2021-06-18 09:20:04,6947.0,21249
2021-06-18 09:20:05,6947.0,21250
2021-06-18 09:20:06,6947.0,21250
2021-06-18 09:20:07,6947.0,21250
2021-06-18 09:20:08,6947.0,21256
2021-06-18 09:20:09,6947.0,21401
2021-06-18 09:20:10,6948.0,21420
2021-06-18 09:20:11,6945.2,21949
2021-06-18 09:20:12,6945.1,21951
2021-06-18 09:20:14,6944.75,22209
2021-06-18 09:20:14,6944.75,22271
2021-06-18 09:20:15,6944.5,22272
2021-06-18 09:20:16,6944.0,22368
2021-06-18 09:20:17,6944.75,22398
2021-06-18 09:20:18,6946.35,22531
2021-06-18 09:20:19,6946.35,22531
2021-06-18 09:20:20,6945.0,22562
2021-06-18 09:20:22,6945.0,22570
2021-06-18 09:20:22,6945.0,22567
2021-06-18 09:20:23,6945.0,22580
2021-06-18 09:20:24,6945.0,22580
2021-06-18 09:20:25,6945.0,22645
2021-06-18 09:20:26,6946.3,22661
2021-06-18 09:20:27,6946.45,22944
2021-06-18 09:20:28,6946.45,22944
2021-06-18 09:20:29,6947.55,22948
2021-06-18 09:20:30,6945.0,22954
2021-06-18 09:20:31,6947.5,22969
2021-06-18 09:20:32,6941.1,23380
2021-06-18 09:20:34,6935.0,24024
2021-06-18 09:20:34,6938.65,24025
2021-06-18 09:20:35,6937.65,24046
2021-06-18 09:20:36,6937.05,24062
2021-06-18 09:20:37,6935.05,24076
2021-06-18 09:20:38,6932.2,24183
2021-06-18 09:20:39,6936.3,24194
2021-06-18 09:20:40,6936.3,24210
2021-06-18 09:20:41,6932.3,24537
2021-06-18 09:20:42,6935.0,24626
2021-06-18 09:20:43,6935.75,24717
2021-06-18 09:20:44,6932.1,24719
2021-06-18 09:20:45,6932.7,24829
2021-06-18 09:20:46,6932.1,24953
2021-06-18 09:20:47,6932.1,24989
2021-06-18 09:20:49,6932.1,24998
2021-06-18 09:20:49,6931.3,25003
2021-06-18 09:20:50,6931.0,25056
2021-06-18 09:20:51,6931.0,25180
2021-06-18 09:20:52,6931.0,25180
2021-06-18 09:20:53,6931.1,25212
2021-06-18 09:20:54,6931.0,25254
2021-06-18 09:20:55,6931.0,25265
2021-06-18 09:20:56,6931.0,25455
2021-06-18 09:20:57,6931.5,25761
2021-06-18 09:20:58,6931.0,25792
2021-06-18 09:20:59,6931.0,25794
2021-06-18 09:21:00,6931.0,25807
2021-06-18 09:21:01,6930.95,25818
2021-06-18 09:21:02,6931.0,25928
2021-06-18 09:21:03,6931.0,26073
2021-06-18 09:21:04,6934.15,26170
2021-06-18 09:21:05,6931.0,26244
2021-06-18 09:21:07,6933.5,26309
2021-06-18 09:21:07,6933.5,26309
2021-06-18 09:21:08,6931.0,26316
2021-06-18 09:21:09,6931.0,26321
2021-06-18 09:21:10,6932.95,26352
2021-06-18 09:21:11,6932.95,26368
2021-06-18 09:21:12,6931.0,26397
2021-06-18 09:21:13,6931.0,26462
2021-06-18 09:21:17,6930.05,26657
2021-06-18 09:21:18,6930.55,26687
2021-06-18 09:21:19,6930.55,26737
2021-06-18 09:21:19,6930.55,26737
2021-06-18 09:21:20,6930.55,26741
2021-06-18 09:21:21,6931.3,26849
2021-06-18 09:21:22,6930.55,26868
2021-06-18 09:21:23,6930.0,26869
2021-06-18 09:21:24,6930.1,26881
2021-06-18 09:21:25,6931.0,26907
2021-06-18 09:21:26,6931.0,26931
2021-06-18 09:21:27,6931.0,26952
2021-06-18 09:21:28,6930.0,26973
2021-06-18 09:21:29,6931.0,26981
2021-06-18 09:21:30,6931.0,27042
2021-06-18 09:21:31,6931.0,27042
2021-06-18 09:21:32,6930.0,27043
2021-06-18 09:21:33,6930.0,27043
2021-06-18 09:21:34,6931.0,27048
2021-06-18 09:21:35,6931.35,27166
2021-06-18 09:21:36,6931.35,27179
2021-06-18 09:21:37,6931.35,27196
2021-06-18 09:21:41,6932.9,27361
2021-06-18 09:21:41,6932.9,27361
2021-06-18 09:21:42,6930.55,27372
2021-06-18 09:21:43,6934.7,27607
2021-06-18 09:21:44,6930.0,27637
2021-06-18 09:21:45,6931.6,27697
2021-06-18 09:21:46,6930.05,27715
2021-06-18 09:21:47,6931.55,27876
2021-06-18 09:21:48,6931.55,27968
2021-06-18 09:21:49,6931.3,28026
2021-06-18 09:21:50,6929.95,28286
2021-06-18 09:21:51,6929.9,28390
2021-06-18 09:21:52,6926.8,28433
2021-06-18 09:21:53,6929.25,28440
2021-06-18 09:21:54,6926.85,28466
2021-06-18 09:21:55,6928.55,28476
2021-06-18 09:21:57,6929.1,28579
2021-06-18 09:21:58,6929.1,28579
2021-06-18 09:21:59,6926.5,28593
2021-06-18 09:22:00,6928.25,28629
2021-06-18 09:22:01,6926.8,28639
2021-06-18 09:22:02,6926.05,28777
2021-06-18 09:22:02,6926.05,28777
2021-06-18 09:22:03,6926.05,28782
2021-06-18 09:22:04,6926.5,28790
2021-06-18 09:22:05,6928.2,28801
2021-06-18 09:22:06,6926.1,28812
2021-06-18 09:22:07,6925.45,29092
2021-06-18 09:22:08,6924.8,29175
2021-06-18 09:22:10,6926.4,29257
2021-06-18 09:22:11,6924.4,29447
2021-06-18 09:22:11,6924.4,29476
2021-06-18 09:22:12,6926.7,29601
2021-06-18 09:22:13,6926.7,29664
2021-06-18 09:22:14,6926.05,29666
2021-06-18 09:22:15,6924.85,29670
2021-06-18 09:22:17,6925.5,29786
2021-06-18 09:22:18,6923.0,29837
2021-06-18 09:22:19,6924.4,29844
2021-06-18 09:22:20,6924.85,30074
2021-06-18 09:22:21,6923.95,30088
2021-06-18 09:22:22,6924.0,30153
2021-06-18 09:22:23,6924.85,30167
2021-06-18 09:22:24,6923.0,30205
2021-06-18 09:22:25,6927.85,30451
2021-06-18 09:22:26,6924.45,30504
2021-06-18 09:22:27,6924.0,30514
2021-06-18 09:22:29,6925.95,30515
2021-06-18 09:22:29,6923.0,30766
2021-06-18 09:22:31,6921.95,30900
2021-06-18 09:22:32,6923.9,30912
2021-06-18 09:22:33,6922.9,30918
2021-06-18 09:22:33,6922.9,30918
2021-06-18 09:22:34,6921.5,30919
2021-06-18 09:22:35,6921.1,30990
2021-06-18 09:22:36,6921.0,31090
2021-06-18 09:22:37,6920.0,31165
2021-06-18 09:22:38,6920.0,31213
2021-06-18 09:22:39,6922.8,31239
2021-06-18 09:22:41,6920.0,31288
2021-06-18 09:22:42,6920.45,31356
2021-06-18 09:22:43,6921.65,31625
2021-06-18 09:22:44,6926.0,32038
2021-06-18 09:22:45,6926.35,32399
2021-06-18 09:22:45,6925.5,32402
2021-06-18 09:22:46,6925.65,32482
2021-06-18 09:22:47,6925.35,32569
2021-06-18 09:22:48,6927.6,32602
2021-06-18 09:22:49,6926.35,32664
2021-06-18 09:22:50,6926.35,32723
2021-06-18 09:22:51,6922.75,32889
2021-06-18 09:22:52,6924.8,32905
2021-06-18 09:22:54,6924.95,32950
2021-06-18 09:22:54,6922.5,32951
2021-06-18 09:22:55,6922.9,33080
2021-06-18 09:22:56,6921.65,33260
2021-06-18 09:22:58,6924.6,33445
2021-06-18 09:22:59,6921.25,33467
2021-06-18 09:22:59,6922.9,33468
2021-06-18 09:23:01,6922.5,33731
2021-06-18 09:23:02,6920.0,33794
2021-06-18 09:23:03,6922.65,33894
2021-06-18 09:23:04,6922.65,33915
2021-06-18 09:23:05,6922.6,33928
2021-06-18 09:23:06,6922.6,34067
2021-06-18 09:23:07,6922.5,34069
2021-06-18 09:23:07,6922.6,34148
2021-06-18 09:23:08,6922.6,34269
2021-06-18 09:23:09,6920.1,34501
2021-06-18 09:23:10,6921.5,34509
2021-06-18 09:23:11,6921.5,34522
2021-06-18 09:23:12,6921.3,34534
2021-06-18 09:23:13,6921.5,34582
2021-06-18 09:23:14,6919.95,34738
2021-06-18 09:23:16,6919.0,34745
2021-06-18 09:23:17,6919.3,34947
2021-06-18 09:23:18,6918.0,35228
2021-06-18 09:23:19,6918.0,35228
2021-06-18 09:23:19,6919.05,35318
2021-06-18 09:23:21,6917.65,35321
2021-06-18 09:23:22,6919.35,35378
2021-06-18 09:23:23,6918.4,35387
2021-06-18 09:23:24,6919.0,35443
2021-06-18 09:23:25,6917.3,35490
2021-06-18 09:23:26,6919.9,35530
2021-06-18 09:23:27,6921.5,35531
2021-06-18 09:23:28,6919.25,35703
2021-06-18 09:23:29,6919.0,35734
2021-06-18 09:23:30,6916.45,35853
2021-06-18 09:23:31,6916.45,35886
2021-06-18 09:23:32,6918.85,35888
2021-06-18 09:23:33,6916.45,35895
2021-06-18 09:23:34,6918.85,35924
2021-06-18 09:23:35,6916.5,35937
2021-06-18 09:23:37,6918.85,36125
2021-06-18 09:23:38,6920.0,36256
2021-06-18 09:23:38,6918.85,36141
2021-06-18 09:23:39,6920.0,36314
2021-06-18 09:23:40,6919.95,36342
2021-06-18 09:23:41,6917.25,36389
2021-06-18 09:23:42,6918.8,36390
2021-06-18 09:23:43,6918.0,36400
2021-06-18 09:23:44,6916.15,36465
2021-06-18 09:23:45,6916.1,36469
2021-06-18 09:23:46,6918.8,36572
2021-06-18 09:23:47,6918.8,36604
2021-06-18 09:23:48,6916.0,36670
2021-06-18 09:23:49,6917.7,36860
2021-06-18 09:23:50,6918.8,36915
2021-06-18 09:23:51,6918.8,36917
2021-06-18 09:23:52,6918.0,36928
2021-06-18 09:23:53,6918.0,36928
2021-06-18 09:23:54,6918.8,36930
2021-06-18 09:23:56,6916.6,36950
2021-06-18 09:23:57,6920.15,37264
2021-06-18 09:23:58,6917.9,37276
2021-06-18 09:23:59,6918.8,37306
2021-06-18 09:24:00,6915.65,37785
2021-06-18 09:24:01,6922.15,38506
2021-06-18 09:24:02,6921.3,38534
2021-06-18 09:24:03,6920.3,38643
2021-06-18 09:24:03,6920.1,38653
2021-06-18 09:24:04,6922.15,38770
2021-06-18 09:24:05,6922.15,38837
2021-06-18 09:24:06,6922.15,38929
2021-06-18 09:24:07,6925.0,39034
2021-06-18 09:24:08,6923.0,39093
2021-06-18 09:24:09,6925.4,39147
2021-06-18 09:24:10,6924.3,39162
2021-06-18 09:24:12,6924.4,39176
2021-06-18 09:24:14,6929.5,39342
2021-06-18 09:24:13,6927.5,39308
2021-06-18 09:24:15,6928.0,39345
2021-06-18 09:24:16,6930.0,39435
2021-06-18 09:24:17,6930.0,39473
2021-06-18 09:24:19,6930.0,39478
2021-06-18 09:24:18,6930.0,39473
2021-06-18 09:24:20,6931.6,39547
2021-06-18 09:24:20,6930.4,39558
2021-06-18 09:24:22,6928.65,39566
2021-06-18 09:24:23,6932.0,39605
2021-06-18 09:24:24,6932.0,39605
2021-06-18 09:24:25,6930.0,39718
2021-06-18 09:24:26,6934.85,39831
2021-06-18 09:24:26,6933.2,39851
2021-06-18 09:24:28,6934.95,39861
2021-06-18 09:24:29,6934.95,39861
2021-06-18 09:24:30,6936.15,39933
2021-06-18 09:24:30,6931.2,40275
2021-06-18 09:24:31,6931.95,40322
2021-06-18 09:24:32,6931.95,40324
2021-06-18 09:24:34,6936.3,40494
2021-06-18 09:24:34,6934.9,40538
2021-06-18 09:24:35,6934.9,40538
2021-06-18 09:24:37,6941.85,41043
2021-06-18 09:24:37,6941.85,41043
2021-06-18 09:24:39,6940.2,41177
2021-06-18 09:24:40,6938.6,41198
2021-06-18 09:24:41,6938.6,41206
2021-06-18 09:24:42,6937.8,41219
2021-06-18 09:24:43,6938.6,41232
2021-06-18 09:24:44,6938.6,41233
2021-06-18 09:24:45,6937.85,41389
2021-06-18 09:24:46,6938.6,41405
2021-06-18 09:24:46,6937.65,41535
2021-06-18 09:24:48,6939.95,41644
2021-06-18 09:24:49,6939.85,41654
2021-06-18 09:24:50,6938.6,41665
2021-06-18 09:24:51,6939.9,41742
2021-06-18 09:24:52,6939.2,41801
2021-06-18 09:24:53,6939.85,41802
2021-06-18 09:24:54,6939.85,41803
2021-06-18 09:24:55,6939.0,42492
2021-06-18 09:24:56,6936.2,42605
2021-06-18 09:24:57,6936.2,42646
2021-06-18 09:24:59,6936.2,42649
2021-06-18 09:24:59,6935.5,42656
2021-06-18 09:25:01,6936.2,42685
2021-06-18 09:25:02,6935.4,42690
2021-06-18 09:25:03,6935.4,42690
2021-06-18 09:25:04,6936.0,42716
2021-06-18 09:25:04,6936.0,42716
2021-06-18 09:25:06,6936.0,42721
2021-06-18 09:25:07,6936.2,42847
2021-06-18 09:25:08,6936.2,42852
2021-06-18 09:25:09,6936.2,42907
2021-06-18 09:25:10,6935.7,43060
2021-06-18 09:25:11,6936.2,43118
2021-06-18 09:25:12,6936.2,43143
2021-06-18 09:25:13,6937.9,43185
2021-06-18 09:25:14,6939.0,43273
2021-06-18 09:25:15,6938.95,43289
2021-06-18 09:25:16,6939.0,43331
2021-06-18 09:25:17,6939.0,43356
2021-06-18 09:25:18,6939.05,43357
2021-06-18 09:25:19,6940.5,43565
2021-06-18 09:25:20,6946.0,43739
2021-06-18 09:25:21,6946.55,43758
2021-06-18 09:25:22,6947.0,43760
2021-06-18 09:25:23,6949.0,43805
2021-06-18 09:25:24,6948.85,43815
2021-06-18 09:25:25,6948.0,43822
2021-06-18 09:25:26,6948.85,43825
2021-06-18 09:25:27,6947.9,43958
2021-06-18 09:25:28,6949.0,43971
2021-06-18 09:25:29,6949.0,43971
2021-06-18 09:25:30,6949.0,44015
2021-06-18 09:25:31,6950.0,44109
2021-06-18 09:25:32,6949.0,44113
2021-06-18 09:25:34,6949.0,44149
2021-06-18 09:25:35,6949.0,44149
2021-06-18 09:25:36,6950.5,44154
2021-06-18 09:25:37,6950.5,44175
2021-06-18 09:25:38,6952.2,44203
2021-06-18 09:25:39,6952.15,44227
2021-06-18 09:25:40,6953.5,44328
2021-06-18 09:25:42,6950.55,44329
2021-06-18 09:25:43,6952.6,44448
2021-06-18 09:25:44,6952.6,44448
2021-06-18 09:25:45,6952.6,44485
2021-06-18 09:25:46,6952.6,44492
2021-06-18 09:25:47,6950.25,44717
2021-06-18 09:25:48,6950.05,44768
2021-06-18 09:25:49,6950.5,44795
2021-06-18 09:25:50,6951.35,44815
2021-06-18 09:25:51,6950.55,44816
2021-06-18 09:25:52,6950.0,44929
2021-06-18 09:25:53,6950.0,44932
2021-06-18 09:25:54,6951.45,44990
2021-06-18 09:25:55,6951.45,45015
2021-06-18 09:25:56,6950.0,45038
2021-06-18 09:25:57,6950.0,45038
2021-06-18 09:25:58,6959.9,45722
2021-06-18 09:25:59,6959.9,45776
2021-06-18 09:26:00,6961.65,46322
2021-06-18 09:26:01,6959.9,46450
2021-06-18 09:26:02,6959.05,46587
2021-06-18 09:26:03,6960.25,46589
2021-06-18 09:26:03,6960.25,46589
2021-06-18 09:26:05,6959.9,46691
2021-06-18 09:26:06,6959.55,46696
2021-06-18 09:26:07,6959.65,46706
2021-06-18 09:26:08,6960.0,46739
2021-06-18 09:26:09,6960.0,46835
2021-06-18 09:26:10,6962.25,46839
2021-06-18 09:26:11,6959.7,46943
2021-06-18 09:26:12,6959.65,46949
2021-06-18 09:26:16,6960.05,47066
2021-06-18 09:26:18,6959.9,47104
2021-06-18 09:26:19,6959.9,47104
2021-06-18 09:26:20,6959.9,47104
2021-06-18 09:26:21,6959.95,47121
2021-06-18 09:26:22,6960.15,47432
2021-06-18 09:26:23,6959.95,47447
2021-06-18 09:26:24,6960.0,47535
2021-06-18 09:26:25,6959.7,47590
2021-06-18 09:26:26,6957.5,47592
2021-06-18 09:26:27,6957.3,47603
2021-06-18 09:26:28,6956.3,47608
2021-06-18 09:26:29,6956.3,47608
2021-06-18 09:26:30,6957.3,47613
2021-06-18 09:26:31,6954.75,47660
2021-06-18 09:26:32,6954.25,47697
2021-06-18 09:26:33,6954.25,47755
2021-06-18 09:26:33,6954.25,47755
2021-06-18 09:26:34,6952.85,47825
2021-06-18 09:26:35,6950.65,47849
2021-06-18 09:26:37,6951.55,47905
2021-06-18 09:26:38,6951.55,47961
2021-06-18 09:26:39,6951.05,47965
2021-06-18 09:26:40,6951.4,47970
2021-06-18 09:26:42,6952.85,47977
2021-06-18 09:26:43,6952.85,47977
2021-06-18 09:26:46,6953.75,47990
2021-06-18 09:26:46,6953.75,47990
2021-06-18 09:26:48,6952.0,48016
2021-06-18 09:26:49,6952.0,48022
2021-06-18 09:26:50,6950.8,48064
2021-06-18 09:26:51,6950.8,48064
2021-06-18 09:26:52,6950.8,48064
2021-06-18 09:26:53,6953.05,48066
2021-06-18 09:26:54,6952.0,48069
2021-06-18 09:26:55,6950.5,48076
2021-06-18 09:26:56,6950.5,48081
2021-06-18 09:26:57,6949.0,48276
2021-06-18 09:26:58,6949.0,48312
2021-06-18 09:26:59,6947.65,48325
2021-06-18 09:27:00,6946.7,48461
2021-06-18 09:27:02,6949.75,48478
2021-06-18 09:27:01,6949.75,48477
2021-06-18 09:27:03,6950.0,48613
2021-06-18 09:27:04,6952.0,48640
2021-06-18 09:27:05,6952.0,48640
2021-06-18 09:27:06,6952.0,48642
2021-06-18 09:27:07,6950.0,48649
2021-06-18 09:27:08,6950.0,48649
2021-06-18 09:27:09,6950.0,48649
2021-06-18 09:27:10,6951.0,48673
2021-06-18 09:27:11,6949.75,48681
2021-06-18 09:27:12,6949.75,48681
2021-06-18 09:27:13,6950.0,48687
2021-06-18 09:27:14,6950.0,48687
2021-06-18 09:27:15,6948.0,48690
2021-06-18 09:27:16,6947.9,48735
2021-06-18 09:27:17,6948.55,48743
2021-06-18 09:27:18,6950.0,48860
2021-06-18 09:27:19,6951.3,48877
2021-06-18 09:27:20,6952.0,48885
2021-06-18 09:27:21,6952.0,48906
2021-06-18 09:27:22,6952.0,48906
2021-06-18 09:27:23,6952.0,48906
2021-06-18 09:27:24,6951.3,48913
2021-06-18 09:27:25,6951.3,48913
2021-06-18 09:27:26,6951.3,48913
2021-06-18 09:27:27,6951.3,48914
2021-06-18 09:27:28,6951.3,48917
2021-06-18 09:27:29,6946.65,49117
2021-06-18 09:27:30,6951.4,49151
2021-06-18 09:27:31,6950.0,49160
2021-06-18 09:27:31,6950.0,49160
2021-06-18 09:27:33,6952.0,49257
2021-06-18 09:27:33,6952.0,49257
2021-06-18 09:27:35,6952.15,49275
2021-06-18 09:27:36,6951.1,49300
2021-06-18 09:27:36,6951.1,49300
2021-06-18 09:27:37,6953.0,49346
2021-06-18 09:27:38,6951.95,49363
2021-06-18 09:27:39,6959.9,49764
2021-06-18 09:27:40,6956.75,49884
2021-06-18 09:27:42,6958.75,49887
2021-06-18 09:27:43,6956.4,49912
2021-06-18 09:27:44,6958.75,49913
2021-06-18 09:27:46,6957.3,49914
2021-06-18 09:27:47,6955.0,49925
2021-06-18 09:27:48,6957.3,49968
2021-06-18 09:27:49,6957.25,49969
2021-06-18 09:27:50,6960.0,50244
2021-06-18 09:27:51,6960.0,50306
2021-06-18 09:27:52,6960.0,50306
2021-06-18 09:27:53,6960.0,50406
2021-06-18 09:27:54,6958.6,50418
2021-06-18 09:27:55,6958.6,50421
2021-06-18 09:27:56,6958.6,50421
2021-06-18 09:27:57,6958.6,50421
2021-06-18 09:27:58,6960.0,50530
2021-06-18 09:27:59,6958.6,50531
2021-06-18 09:28:00,6959.3,50533
2021-06-18 09:28:01,6959.3,50533
2021-06-18 09:28:02,6959.3,50533
2021-06-18 09:28:03,6958.0,50540
2021-06-18 09:28:04,6958.0,50542
2021-06-18 09:28:05,6957.3,50625
2021-06-18 09:28:06,6957.3,50650
2021-06-18 09:28:07,6957.1,50688
2021-06-18 09:28:08,6958.0,50709
2021-06-18 09:28:09,6957.3,50731
2021-06-18 09:28:10,6959.3,50732
2021-06-18 09:28:11,6956.0,50783
2021-06-18 09:28:12,6957.1,50812
2021-06-18 09:28:13,6957.1,50812
2021-06-18 09:28:14,6957.1,50824
2021-06-18 09:28:15,6956.1,50827
2021-06-18 09:28:16,6956.1,50827
2021-06-18 09:28:17,6957.0,50895
2021-06-18 09:28:18,6960.5,51161
2021-06-18 09:28:20,6956.25,51168
2021-06-18 09:28:21,6957.1,51253
2021-06-18 09:28:22,6956.0,51282
2021-06-18 09:28:23,6957.35,51287
2021-06-18 09:28:25,6957.35,51287
2021-06-18 09:28:27,6955.4,51325
2021-06-18 09:28:28,6955.4,51514
2021-06-18 09:28:29,6955.0,51527
2021-06-18 09:28:30,6955.0,51527
2021-06-18 09:28:31,6955.0,51527
2021-06-18 09:28:32,6954.95,51528
2021-06-18 09:28:33,6954.95,51538
2021-06-18 09:28:34,6954.95,51538
2021-06-18 09:28:35,6954.0,51539
2021-06-18 09:28:36,6954.0,51539
2021-06-18 09:28:37,6954.0,51539
2021-06-18 09:28:38,6954.0,51539
2021-06-18 09:28:39,6954.0,51539
2021-06-18 09:28:40,6954.0,51539
2021-06-18 09:28:41,6955.1,51603
2021-06-18 09:28:42,6955.1,51650
2021-06-18 09:28:43,6954.5,51718
2021-06-18 09:28:45,6953.1,51758
2021-06-18 09:28:44,6953.1,51758
2021-06-18 09:28:46,6952.6,51783
2021-06-18 09:28:47,6954.95,51797
2021-06-18 09:28:48,6955.4,51802
2021-06-18 09:28:49,6955.4,51802
2021-06-18 09:28:50,6955.4,51802
2021-06-18 09:28:51,6955.4,51802
2021-06-18 09:28:52,6954.5,51811
2021-06-18 09:28:53,6954.5,51811
2021-06-18 09:28:54,6954.5,51816
2021-06-18 09:28:55,6953.55,51833
2021-06-18 09:28:56,6954.5,51843
2021-06-18 09:28:57,6955.4,51851
2021-06-18 09:28:58,6955.4,51851
2021-06-18 09:28:59,6955.4,51851
2021-06-18 09:29:01,6953.4,51944
2021-06-18 09:29:00,6953.4,51944
2021-06-18 09:29:02,6952.5,51945
2021-06-18 09:29:03,6951.5,51977
2021-06-18 09:29:04,6952.2,51982
2021-06-18 09:29:05,6950.1,52128
2021-06-18 09:29:06,6948.0,52131
2021-06-18 09:29:07,6947.5,52132
2021-06-18 09:29:08,6947.0,52143
2021-06-18 09:29:09,6945.5,52148
2021-06-18 09:29:10,6945.5,52148
2021-06-18 09:29:11,6946.5,52161
2021-06-18 09:29:12,6946.5,52163
2021-06-18 09:29:14,6945.0,52360
2021-06-18 09:29:15,6941.15,52385
2021-06-18 09:29:16,6941.1,52443
2021-06-18 09:29:17,6941.1,52443
2021-06-18 09:29:18,6944.4,52558
2021-06-18 09:29:19,6942.9,52579
2021-06-18 09:29:20,6940.65,52591
2021-06-18 09:29:21,6942.9,52611
2021-06-18 09:29:23,6942.65,52691
2021-06-18 09:29:22,6942.9,52686
2021-06-18 09:29:24,6943.0,52780
2021-06-18 09:29:25,6942.05,52792
2021-06-18 09:29:26,6942.05,52792
2021-06-18 09:29:27,6942.05,52793
2021-06-18 09:29:28,6945.0,52843
2021-06-18 09:29:29,6945.0,52848
2021-06-18 09:29:30,6944.7,52928
2021-06-18 09:29:31,6944.7,52933
2021-06-18 09:29:32,6943.5,52942
2021-06-18 09:29:33,6943.15,52992
2021-06-18 09:29:34,6943.15,52992
2021-06-18 09:29:35,6943.15,53002
2021-06-18 09:29:36,6943.15,53002
2021-06-18 09:29:37,6943.15,53002
2021-06-18 09:29:38,6943.15,53005
2021-06-18 09:29:39,6940.0,53110
2021-06-18 09:29:40,6940.0,53110
2021-06-18 09:29:41,6940.0,53110
2021-06-18 09:29:42,6943.05,53123
2021-06-18 09:29:43,6943.05,53123
2021-06-18 09:29:44,6943.05,53123
2021-06-18 09:29:45,6943.1,53154
2021-06-18 09:29:46,6941.8,53211
2021-06-18 09:29:47,6942.8,53258
2021-06-18 09:29:48,6940.05,53332
2021-06-18 09:29:49,6940.05,53353
2021-06-18 09:29:50,6940.0,53355
2021-06-18 09:29:52,6937.8,53594
2021-06-18 09:29:51,6937.8,53565
2021-06-18 09:29:53,6938.9,53601
2021-06-18 09:29:54,6938.9,53601
2021-06-18 09:29:56,6936.8,53665
2021-06-18 09:29:56,6936.8,53665
2021-06-18 09:29:57,6936.8,53665
2021-06-18 09:29:58,6936.9,53667
2021-06-18 09:29:59,6936.9,53667
2021-06-18 09:30:00,6939.95,53743
2021-06-18 09:30:01,6936.3,53744
2021-06-18 09:30:03,6936.9,53757
2021-06-18 09:30:03,6936.9,53757
2021-06-18 09:30:04,6938.35,53767
2021-06-18 09:30:05,6936.3,53823
2021-06-18 09:30:06,6937.55,53833
2021-06-18 09:30:08,6937.55,53833
2021-06-18 09:30:08,6937.55,53833
2021-06-18 09:30:09,6937.55,53836
2021-06-18 09:30:10,6935.1,53862
2021-06-18 09:30:11,6935.1,53862
2021-06-18 09:30:12,6936.9,53868
2021-06-18 09:30:13,6936.9,53868
2021-06-18 09:30:14,6936.85,53870
2021-06-18 09:30:15,6936.85,53872
2021-06-18 09:30:17,6936.85,53902
2021-06-18 09:30:17,6933.45,53938
2021-06-18 09:30:18,6934.3,53939
2021-06-18 09:30:19,6931.2,53959
2021-06-18 09:30:20,6934.55,53995
2021-06-18 09:30:21,6933.75,54003
2021-06-18 09:30:22,6933.75,54003
2021-06-18 09:30:23,6933.75,54003
2021-06-18 09:30:24,6935.1,54011
2021-06-18 09:30:25,6935.1,54011
2021-06-18 09:30:26,6933.8,54058
2021-06-18 09:30:28,6936.05,54083
2021-06-18 09:30:29,6936.3,54093
2021-06-18 09:30:30,6936.3,54093
2021-06-18 09:30:30,6936.3,54093
2021-06-18 09:30:31,6935.0,54181
2021-06-18 09:30:32,6939.0,54211
2021-06-18 09:30:33,6938.5,54218
2021-06-18 09:30:34,6940.0,54228
2021-06-18 09:30:35,6940.0,54228
2021-06-18 09:30:36,6936.45,54248
2021-06-18 09:30:37,6938.15,54253
2021-06-18 09:30:38,6938.15,54253
2021-06-18 09:30:40,6938.1,54271
2021-06-18 09:30:41,6937.15,54277
2021-06-18 09:30:42,6936.05,54280
2021-06-18 09:30:43,6936.05,54280
2021-06-18 09:30:44,6938.2,54287
2021-06-18 09:30:45,6938.2,54287
2021-06-18 09:30:46,6938.2,54287
2021-06-18 09:30:47,6938.5,54300
2021-06-18 09:30:48,6938.5,54300
2021-06-18 09:30:49,6937.35,54307
2021-06-18 09:30:49,6937.35,54307
2021-06-18 09:30:50,6937.35,54307
2021-06-18 09:30:51,6937.6,54308
2021-06-18 09:30:52,6937.6,54309
2021-06-18 09:30:53,6937.6,54309
2021-06-18 09:30:54,6937.6,54309
2021-06-18 09:30:55,6937.6,54310
2021-06-18 09:30:56,6937.6,54315
2021-06-18 09:30:57,6936.1,54350
2021-06-18 09:30:58,6937.5,54351
2021-06-18 09:30:59,6937.5,54353
2021-06-18 09:31:00,6937.5,54362
2021-06-18 09:31:02,6937.5,54363
2021-06-18 09:31:02,6937.6,54374
2021-06-18 09:31:03,6937.6,54388
2021-06-18 09:31:04,6937.6,54389
2021-06-18 09:31:05,6937.6,54389
2021-06-18 09:31:06,6937.6,54393
2021-06-18 09:31:07,6937.6,54393
2021-06-18 09:31:08,6937.6,54393
2021-06-18 09:31:09,6938.8,54399
2021-06-18 09:31:10,6938.8,54399
2021-06-18 09:31:11,6940.0,54408
2021-06-18 09:31:13,6940.0,54408
2021-06-18 09:31:14,6940.0,54438
2021-06-18 09:31:15,6938.8,54444
2021-06-18 09:31:16,6939.95,54446
2021-06-18 09:31:17,6939.95,54446
2021-06-18 09:31:18,6939.95,54446
2021-06-18 09:31:18,6939.95,54446
2021-06-18 09:31:19,6939.95,54451
2021-06-18 09:31:20,6940.0,54454
2021-06-18 09:31:21,6940.0,54475
2021-06-18 09:31:22,6940.0,54475
2021-06-18 09:31:23,6941.55,54490
2021-06-18 09:31:24,6941.55,54490
2021-06-18 09:31:25,6941.55,54490
2021-06-18 09:31:27,6941.55,54504
2021-06-18 09:31:27,6941.55,54504
2021-06-18 09:31:28,6941.45,54506
2021-06-18 09:31:29,6941.45,54510
2021-06-18 09:31:30,6942.0,54514
2021-06-18 09:31:31,6947.45,54535
2021-06-18 09:31:32,6952.5,55041
2021-06-18 09:31:33,6952.5,55041
2021-06-18 09:31:34,6952.5,55041
2021-06-18 09:31:35,6952.5,55041
2021-06-18 09:31:36,6952.5,55041
2021-06-18 09:31:37,6954.95,55060
2021-06-18 09:31:38,6954.95,55070
2021-06-18 09:31:39,6952.75,55086
2021-06-18 09:31:40,6952.75,55086
2021-06-18 09:31:41,6952.75,55086
2021-06-18 09:31:42,6953.4,55090
2021-06-18 09:31:43,6951.6,55100
2021-06-18 09:31:44,6954.85,55640
2021-06-18 09:31:45,6950.25,55658
2021-06-18 09:31:47,6950.0,55714
2021-06-18 09:31:48,6950.05,55717
2021-06-18 09:31:49,6950.0,55727
2021-06-18 09:31:49,6950.0,55727
2021-06-18 09:31:50,6953.4,55854
2021-06-18 09:31:51,6946.35,55966
2021-06-18 09:31:52,6948.2,55967
2021-06-18 09:31:53,6949.55,55985
2021-06-18 09:31:54,6949.55,55991
2021-06-18 09:31:55,6949.55,55991
2021-06-18 09:31:56,6947.0,56000
2021-06-18 09:31:57,6947.0,56000
2021-06-18 09:31:58,6948.0,56012
2021-06-18 09:31:59,6950.05,56110
2021-06-18 09:32:00,6951.0,56134
2021-06-18 09:32:01,6951.0,56143
2021-06-18 09:32:03,6951.0,56143
2021-06-18 09:32:04,6951.0,56143
2021-06-18 09:32:04,6951.0,56143
2021-06-18 09:32:05,6951.0,56143
2021-06-18 09:32:06,6951.0,56172
2021-06-18 09:32:08,6951.0,56184
2021-06-18 09:32:09,6951.0,56184
2021-06-18 09:32:11,6951.0,56184
2021-06-18 09:32:12,6948.6,56270
2021-06-18 09:32:13,6948.6,56270
2021-06-18 09:32:13,6948.6,56270
2021-06-18 09:32:14,6948.2,56271
2021-06-18 09:32:15,6948.2,56289
2021-06-18 09:32:16,6950.1,56292
2021-06-18 09:32:17,6950.1,56292
2021-06-18 09:32:18,6951.45,56331
2021-06-18 09:32:19,6951.45,56331
2021-06-18 09:32:20,6952.15,56332
2021-06-18 09:32:22,6952.15,56332
2021-06-18 09:32:23,6951.5,56347
2021-06-18 09:32:23,6951.5,56347
2021-06-18 09:32:24,6951.5,56347
2021-06-18 09:32:25,6951.5,56347
2021-06-18 09:32:26,6951.5,56347
2021-06-18 09:32:27,6951.6,56377
2021-06-18 09:32:29,6952.0,56379
2021-06-18 09:32:30,6952.0,56379
2021-06-18 09:32:31,6952.0,56404
2021-06-18 09:32:32,6952.0,56410
2021-06-18 09:32:33,6951.65,56424
2021-06-18 09:32:34,6951.65,56439
2021-06-18 09:32:36,6951.6,56441
2021-06-18 09:32:37,6951.6,56441
2021-06-18 09:32:38,6951.6,56441
2021-06-18 09:32:39,6950.45,56651
2021-06-18 09:32:40,6950.1,56661
2021-06-18 09:32:41,6950.7,56670
2021-06-18 09:32:41,6950.7,56670
2021-06-18 09:32:42,6950.7,56670
2021-06-18 09:32:43,6950.65,56695
2021-06-18 09:32:45,6950.0,56706
2021-06-18 09:32:46,6948.5,56718
2021-06-18 09:32:47,6949.85,56723
2021-06-18 09:32:50,6949.75,56767
2021-06-18 09:32:51,6948.2,56770
2021-06-18 09:32:52,6948.5,56772
2021-06-18 09:32:53,6948.5,56772
2021-06-18 09:32:54,6945.0,56882
2021-06-18 09:32:54,6945.0,56901
2021-06-18 09:32:55,6944.5,56948
2021-06-18 09:32:56,6944.5,56948
2021-06-18 09:32:57,6944.5,56966
2021-06-18 09:32:58,6944.5,56966
2021-06-18 09:33:01,6941.0,56991
2021-06-18 09:33:02,6941.0,56991
2021-06-18 09:33:03,6941.0,56991
2021-06-18 09:33:04,6941.0,56991
2021-06-18 09:33:04,6941.1,56993
2021-06-18 09:33:05,6941.1,56996
2021-06-18 09:33:07,6941.05,57009
2021-06-18 09:33:07,6941.05,57009
2021-06-18 09:33:09,6941.0,57014
2021-06-18 09:33:10,6943.7,57282
2021-06-18 09:33:12,6941.0,57307
2021-06-18 09:33:13,6941.0,57307
2021-06-18 09:33:14,6941.0,57314
2021-06-18 09:33:14,6941.0,57314
2021-06-18 09:33:15,6941.0,57314
2021-06-18 09:33:16,6941.0,57314
2021-06-18 09:33:17,6941.0,57314
2021-06-18 09:33:18,6941.0,57314
2021-06-18 09:33:19,6941.95,57324
2021-06-18 09:33:20,6941.05,57361
2021-06-18 09:33:21,6941.0,57375
2021-06-18 09:33:22,6941.0,57375
2021-06-18 09:33:23,6941.0,57378
2021-06-18 09:33:24,6941.0,57378
2021-06-18 09:33:25,6940.5,57381
2021-06-18 09:33:26,6938.45,57441
2021-06-18 09:33:28,6939.8,57444
2021-06-18 09:33:29,6939.8,57444
2021-06-18 09:33:30,6939.8,57444
2021-06-18 09:33:31,6939.8,57454
2021-06-18 09:33:32,6939.8,57454
2021-06-18 09:33:33,6939.8,57455
2021-06-18 09:33:34,6939.7,57456
2021-06-18 09:33:35,6938.4,57466
2021-06-18 09:33:35,6938.4,57466
2021-06-18 09:33:36,6938.0,57505
2021-06-18 09:33:39,6944.35,57814
2021-06-18 09:33:40,6941.3,57841
2021-06-18 09:33:42,6941.8,57896
2021-06-18 09:33:43,6941.8,57896
2021-06-18 09:33:44,6941.0,57927
2021-06-18 09:33:45,6941.0,57967
2021-06-18 09:33:45,6941.0,57967
2021-06-18 09:33:46,6941.0,58147
2021-06-18 09:33:47,6940.35,58157
2021-06-18 09:33:48,6940.35,58158
2021-06-18 09:33:50,6938.4,58164
2021-06-18 09:33:51,6938.4,58164
2021-06-18 09:33:52,6938.4,58194
2021-06-18 09:33:53,6938.4,58196
2021-06-18 09:33:53,6938.4,58196
2021-06-18 09:33:54,6938.4,58196
2021-06-18 09:33:55,6938.0,58198
2021-06-18 09:33:56,6938.0,58198
2021-06-18 09:33:57,6938.0,58198
2021-06-18 09:33:58,6938.0,58198
2021-06-18 09:33:59,6938.0,58198
2021-06-18 09:34:00,6938.0,58226
2021-06-18 09:34:01,6938.0,58226
2021-06-18 09:34:02,6938.0,58226
2021-06-18 09:34:03,6938.0,58226
2021-06-18 09:34:04,6937.8,58227
2021-06-18 09:34:05,6940.3,58232
2021-06-18 09:34:06,6938.0,58243
2021-06-18 09:34:07,6938.0,58243
2021-06-18 09:34:08,6938.0,58243
2021-06-18 09:34:10,6940.3,58263
2021-06-18 09:34:12,6938.0,58438
2021-06-18 09:34:13,6939.15,58453
2021-06-18 09:34:13,6938.0,58472
2021-06-18 09:34:14,6938.0,58472
2021-06-18 09:34:15,6939.15,58473
2021-06-18 09:34:16,6942.6,58533
2021-06-18 09:34:17,6939.6,58574
2021-06-18 09:34:19,6940.0,58581
2021-06-18 09:34:20,6941.8,58588
2021-06-18 09:34:21,6942.65,58599
2021-06-18 09:34:22,6944.0,58609
2021-06-18 09:34:23,6944.0,58609
2021-06-18 09:34:24,6944.0,58609
2021-06-18 09:34:25,6940.95,58615
2021-06-18 09:34:26,6942.65,58617
2021-06-18 09:34:27,6948.5,58678
2021-06-18 09:34:28,6951.15,58866
2021-06-18 09:34:29,6952.45,58870
2021-06-18 09:34:30,6951.0,58894
2021-06-18 09:34:31,6951.0,58894
2021-06-18 09:34:32,6951.0,58894
2021-06-18 09:34:33,6951.25,58922
2021-06-18 09:34:34,6949.6,58924
2021-06-18 09:34:35,6949.8,58925
2021-06-18 09:34:36,6952.45,58964
2021-06-18 09:34:37,6953.4,58979
2021-06-18 09:34:38,6950.15,58989
2021-06-18 09:34:38,6950.15,58989
2021-06-18 09:34:39,6952.45,58991
2021-06-18 09:34:40,6948.95,59021
2021-06-18 09:34:42,6946.15,59030
2021-06-18 09:34:43,6946.15,59030
2021-06-18 09:34:44,6946.45,59037
2021-06-18 09:34:44,6946.45,59037
2021-06-18 09:34:45,6945.7,59042
2021-06-18 09:34:46,6945.7,59060
2021-06-18 09:34:47,6947.15,59082
2021-06-18 09:34:48,6947.2,59084
2021-06-18 09:34:49,6946.35,59094
2021-06-18 09:34:50,6950.7,59201
2021-06-18 09:34:51,6950.7,59201
2021-06-18 09:34:52,6947.2,59203
2021-06-18 09:34:54,6947.65,59223
2021-06-18 09:34:55,6950.0,59323
2021-06-18 09:34:56,6950.0,59406
2021-06-18 09:34:56,6950.0,59406
2021-06-18 09:34:57,6950.0,59422
2021-06-18 09:34:58,6951.2,59444
2021-06-18 09:34:59,6950.0,59454
2021-06-18 09:35:01,6950.0,59454
2021-06-18 09:35:02,6950.0,59454
2021-06-18 09:35:03,6950.0,59454
2021-06-18 09:35:04,6950.0,59454
2021-06-18 09:35:05,6950.0,59454
2021-06-18 09:35:06,6950.0,59454
2021-06-18 09:35:07,6950.0,59454
2021-06-18 09:35:07,6950.0,59454
2021-06-18 09:35:08,6951.0,59462
2021-06-18 09:35:09,6950.0,59467
2021-06-18 09:35:10,6950.0,59467
2021-06-18 09:35:12,6950.0,59467
2021-06-18 09:35:13,6950.0,59467
2021-06-18 09:35:14,6951.0,59468
2021-06-18 09:35:15,6950.0,59487
2021-06-18 09:35:16,6951.0,59491
2021-06-18 09:35:17,6951.0,59491
2021-06-18 09:35:18,6951.0,59493
2021-06-18 09:35:19,6951.0,59493
2021-06-18 09:35:20,6950.0,59516
2021-06-18 09:35:21,6950.0,59516
2021-06-18 09:35:22,6950.0,59516
2021-06-18 09:35:22,6950.0,59516
2021-06-18 09:35:23,6951.35,59559
2021-06-18 09:35:25,6951.35,59559
2021-06-18 09:35:26,6950.0,59664
2021-06-18 09:35:27,6950.0,59664
2021-06-18 09:35:28,6951.0,59666
2021-06-18 09:35:29,6950.0,59669
2021-06-18 09:35:30,6951.0,59670
2021-06-18 09:35:30,6950.0,59675
2021-06-18 09:35:31,6951.0,59680
2021-06-18 09:35:32,6951.0,59680
2021-06-18 09:35:33,6951.0,59685
2021-06-18 09:35:34,6951.0,59697
2021-06-18 09:35:35,6950.0,59754
2021-06-18 09:35:36,6950.0,59754
2021-06-18 09:35:37,6950.0,59759
2021-06-18 09:35:38,6950.0,59809
2021-06-18 09:35:39,6951.0,59839
2021-06-18 09:35:41,6950.0,59856
2021-06-18 09:35:42,6951.0,59859
2021-06-18 09:35:43,6951.0,59882
2021-06-18 09:35:44,6950.0,59883
2021-06-18 09:35:45,6950.0,59883
2021-06-18 09:35:46,6951.0,59886
2021-06-18 09:35:47,6951.0,59886
2021-06-18 09:35:48,6951.0,59886
2021-06-18 09:35:49,6951.0,59891
2021-06-18 09:35:50,6948.05,60246
2021-06-18 09:35:50,6948.05,60246
2021-06-18 09:35:51,6949.95,60249
2021-06-18 09:35:53,6949.0,60364
2021-06-18 09:35:54,6948.05,60418
2021-06-18 09:35:55,6947.0,60590
2021-06-18 09:35:56,6947.0,60696
2021-06-18 09:35:57,6947.0,60719
2021-06-18 09:35:58,6947.0,60719
2021-06-18 09:35:59,6947.0,60719
2021-06-18 09:36:00,6945.0,60823
2021-06-18 09:36:00,6944.0,60825
2021-06-18 09:36:01,6945.0,61186
2021-06-18 09:36:02,6945.0,61387
2021-06-18 09:36:04,6944.95,61388
2021-06-18 09:36:05,6944.95,61388
2021-06-18 09:36:06,6944.95,61421
2021-06-18 09:36:07,6944.95,61421
2021-06-18 09:36:08,6944.95,61421
2021-06-18 09:36:09,6944.95,61421
2021-06-18 09:36:10,6944.95,61421
2021-06-18 09:36:11,6944.35,61431
2021-06-18 09:36:12,6943.55,61437
2021-06-18 09:36:13,6943.55,61437
2021-06-18 09:36:13,6943.55,61437
2021-06-18 09:36:14,6943.55,61437
2021-06-18 09:36:15,6943.55,61437
2021-06-18 09:36:17,6943.55,61437
2021-06-18 09:36:18,6943.55,61437
2021-06-18 09:36:19,6943.55,61437
2021-06-18 09:36:20,6943.55,61437
2021-06-18 09:36:21,6943.55,61437
2021-06-18 09:36:22,6943.55,61437
2021-06-18 09:36:23,6943.55,61440
2021-06-18 09:36:23,6943.55,61440
2021-06-18 09:36:24,6943.55,61440
2021-06-18 09:36:25,6941.0,61521
2021-06-18 09:36:27,6941.0,61521
2021-06-18 09:36:28,6941.0,61521
2021-06-18 09:36:29,6941.0,61521
2021-06-18 09:36:30,6942.3,61526
2021-06-18 09:36:31,6942.65,61546
2021-06-18 09:36:32,6940.25,61556
2021-06-18 09:36:33,6942.6,61560
2021-06-18 09:36:33,6942.6,61560
2021-06-18 09:36:34,6940.0,61561
2021-06-18 09:36:35,6940.0,61562
2021-06-18 09:36:37,6940.0,61565
2021-06-18 09:36:38,6941.7,61566
2021-06-18 09:36:39,6941.7,61566
2021-06-18 09:36:40,6940.05,61569
2021-06-18 09:36:41,6940.05,61571
2021-06-18 09:36:42,6940.05,61571
2021-06-18 09:36:42,6940.05,61571
2021-06-18 09:36:43,6940.05,61581
2021-06-18 09:36:44,6940.05,61591
2021-06-18 09:36:46,6941.05,61610
2021-06-18 09:36:47,6941.05,61610
2021-06-18 09:36:48,6941.35,61625
2021-06-18 09:36:49,6941.4,61635
2021-06-18 09:36:49,6941.4,61635
2021-06-18 09:36:51,6941.05,61645
2021-06-18 09:36:52,6941.05,61645
2021-06-18 09:36:53,6941.4,61667
2021-06-18 09:36:53,6941.4,61667
2021-06-18 09:36:55,6941.05,61673
2021-06-18 09:36:56,6943.3,61782
2021-06-18 09:36:57,6943.3,61783
2021-06-18 09:36:58,6943.3,61784
2021-06-18 09:36:59,6941.65,61801
2021-06-18 09:37:00,6944.85,61830
2021-06-18 09:37:01,6944.85,61830
2021-06-18 09:37:02,6944.85,61830
2021-06-18 09:37:03,6944.85,61830
2021-06-18 09:37:04,6942.7,61840
2021-06-18 09:37:05,6942.7,61840
2021-06-18 09:37:06,6943.3,61841
2021-06-18 09:37:07,6943.3,61841
2021-06-18 09:37:08,6943.3,61841
2021-06-18 09:37:09,6943.5,61842
2021-06-18 09:37:11,6943.5,61850
2021-06-18 09:37:12,6943.5,61850
2021-06-18 09:37:13,6943.5,61850
2021-06-18 09:37:15,6943.5,61850
2021-06-18 09:37:16,6944.0,61856
2021-06-18 09:37:17,6944.0,61856
2021-06-18 09:37:18,6943.5,61861
2021-06-18 09:37:19,6943.5,61861
2021-06-18 09:37:20,6943.5,61861
2021-06-18 09:37:21,6942.0,61862
2021-06-18 09:37:22,6943.3,61872
2021-06-18 09:37:23,6943.3,61874
2021-06-18 09:37:24,6943.3,61874
2021-06-18 09:37:25,6941.4,61881
2021-06-18 09:37:26,6944.95,61910
2021-06-18 09:37:27,6944.95,61910
2021-06-18 09:37:28,6944.95,61910
2021-06-18 09:37:29,6943.5,61912
2021-06-18 09:37:30,6943.5,61912
2021-06-18 09:37:31,6943.45,61926
2021-06-18 09:37:32,6943.45,61926
2021-06-18 09:37:33,6940.9,61928
2021-06-18 09:37:34,6940.9,61928
2021-06-18 09:37:35,6940.9,61928
2021-06-18 09:37:36,6942.25,61931
2021-06-18 09:37:37,6942.25,61931
2021-06-18 09:37:38,6942.25,61938
2021-06-18 09:37:39,6942.25,61938
2021-06-18 09:37:39,6942.25,61938
2021-06-18 09:37:41,6940.05,61943
2021-06-18 09:37:42,6940.05,61943
2021-06-18 09:37:43,6942.25,61953
2021-06-18 09:37:44,6942.25,61953
2021-06-18 09:37:45,6940.9,61955
2021-06-18 09:37:46,6941.2,61992
2021-06-18 09:37:46,6940.05,61994
2021-06-18 09:37:48,6940.0,62004
2021-06-18 09:37:49,6940.9,62035
2021-06-18 09:37:50,6940.9,62035
2021-06-18 09:37:51,6940.9,62035
2021-06-18 09:37:52,6940.9,62037
2021-06-18 09:37:53,6940.9,62062
2021-06-18 09:37:54,6940.0,62065
2021-06-18 09:37:54,6940.0,62065
2021-06-18 09:37:56,6940.0,62065
2021-06-18 09:37:57,6941.2,62088
2021-06-18 09:37:58,6944.0,62167
2021-06-18 09:37:59,6940.0,62187
2021-06-18 09:38:00,6940.0,62188
2021-06-18 09:38:01,6941.35,62194
2021-06-18 09:38:02,6941.35,62194
2021-06-18 09:38:03,6941.35,62194
2021-06-18 09:38:03,6941.35,62194
2021-06-18 09:38:05,6941.35,62194
2021-06-18 09:38:06,6941.35,62202
2021-06-18 09:38:07,6941.35,62202
2021-06-18 09:38:08,6941.35,62202
2021-06-18 09:38:09,6940.0,62220
2021-06-18 09:38:09,6940.0,62220
2021-06-18 09:38:10,6940.0,62238
2021-06-18 09:38:12,6936.2,62356
2021-06-18 09:38:13,6937.1,62378
2021-06-18 09:38:14,6937.1,62378
2021-06-18 09:38:14,6937.0,62380
2021-06-18 09:38:16,6936.0,62395
2021-06-18 09:38:17,6938.7,62415
2021-06-18 09:38:18,6938.7,62415
2021-06-18 09:38:19,6937.05,62416
2021-06-18 09:38:19,6937.05,62416
2021-06-18 09:38:21,6937.05,62466
2021-06-18 09:38:22,6940.0,62488
2021-06-18 09:38:23,6940.0,62488
2021-06-18 09:38:24,6940.0,62488
2021-06-18 09:38:25,6938.1,62490
2021-06-18 09:38:25,6938.1,62495
2021-06-18 09:38:27,6938.1,62495
2021-06-18 09:38:28,6938.1,62495
2021-06-18 09:38:29,6940.0,62498
2021-06-18 09:38:30,6938.1,62514
2021-06-18 09:38:31,6937.7,62521
2021-06-18 09:38:32,6940.0,62549
2021-06-18 09:38:33,6941.4,62550
2021-06-18 09:38:34,6941.4,62550
2021-06-18 09:38:35,6941.4,62550
2021-06-18 09:38:36,6941.4,62550
2021-06-18 09:38:37,6941.4,62550
2021-06-18 09:38:38,6941.4,62550
2021-06-18 09:38:39,6941.5,62552
2021-06-18 09:38:40,6941.5,62552
2021-06-18 09:38:41,6940.0,62557
2021-06-18 09:38:42,6940.0,62557
2021-06-18 09:38:44,6940.0,62557
2021-06-18 09:38:43,6940.0,62557
2021-06-18 09:38:45,6940.0,62560
2021-06-18 09:38:46,6941.1,62565
2021-06-18 09:38:47,6941.1,62570
2021-06-18 09:38:48,6940.0,62578
2021-06-18 09:38:49,6940.0,62578
2021-06-18 09:38:50,6940.0,62578
2021-06-18 09:38:51,6940.0,62578
2021-06-18 09:38:52,6940.0,62578
2021-06-18 09:38:53,6941.1,62585
2021-06-18 09:38:54,6940.0,62586
2021-06-18 09:38:55,6940.0,62587
2021-06-18 09:38:56,6941.1,62588
2021-06-18 09:38:58,6940.0,62593
2021-06-18 09:38:59,6941.1,62594
2021-06-18 09:39:00,6941.1,62594
2021-06-18 09:39:01,6941.1,62637
2021-06-18 09:39:02,6941.05,62641
2021-06-18 09:39:03,6939.85,62699
2021-06-18 09:39:04,6939.4,62706
2021-06-18 09:39:05,6938.1,62707
2021-06-18 09:39:06,6938.15,62712
2021-06-18 09:39:07,6939.4,62726
2021-06-18 09:39:08,6939.4,62728
2021-06-18 09:39:09,6939.4,62728
2021-06-18 09:39:10,6939.4,62730
2021-06-18 09:39:11,6939.4,62735
2021-06-18 09:39:12,6939.4,62735
2021-06-18 09:39:13,6939.4,62735
2021-06-18 09:39:14,6939.4,62735
2021-06-18 09:39:15,6939.4,62735
2021-06-18 09:39:16,6938.0,62737
2021-06-18 09:39:17,6939.35,62747
2021-06-18 09:39:18,6939.35,62747
2021-06-18 09:39:19,6939.35,62749
2021-06-18 09:39:20,6939.3,62786
2021-06-18 09:39:21,6936.5,62840
2021-06-18 09:39:22,6936.5,62840
2021-06-18 09:39:23,6936.6,62843
2021-06-18 09:39:24,6938.0,62853
2021-06-18 09:39:25,6936.6,62873
2021-06-18 09:39:26,6936.6,62873
2021-06-18 09:39:27,6936.6,62873
2021-06-18 09:39:28,6938.0,62874
2021-06-18 09:39:29,6936.6,62879
2021-06-18 09:39:30,6936.6,62879
2021-06-18 09:39:31,6938.0,62887
2021-06-18 09:39:32,6938.25,62902
2021-06-18 09:39:33,6938.25,62902
2021-06-18 09:39:34,6940.0,62922
2021-06-18 09:39:35,6940.0,62922
2021-06-18 09:39:36,6940.0,62922
2021-06-18 09:39:37,6940.0,62922
2021-06-18 09:39:38,6938.0,62936
2021-06-18 09:39:39,6938.0,62936
2021-06-18 09:39:40,6938.0,62936
2021-06-18 09:39:41,6938.0,62936
2021-06-18 09:39:42,6938.0,62936
2021-06-18 09:39:44,6940.55,62937
2021-06-18 09:39:43,6940.55,62937
2021-06-18 09:39:45,6938.1,62940
2021-06-18 09:39:46,6938.75,62945
2021-06-18 09:39:47,6938.75,62955
2021-06-18 09:39:48,6938.75,62955
2021-06-18 09:39:49,6938.75,62955
2021-06-18 09:39:51,6938.0,62959
2021-06-18 09:39:52,6938.0,62959
2021-06-18 09:39:53,6938.75,62970
2021-06-18 09:39:54,6938.75,62978
2021-06-18 09:39:55,6938.7,62987
2021-06-18 09:39:56,6938.75,63013
2021-06-18 09:39:57,6938.75,63013
2021-06-18 09:39:58,6938.75,63027
2021-06-18 09:39:59,6938.75,63027
2021-06-18 09:40:00,6939.1,63031
2021-06-18 09:40:01,6939.1,63031
2021-06-18 09:40:02,6940.0,63071
2021-06-18 09:40:03,6937.2,63107
2021-06-18 09:40:04,6937.2,63107
2021-06-18 09:40:05,6937.2,63107
2021-06-18 09:40:06,6937.2,63107
2021-06-18 09:40:07,6937.2,63107
2021-06-18 09:40:08,6937.95,63118
2021-06-18 09:40:09,6937.95,63118
2021-06-18 09:40:10,6937.95,63118
2021-06-18 09:40:11,6937.95,63118
2021-06-18 09:40:12,6937.95,63118
2021-06-18 09:40:13,6938.0,63123
2021-06-18 09:40:14,6938.0,63123
2021-06-18 09:40:15,6937.95,63125
2021-06-18 09:40:17,6938.0,63128
2021-06-18 09:40:18,6938.0,63133
2021-06-18 09:40:19,6938.0,63133
2021-06-18 09:40:20,6938.0,63143
2021-06-18 09:40:22,6938.0,63144
2021-06-18 09:40:21,6938.0,63144
2021-06-18 09:40:23,6938.0,63144
2021-06-18 09:40:24,6939.75,63173
2021-06-18 09:40:25,6939.75,63173
2021-06-18 09:40:26,6939.85,63198
2021-06-18 09:40:27,6936.0,63249
2021-06-18 09:40:28,6936.0,63249
2021-06-18 09:40:29,6937.5,63281
2021-06-18 09:40:30,6937.5,63281
2021-06-18 09:40:31,6938.4,63331
2021-06-18 09:40:32,6936.0,63342
2021-06-18 09:40:33,6938.35,63352
2021-06-18 09:40:34,6938.35,63352
2021-06-18 09:40:35,6938.35,63352
2021-06-18 09:40:36,6938.3,63356
2021-06-18 09:40:37,6938.3,63361
2021-06-18 09:40:38,6935.55,63362
2021-06-18 09:40:39,6935.55,63362
2021-06-18 09:40:40,6935.55,63362
2021-06-18 09:40:41,6935.55,63362
2021-06-18 09:40:42,6935.55,63362
2021-06-18 09:40:43,6935.55,63362
2021-06-18 09:40:44,6935.55,63362
2021-06-18 09:40:45,6935.0,63389
2021-06-18 09:40:46,6935.0,63393
2021-06-18 09:40:48,6935.0,63393
2021-06-18 09:40:49,6935.0,63394
2021-06-18 09:40:50,6936.05,63396
2021-06-18 09:40:50,6935.55,63423
2021-06-18 09:40:51,6935.55,63423
2021-06-18 09:40:52,6936.05,63435
2021-06-18 09:40:54,6936.05,63435
2021-06-18 09:40:54,6936.05,63435
2021-06-18 09:40:55,6938.1,63462
2021-06-18 09:40:56,6935.0,63463
2021-06-18 09:40:57,6935.0,63463
2021-06-18 09:40:58,6937.5,63464
2021-06-18 09:40:59,6937.5,63464
2021-06-18 09:41:00,6937.7,63465
2021-06-18 09:41:02,6937.7,63470
2021-06-18 09:41:02,6937.7,63470
2021-06-18 09:41:03,6937.7,63470
2021-06-18 09:41:04,6937.7,63470
2021-06-18 09:41:05,6937.7,63470
2021-06-18 09:41:06,6935.0,63480
2021-06-18 09:41:07,6935.0,63480
2021-06-18 09:41:08,6935.0,63480
2021-06-18 09:41:09,6935.0,63480
2021-06-18 09:41:11,6935.0,63483
2021-06-18 09:41:11,6935.0,63483
2021-06-18 09:41:12,6935.0,63483
2021-06-18 09:41:13,6935.0,63483
2021-06-18 09:41:14,6937.4,63519
2021-06-18 09:41:15,6935.05,63552
2021-06-18 09:41:17,6937.35,63560
2021-06-18 09:41:17,6937.35,63560
2021-06-18 09:41:18,6936.85,63859
2021-06-18 09:41:19,6937.05,63942
2021-06-18 09:41:20,6936.85,63955
2021-06-18 09:41:21,6936.85,63956
2021-06-18 09:41:22,6936.85,63956
2021-06-18 09:41:23,6936.85,63976
2021-06-18 09:41:24,6936.85,63976
2021-06-18 09:41:26,6936.85,63981
2021-06-18 09:41:26,6936.85,63981
2021-06-18 09:41:27,6936.85,63981
2021-06-18 09:41:28,6936.85,63981
2021-06-18 09:41:29,6935.0,63994
2021-06-18 09:41:30,6935.0,64030
2021-06-18 09:41:31,6935.0,64030
2021-06-18 09:41:32,6935.0,64030
2021-06-18 09:41:33,6935.0,64030
2021-06-18 09:41:34,6935.0,64031
2021-06-18 09:41:35,6934.5,64053
2021-06-18 09:41:37,6933.0,64120
2021-06-18 09:41:37,6931.8,64122
2021-06-18 09:41:38,6931.3,64272
2021-06-18 09:41:39,6934.05,64283
2021-06-18 09:41:40,6931.1,64299
2021-06-18 09:41:41,6931.8,64366
2021-06-18 09:41:42,6931.8,64366
2021-06-18 09:41:44,6931.8,64366
2021-06-18 09:41:44,6931.8,64366
2021-06-18 09:41:45,6931.8,64397
2021-06-18 09:41:46,6931.8,64397
2021-06-18 09:41:47,6931.8,64397
2021-06-18 09:41:48,6931.8,64397
2021-06-18 09:41:50,6931.0,64486
2021-06-18 09:41:52,6931.0,64486
2021-06-18 09:41:52,6931.0,64486
2021-06-18 09:41:53,6931.8,64827
2021-06-18 09:41:54,6935.55,65150
2021-06-18 09:41:55,6930.65,65204
2021-06-18 09:41:56,6931.0,65206
2021-06-18 09:41:57,6931.0,65206
2021-06-18 09:41:58,6930.25,65232
2021-06-18 09:41:59,6933.3,65254
2021-06-18 09:42:00,6933.3,65254
2021-06-18 09:42:01,6930.3,65305
2021-06-18 09:42:03,6932.0,65402
2021-06-18 09:42:03,6932.0,65402
2021-06-18 09:42:04,6932.0,65402
2021-06-18 09:42:05,6932.0,65402
2021-06-18 09:42:06,6930.0,65406
2021-06-18 09:42:07,6931.95,65431
2021-06-18 09:42:08,6930.0,65451
2021-06-18 09:42:09,6930.0,65451
2021-06-18 09:42:10,6930.0,65539
2021-06-18 09:42:11,6930.0,65549
2021-06-18 09:42:12,6930.0,65549
2021-06-18 09:42:13,6930.65,65627
2021-06-18 09:42:15,6930.0,65672
2021-06-18 09:42:14,6930.6,65665
2021-06-18 09:42:16,6930.0,65686
2021-06-18 09:42:17,6930.0,65686
2021-06-18 09:42:19,6930.0,65690
2021-06-18 09:42:19,6929.05,65689
2021-06-18 09:42:20,6932.0,65720
2021-06-18 09:42:21,6930.0,65725
2021-06-18 09:42:22,6928.5,65743
2021-06-18 09:42:23,6930.0,65766
2021-06-18 09:42:24,6930.0,65766
2021-06-18 09:42:25,6931.35,65767
2021-06-18 09:42:26,6929.0,65964
2021-06-18 09:42:27,6928.5,65969
2021-06-18 09:42:28,6927.0,65992
2021-06-18 09:42:29,6926.95,66007
2021-06-18 09:42:30,6926.95,66007
2021-06-18 09:42:31,6925.9,66060
2021-06-18 09:42:32,6925.9,66060
2021-06-18 09:42:33,6926.95,66097
2021-06-18 09:42:34,6926.95,66097
2021-06-18 09:42:35,6927.0,66123
2021-06-18 09:42:36,6927.0,66123
2021-06-18 09:42:37,6927.0,66173
2021-06-18 09:42:38,6927.0,66201
2021-06-18 09:42:40,6925.0,66276
2021-06-18 09:42:40,6925.0,66227
2021-06-18 09:42:41,6925.0,66276
2021-06-18 09:42:42,6925.0,66276
2021-06-18 09:42:43,6924.0,66482
2021-06-18 09:42:44,6924.8,66608
2021-06-18 09:42:45,6924.8,66609
2021-06-18 09:42:46,6924.8,66615
2021-06-18 09:42:47,6924.8,66615
2021-06-18 09:42:48,6924.8,66615
2021-06-18 09:42:50,6922.4,66782
2021-06-18 09:42:51,6922.0,66807
2021-06-18 09:42:51,6922.9,66808
2021-06-18 09:42:52,6922.9,66808
2021-06-18 09:42:53,6922.9,66815
2021-06-18 09:42:54,6922.9,66815
2021-06-18 09:42:55,6926.55,66962
2021-06-18 09:42:56,6923.45,66967
2021-06-18 09:42:57,6923.0,67013
2021-06-18 09:42:59,6922.8,67066
2021-06-18 09:42:59,6922.8,67066
2021-06-18 09:43:00,6922.8,67066
2021-06-18 09:43:01,6922.2,67106
2021-06-18 09:43:02,6922.2,67128
2021-06-18 09:43:04,6922.2,67129
2021-06-18 09:43:05,6920.5,67204
2021-06-18 09:43:06,6922.2,67206
2021-06-18 09:43:07,6920.35,67217
2021-06-18 09:43:08,6920.55,67237
2021-06-18 09:43:08,6922.05,67297
2021-06-18 09:43:09,6922.2,67298
2021-06-18 09:43:10,6922.0,67300
2021-06-18 09:43:11,6922.0,67346
2021-06-18 09:43:12,6922.85,67398
2021-06-18 09:43:13,6921.3,67428
2021-06-18 09:43:14,6922.0,67429
2021-06-18 09:43:15,6924.25,67430
2021-06-18 09:43:17,6924.25,67430
2021-06-18 09:43:18,6924.25,67430
2021-06-18 09:43:19,6924.25,67460
2021-06-18 09:43:19,6924.25,67460
2021-06-18 09:43:20,6924.25,67461
2021-06-18 09:43:21,6924.25,67462
2021-06-18 09:43:22,6924.25,67472
2021-06-18 09:43:23,6924.25,67472
2021-06-18 09:43:25,6925.5,67488
2021-06-18 09:43:26,6925.45,67492
2021-06-18 09:43:26,6925.45,67492
2021-06-18 09:43:27,6925.55,67494
2021-06-18 09:43:28,6925.55,67494
2021-06-18 09:43:29,6925.55,67494
2021-06-18 09:43:30,6925.5,67505
2021-06-18 09:43:31,6926.25,67507
2021-06-18 09:43:32,6926.25,67507
2021-06-18 09:43:34,6923.0,67572
2021-06-18 09:43:35,6924.65,67576
2021-06-18 09:43:36,6924.75,67582
2021-06-18 09:43:38,6924.75,67582
2021-06-18 09:43:39,6923.0,67682
2021-06-18 09:43:40,6924.7,67706
2021-06-18 09:43:41,6924.55,67711
2021-06-18 09:43:42,6924.6,67721
2021-06-18 09:43:43,6922.85,67724
2021-06-18 09:43:45,6922.85,67724
2021-06-18 09:43:46,6924.4,67730
2021-06-18 09:43:46,6924.4,67730
2021-06-18 09:43:47,6924.4,67730
2021-06-18 09:43:48,6922.2,67780
2021-06-18 09:43:49,6922.2,67780
2021-06-18 09:43:50,6922.2,67905
2021-06-18 09:43:51,6922.15,67906
2021-06-18 09:43:53,6922.2,67938
2021-06-18 09:43:54,6922.4,67963
2021-06-18 09:43:55,6922.4,67963
2021-06-18 09:43:56,6922.05,67979
2021-06-18 09:43:57,6922.0,67984
2021-06-18 09:43:57,6922.0,67984
2021-06-18 09:43:58,6922.2,67990
2021-06-18 09:43:59,6920.35,68000
2021-06-18 09:44:00,6920.35,68000
2021-06-18 09:44:02,6922.2,68010
2021-06-18 09:44:03,6920.35,68019
2021-06-18 09:44:04,6922.2,68119
2021-06-18 09:44:04,6920.35,68068
2021-06-18 09:44:05,6920.3,68132
2021-06-18 09:44:06,6920.0,68250
2021-06-18 09:44:08,6920.05,68256
2021-06-18 09:44:09,6914.3,70402
2021-06-18 09:44:09,6911.6,70375
2021-06-18 09:44:10,6910.05,70871
2021-06-18 09:44:11,6912.45,70974
2021-06-18 09:44:12,6913.2,71099
2021-06-18 09:44:13,6911.65,71111
2021-06-18 09:44:15,6911.05,71311
2021-06-18 09:44:16,6912.1,71313
2021-06-18 09:44:17,6911.7,71323
2021-06-18 09:44:18,6911.7,71324
2021-06-18 09:44:19,6911.7,71328
2021-06-18 09:44:20,6911.4,71433
2021-06-18 09:44:22,6911.4,71433
2021-06-18 09:44:23,6910.0,71581
2021-06-18 09:44:24,6911.4,71584
2021-06-18 09:44:24,6911.4,71585
2021-06-18 09:44:25,6910.0,71612
2021-06-18 09:44:27,6909.95,71618
2021-06-18 09:44:29,6910.0,71655
2021-06-18 09:44:30,6909.35,71748
2021-06-18 09:44:32,6909.0,71784
2021-06-18 09:44:33,6907.85,71829
2021-06-18 09:44:33,6907.85,71829
2021-06-18 09:44:34,6909.35,71876
2021-06-18 09:44:35,6910.6,71996
2021-06-18 09:44:36,6907.6,72131
2021-06-18 09:44:37,6910.6,72229
2021-06-18 09:44:38,6908.4,72231
2021-06-18 09:44:39,6910.6,72256
2021-06-18 09:44:43,6910.2,72404
2021-06-18 09:44:43,6910.2,72414
2021-06-18 09:44:44,6909.35,72473
2021-06-18 09:44:45,6911.1,72505
2021-06-18 09:44:46,6912.45,72573
2021-06-18 09:44:47,6909.35,72574
2021-06-18 09:44:48,6911.15,72604
2021-06-18 09:44:50,6911.15,72631
2021-06-18 09:44:51,6908.2,72740
2021-06-18 09:44:52,6909.95,72755
2021-06-18 09:44:52,6909.95,72755
2021-06-18 09:44:53,6910.0,72835
2021-06-18 09:44:54,6911.1,72850
2021-06-18 09:44:55,6911.0,72859
2021-06-18 09:44:56,6911.1,72889
2021-06-18 09:44:58,6911.15,72890
2021-06-18 09:44:59,6911.15,72890
2021-06-18 09:44:59,6911.15,72890
2021-06-18 09:45:00,6911.15,72890
2021-06-18 09:45:01,6912.4,72901
2021-06-18 09:45:02,6908.0,73183
2021-06-18 09:45:04,6908.55,73550
2021-06-18 09:45:05,6908.15,73601
2021-06-18 09:45:06,6908.05,73628
2021-06-18 09:45:07,6908.05,73628
2021-06-18 09:45:08,6907.9,73658
2021-06-18 09:45:09,6907.9,73772
2021-06-18 09:45:09,6906.1,73800
2021-06-18 09:45:10,6907.9,73841
2021-06-18 09:45:11,6907.9,73921
2021-06-18 09:45:12,6906.15,73928
2021-06-18 09:45:13,6907.55,73944
2021-06-18 09:45:14,6907.55,73948
2021-06-18 09:45:16,6905.8,73978
2021-06-18 09:45:17,6907.55,74014
2021-06-18 09:45:18,6905.3,74024
2021-06-18 09:45:19,6905.3,74024
2021-06-18 09:45:20,6906.75,74025
2021-06-18 09:45:21,6905.3,74079
2021-06-18 09:45:22,6905.3,74090
2021-06-18 09:45:24,6905.3,74148
2021-06-18 09:45:25,6905.2,74192
2021-06-18 09:45:26,6905.2,74199
2021-06-18 09:45:27,6905.2,74199
2021-06-18 09:45:28,6905.2,74201
2021-06-18 09:45:29,6905.35,74262
2021-06-18 09:45:30,6905.05,74284
2021-06-18 09:45:31,6905.35,74313
2021-06-18 09:45:31,6905.05,74315
2021-06-18 09:45:32,6905.1,74317
2021-06-18 09:45:33,6905.1,74325
2021-06-18 09:45:34,6905.1,74330
2021-06-18 09:45:35,6905.1,74340
2021-06-18 09:45:37,6907.2,74918
2021-06-18 09:45:38,6907.25,75018
2021-06-18 09:45:39,6909.15,75020
2021-06-18 09:45:40,6909.15,75022
2021-06-18 09:45:41,6909.15,75027
2021-06-18 09:45:42,6909.15,75028
2021-06-18 09:45:43,6908.0,75165
2021-06-18 09:45:43,6909.15,75173
2021-06-18 09:45:44,6909.15,75173
2021-06-18 09:45:45,6909.15,75264
2021-06-18 09:45:46,6909.15,75284
2021-06-18 09:45:48,6909.2,75300
2021-06-18 09:45:49,6909.2,75300
2021-06-18 09:45:50,6912.45,75404
2021-06-18 09:45:51,6913.0,75453
2021-06-18 09:45:52,6913.0,75453
2021-06-18 09:45:53,6910.0,75454
2021-06-18 09:45:54,6910.0,75454
2021-06-18 09:45:55,6911.25,75468
2021-06-18 09:45:56,6910.75,75473
2021-06-18 09:45:57,6910.75,75473
2021-06-18 09:45:57,6912.05,75493
2021-06-18 09:45:58,6912.05,75585
2021-06-18 09:46:00,6912.05,75590
2021-06-18 09:46:01,6912.05,75590
2021-06-18 09:46:02,6912.05,75593
2021-06-18 09:46:03,6912.05,75604
2021-06-18 09:46:04,6912.05,75609
2021-06-18 09:46:05,6912.05,75609
2021-06-18 09:46:06,6912.05,75620
2021-06-18 09:46:07,6914.85,75645
2021-06-18 09:46:08,6912.05,75653
2021-06-18 09:46:08,6912.05,75653
2021-06-18 09:46:09,6912.05,75664
2021-06-18 09:46:10,6912.05,75670
2021-06-18 09:46:11,6912.0,75695
2021-06-18 09:46:13,6912.05,75717
2021-06-18 09:46:14,6912.0,75739
2021-06-18 09:46:15,6910.0,75741
2021-06-18 09:46:16,6910.0,75743
2021-06-18 09:46:17,6911.35,75748
2021-06-18 09:46:17,6911.35,75749
2021-06-18 09:46:19,6910.0,75787
2021-06-18 09:46:20,6909.35,75789
2021-06-18 09:46:21,6911.35,75791
2021-06-18 09:46:22,6911.35,75793
2021-06-18 09:46:23,6911.35,75793
2021-06-18 09:46:24,6910.0,75873
2021-06-18 09:46:25,6909.95,75883
2021-06-18 09:46:26,6909.95,75923
2021-06-18 09:46:27,6909.95,75923
2021-06-18 09:46:28,6912.05,76085
2021-06-18 09:46:29,6911.15,76091
2021-06-18 09:46:30,6911.15,76091
2021-06-18 09:46:31,6910.0,76107
2021-06-18 09:46:32,6909.35,76117
2021-06-18 09:46:33,6910.85,76127
2021-06-18 09:46:34,6910.85,76127
2021-06-18 09:46:34,6910.85,76127
2021-06-18 09:46:35,6910.85,76127
2021-06-18 09:46:37,6910.85,76127
2021-06-18 09:46:38,6910.85,76130
2021-06-18 09:46:39,6910.85,76176
2021-06-18 09:46:40,6912.05,76230
2021-06-18 09:46:41,6911.75,76244
2021-06-18 09:46:41,6911.75,76244
2021-06-18 09:46:42,6911.75,76244
2021-06-18 09:46:44,6910.0,76249
2021-06-18 09:46:46,6910.0,76265
2021-06-18 09:46:47,6913.25,76305
2021-06-18 09:46:48,6911.2,76308
2021-06-18 09:46:49,6909.0,76490
2021-06-18 09:46:50,6908.9,76501
2021-06-18 09:46:51,6906.75,76533
2021-06-18 09:46:52,6906.5,76634
2021-06-18 09:46:53,6905.25,76648
2021-06-18 09:46:53,6905.25,76648
2021-06-18 09:46:54,6907.0,76707
2021-06-18 09:46:55,6905.1,76717
2021-06-18 09:46:56,6906.0,76722
2021-06-18 09:46:58,6906.0,76727
2021-06-18 09:46:59,6905.0,76735
2021-06-18 09:47:00,6906.0,76760
2021-06-18 09:47:01,6905.0,76770
2021-06-18 09:47:02,6906.0,76771
2021-06-18 09:47:03,6906.0,76771
2021-06-18 09:47:03,6906.0,76771
2021-06-18 09:47:04,6906.0,76821
2021-06-18 09:47:05,6905.0,76831
2021-06-18 09:47:07,6906.0,76840
2021-06-18 09:47:08,6906.0,77194
2021-06-18 09:47:09,6908.0,77195
2021-06-18 09:47:10,6906.0,77198
2021-06-18 09:47:11,6907.95,77202
2021-06-18 09:47:12,6907.95,77207
2021-06-18 09:47:13,6907.95,77207
2021-06-18 09:47:14,6907.95,77207
2021-06-18 09:47:15,6909.5,77409
2021-06-18 09:47:15,6909.5,77409
2021-06-18 09:47:17,6908.25,77414
2021-06-18 09:47:18,6907.95,77424
2021-06-18 09:47:19,6907.95,77425
2021-06-18 09:47:20,6907.95,77435
2021-06-18 09:47:21,6907.95,77441
2021-06-18 09:47:22,6907.95,77441
2021-06-18 09:47:23,6905.0,78143
2021-06-18 09:47:24,6904.5,79176
2021-06-18 09:47:24,6905.0,79172
2021-06-18 09:47:26,6903.75,79208
2021-06-18 09:47:27,6903.75,79329
2021-06-18 09:47:28,6903.75,79329
2021-06-18 09:47:29,6903.75,79329
2021-06-18 09:47:30,6904.5,79447
2021-06-18 09:47:31,6902.0,79564
2021-06-18 09:47:32,6901.1,79666
2021-06-18 09:47:33,6900.65,80242
2021-06-18 09:47:34,6900.65,80242
2021-06-18 09:47:35,6900.4,80265
2021-06-18 09:47:36,6900.5,80266
2021-06-18 09:47:37,6900.35,80270
2021-06-18 09:47:38,6899.5,82497
2021-06-18 09:47:39,6899.5,82517
2021-06-18 09:47:40,6899.65,82731
2021-06-18 09:47:41,6899.65,83214
2021-06-18 09:47:42,6899.65,83248
2021-06-18 09:47:43,6899.0,83259
2021-06-18 09:47:44,6899.65,83267
2021-06-18 09:47:45,6899.65,83336
2021-06-18 09:47:46,6899.65,83342
2021-06-18 09:47:47,6899.65,83348
2021-06-18 09:47:48,6899.65,83348
2021-06-18 09:47:49,6898.8,83654
2021-06-18 09:47:50,6900.0,83707
2021-06-18 09:47:51,6900.0,84155
2021-06-18 09:47:52,6901.1,84355
2021-06-18 09:47:53,6900.0,84372
2021-06-18 09:47:55,6900.0,84508
2021-06-18 09:47:56,6900.0,84539
2021-06-18 09:47:57,6899.4,84564
2021-06-18 09:47:58,6900.0,84657
2021-06-18 09:47:59,6900.0,84668
2021-06-18 09:48:00,6900.0,84670
2021-06-18 09:48:01,6900.0,84703
2021-06-18 09:48:01,6900.0,84703
2021-06-18 09:48:02,6899.7,84819
2021-06-18 09:48:03,6900.0,84820
2021-06-18 09:48:04,6900.0,84882
2021-06-18 09:48:06,6900.0,84893
2021-06-18 09:48:07,6900.0,84913
2021-06-18 09:48:08,6899.7,84983
2021-06-18 09:48:09,6899.5,85299
2021-06-18 09:48:10,6899.4,85492
2021-06-18 09:48:10,6899.4,85492
2021-06-18 09:48:11,6899.3,85538
2021-06-18 09:48:12,6897.7,85545
2021-06-18 09:48:13,6898.9,85555
2021-06-18 09:48:14,6898.95,85577
2021-06-18 09:48:15,6896.1,85579
2021-06-18 09:48:16,6896.1,85579
2021-06-18 09:48:18,6896.1,85579
2021-06-18 09:48:19,6896.1,85579
2021-06-18 09:48:20,6898.95,85586
2021-06-18 09:48:21,6895.35,85628
2021-06-18 09:48:22,6896.05,85651
2021-06-18 09:48:23,6898.95,85666
2021-06-18 09:48:24,6898.95,85667
2021-06-18 09:48:25,6896.45,85693
2021-06-18 09:48:26,6898.0,85710
2021-06-18 09:48:27,6898.0,85710
2021-06-18 09:48:27,6898.0,85710
2021-06-18 09:48:28,6897.95,85712
2021-06-18 09:48:29,6898.0,85723
2021-06-18 09:48:32,6897.0,86604
2021-06-18 09:48:33,6896.45,86646
2021-06-18 09:48:34,6897.15,86713
2021-06-18 09:48:35,6900.0,86772
2021-06-18 09:48:36,6900.0,87301
2021-06-18 09:48:37,6900.0,87317
2021-06-18 09:48:38,6900.0,87328
2021-06-18 09:48:39,6899.1,87393
2021-06-18 09:48:40,6900.0,87445
2021-06-18 09:48:41,6900.0,87458
2021-06-18 09:48:42,6900.0,87539
2021-06-18 09:48:43,6900.0,87548
2021-06-18 09:48:44,6900.0,87601
2021-06-18 09:48:45,6900.0,87601
2021-06-18 09:48:46,6900.0,87603
2021-06-18 09:48:47,6900.0,87603
2021-06-18 09:48:47,6900.0,87628
2021-06-18 09:48:49,6900.0,87679
2021-06-18 09:48:50,6899.65,87697
2021-06-18 09:48:51,6898.8,87743
2021-06-18 09:48:52,6898.8,87743
2021-06-18 09:48:53,6900.0,87744
2021-06-18 09:48:54,6900.0,87744
2021-06-18 09:48:55,6896.75,87755
2021-06-18 09:48:55,6896.75,87755
2021-06-18 09:48:58,6899.65,87760
2021-06-18 09:48:59,6900.35,88522
2021-06-18 09:49:00,6900.0,88658
2021-06-18 09:49:01,6899.95,88719
2021-06-18 09:49:02,6899.1,88726
2021-06-18 09:49:03,6899.1,88753
2021-06-18 09:49:04,6900.0,88853
2021-06-18 09:49:05,6900.0,88984
2021-06-18 09:49:06,6900.0,88985
2021-06-18 09:49:06,6900.0,88990
2021-06-18 09:49:07,6900.0,89102
2021-06-18 09:49:08,6900.0,89105
2021-06-18 09:49:10,6900.0,89108
2021-06-18 09:49:11,6900.0,89250
2021-06-18 09:49:12,6899.95,89252
2021-06-18 09:49:12,6899.95,89252
2021-06-18 09:49:13,6899.9,89273
2021-06-18 09:49:14,6899.75,90488
2021-06-18 09:49:16,6900.0,90888
2021-06-18 09:49:17,6900.0,90949
2021-06-18 09:49:18,6900.0,90964
2021-06-18 09:49:20,6900.0,90975
2021-06-18 09:49:21,6900.0,91023
2021-06-18 09:49:22,6900.0,91023
2021-06-18 09:49:23,6900.0,91124
2021-06-18 09:49:24,6899.0,91196
2021-06-18 09:49:25,6899.8,91212
2021-06-18 09:49:26,6899.65,91227
2021-06-18 09:49:27,6899.65,91228
2021-06-18 09:49:28,6897.5,91268
2021-06-18 09:49:29,6898.7,91308
2021-06-18 09:49:30,6896.2,91343
2021-06-18 09:49:31,6897.0,91345
2021-06-18 09:49:32,6897.0,91422
2021-06-18 09:49:33,6897.0,91452
2021-06-18 09:49:34,6897.0,91452
2021-06-18 09:49:35,6897.0,91599
2021-06-18 09:49:36,6897.45,91652
2021-06-18 09:49:37,6897.45,91652
2021-06-18 09:49:38,6897.45,91652
2021-06-18 09:49:39,6897.45,91652
2021-06-18 09:49:40,6897.45,91655
2021-06-18 09:49:41,6900.0,91774
2021-06-18 09:49:42,6901.0,91878
2021-06-18 09:49:43,6897.9,92110
2021-06-18 09:49:44,6900.0,92220
2021-06-18 09:49:45,6899.0,92225
2021-06-18 09:49:46,6899.0,92248
2021-06-18 09:49:47,6899.0,92253
2021-06-18 09:49:48,6899.0,92253
2021-06-18 09:49:49,6899.95,92334
2021-06-18 09:49:50,6899.5,92338
2021-06-18 09:49:51,6900.0,92538
2021-06-18 09:49:52,6899.95,92541
2021-06-18 09:49:53,6899.0,92556
2021-06-18 09:49:54,6899.0,92556
2021-06-18 09:49:55,6899.0,92582
2021-06-18 09:49:56,6898.85,92590
2021-06-18 09:49:57,6898.85,92590
2021-06-18 09:49:59,6899.05,92598
2021-06-18 09:50:00,6897.3,92744
2021-06-18 09:50:01,6897.3,92744
2021-06-18 09:50:02,6896.2,92753
2021-06-18 09:50:03,6896.0,92841
2021-06-18 09:50:04,6899.05,92883
2021-06-18 09:50:05,6899.0,92958
2021-06-18 09:50:06,6896.25,93010
2021-06-18 09:50:07,6899.3,93521
2021-06-18 09:50:08,6896.35,93601
2021-06-18 09:50:09,6899.25,93758
2021-06-18 09:50:10,6896.25,93768
2021-06-18 09:50:11,6896.25,93899
2021-06-18 09:50:12,6896.25,93906
2021-06-18 09:50:14,6896.2,93913
2021-06-18 09:50:15,6896.25,93928
2021-06-18 09:50:16,6896.25,93933
2021-06-18 09:50:17,6896.25,93944
2021-06-18 09:50:18,6896.25,94047
2021-06-18 09:50:19,6897.9,94208
2021-06-18 09:50:20,6897.3,94318
2021-06-18 09:50:21,6898.0,94338
2021-06-18 09:50:22,6896.1,94371
2021-06-18 09:50:23,6898.0,94412
2021-06-18 09:50:24,6895.0,94463
2021-06-18 09:50:25,6896.25,94466
2021-06-18 09:50:26,6898.0,94468
2021-06-18 09:50:27,6898.0,94484
2021-06-18 09:50:28,6898.0,94484
2021-06-18 09:50:29,6898.0,94502
2021-06-18 09:50:30,6895.0,94602
2021-06-18 09:50:31,6895.0,94602
2021-06-18 09:50:32,6895.0,94602
2021-06-18 09:50:33,6895.1,94603
2021-06-18 09:50:34,6895.1,94603
2021-06-18 09:50:35,6897.6,94633
2021-06-18 09:50:36,6896.0,94665
2021-06-18 09:50:37,6895.0,94666
2021-06-18 09:50:38,6896.0,94692
2021-06-18 09:50:39,6896.0,94694
2021-06-18 09:50:40,6896.0,94694
2021-06-18 09:50:41,6896.0,94768
2021-06-18 09:50:42,6898.8,94794
2021-06-18 09:50:43,6897.6,94801
2021-06-18 09:50:44,6898.8,94810
2021-06-18 09:50:45,6898.8,94817
2021-06-18 09:50:46,6898.8,94824
2021-06-18 09:50:47,6898.8,94828
2021-06-18 09:50:48,6898.8,94830
2021-06-18 09:50:49,6899.2,94946
2021-06-18 09:50:50,6899.2,94946
2021-06-18 09:50:51,6899.2,94965
2021-06-18 09:50:52,6900.0,94993
2021-06-18 09:50:53,6900.0,94993
2021-06-18 09:50:54,6901.0,95858
2021-06-18 09:50:55,6901.0,95995
2021-06-18 09:50:56,6900.0,96026
2021-06-18 09:50:57,6900.0,96043
2021-06-18 09:50:58,6898.8,96109
2021-06-18 09:50:59,6900.0,96115
2021-06-18 09:51:00,6900.0,96440
2021-06-18 09:51:01,6900.0,96490
2021-06-18 09:51:02,6900.0,96505
2021-06-18 09:51:03,6900.0,96505
2021-06-18 09:51:04,6901.0,96645
2021-06-18 09:51:05,6900.0,96658
2021-06-18 09:51:06,6900.0,96736
2021-06-18 09:51:07,6900.0,96784
2021-06-18 09:51:08,6900.0,96884
2021-06-18 09:51:09,6900.0,96891
2021-06-18 09:51:10,6898.95,96897
2021-06-18 09:51:11,6898.95,96897
2021-06-18 09:51:12,6898.95,96897
2021-06-18 09:51:13,6900.0,96899
2021-06-18 09:51:14,6900.0,96899
2021-06-18 09:51:15,6900.0,96909
2021-06-18 09:51:16,6900.0,96916
2021-06-18 09:51:18,6900.0,97099
2021-06-18 09:51:19,6900.0,97099
2021-06-18 09:51:20,6900.0,97215
2021-06-18 09:51:21,6900.0,97216
2021-06-18 09:51:22,6900.0,97226
2021-06-18 09:51:24,6900.0,97226
2021-06-18 09:51:25,6900.0,97226
2021-06-18 09:51:26,6900.0,97231
2021-06-18 09:51:27,6900.0,97231
2021-06-18 09:51:28,6900.0,97231
2021-06-18 09:51:29,6900.0,97231
2021-06-18 09:51:30,6900.0,97308
2021-06-18 09:51:31,6900.0,97309
2021-06-18 09:51:32,6897.8,97632
2021-06-18 09:51:33,6900.0,97894
2021-06-18 09:51:34,6899.9,97913
2021-06-18 09:51:35,6899.9,97913
2021-06-18 09:51:36,6899.95,97914
2021-06-18 09:51:38,6898.5,97916
2021-06-18 09:51:38,6899.95,97926
2021-06-18 09:51:39,6899.95,97926
2021-06-18 09:51:40,6898.75,97931
2021-06-18 09:51:41,6899.95,98037
2021-06-18 09:51:42,6898.9,98040
2021-06-18 09:51:43,6900.0,98108
2021-06-18 09:51:44,6900.0,98208
2021-06-18 09:51:45,6897.8,98231
2021-06-18 09:51:46,6900.0,98444
2021-06-18 09:51:47,6898.65,98448
2021-06-18 09:51:48,6898.3,98449
2021-06-18 09:51:50,6898.3,98450
2021-06-18 09:51:51,6898.3,98463
2021-06-18 09:51:51,6898.3,98468
2021-06-18 09:51:53,6898.3,98471
2021-06-18 09:51:54,6898.3,98512
2021-06-18 09:51:55,6898.3,98516
2021-06-18 09:51:56,6898.3,98523
2021-06-18 09:51:57,6898.3,98523
2021-06-18 09:51:58,6898.3,98528
2021-06-18 09:52:00,6898.15,98583
2021-06-18 09:52:01,6898.15,98606
2021-06-18 09:52:02,6898.15,98607
2021-06-18 09:52:03,6897.45,98617
2021-06-18 09:52:04,6898.15,98622
2021-06-18 09:52:04,6898.15,98622
2021-06-18 09:52:05,6898.15,98622
2021-06-18 09:52:06,6897.45,98624
2021-06-18 09:52:08,6898.3,98683
2021-06-18 09:52:09,6898.3,98683
2021-06-18 09:52:10,6898.3,98683
2021-06-18 09:52:11,6900.0,98690
2021-06-18 09:52:12,6898.3,98692
2021-06-18 09:52:14,6900.0,98717
2021-06-18 09:52:15,6900.0,98717
2021-06-18 09:52:16,6900.0,98747
2021-06-18 09:52:17,6900.0,98748
2021-06-18 09:52:17,6900.0,98758
2021-06-18 09:52:18,6900.0,98812
2021-06-18 09:52:19,6900.0,98812
2021-06-18 09:52:20,6900.0,98812
2021-06-18 09:52:21,6899.95,98814
2021-06-18 09:52:23,6899.95,98815
2021-06-18 09:52:23,6899.95,98815
2021-06-18 09:52:24,6899.95,98815
2021-06-18 09:52:25,6899.85,98929
2021-06-18 09:52:26,6898.3,98938
2021-06-18 09:52:27,6898.15,98947
2021-06-18 09:52:28,6898.3,99081
2021-06-18 09:52:29,6898.3,99082
2021-06-18 09:52:31,6896.0,99090
2021-06-18 09:52:32,6896.0,99091
2021-06-18 09:52:32,6896.0,99091
2021-06-18 09:52:33,6896.0,99091
2021-06-18 09:52:34,6898.3,99092
2021-06-18 09:52:35,6896.0,99102
2021-06-18 09:52:36,6898.3,99132
2021-06-18 09:52:37,6898.3,99137
2021-06-18 09:52:38,6898.3,99137
2021-06-18 09:52:39,6898.3,99137
2021-06-18 09:52:40,6898.3,99137
2021-06-18 09:52:42,6896.0,99175
2021-06-18 09:52:43,6896.0,99673
2021-06-18 09:52:44,6896.7,99690
2021-06-18 09:52:45,6896.7,99737
2021-06-18 09:52:46,6896.7,99737
2021-06-18 09:52:47,6896.7,99737
2021-06-18 09:52:50,6896.7,99737
2021-06-18 09:52:51,6896.7,99737
2021-06-18 09:52:52,6897.15,99739
2021-06-18 09:52:53,6897.15,99739
2021-06-18 09:52:54,6896.0,99746
2021-06-18 09:52:55,6896.0,99754
2021-06-18 09:52:56,6896.85,99779
2021-06-18 09:52:57,6896.85,99779
2021-06-18 09:52:58,6896.85,99879
2021-06-18 09:52:59,6897.05,99892
2021-06-18 09:53:00,6898.0,100071
2021-06-18 09:53:01,6899.1,100079
2021-06-18 09:53:02,6899.1,100079
2021-06-18 09:53:03,6899.1,100079
2021-06-18 09:53:04,6896.85,100089
2021-06-18 09:53:05,6899.95,100156
2021-06-18 09:53:06,6898.55,100261
2021-06-18 09:53:07,6898.55,100261
2021-06-18 09:53:08,6898.55,100266
2021-06-18 09:53:09,6898.55,100266
2021-06-18 09:53:10,6896.85,100358
2021-06-18 09:53:11,6898.35,100368
2021-06-18 09:53:12,6897.3,100636
2021-06-18 09:53:13,6897.4,100708
2021-06-18 09:53:14,6892.55,101281
2021-06-18 09:53:15,6892.5,101283
2021-06-18 09:53:16,6892.1,101349
2021-06-18 09:53:18,6892.1,101349
2021-06-18 09:53:18,6892.1,101349
2021-06-18 09:53:19,6892.1,101351
2021-06-18 09:53:20,6892.0,101363
2021-06-18 09:53:21,6892.0,101365
2021-06-18 09:53:22,6893.0,101659
2021-06-18 09:53:23,6893.0,101659
2021-06-18 09:53:24,6894.1,101679
2021-06-18 09:53:25,6894.1,101679
2021-06-18 09:53:26,6894.1,101685
2021-06-18 09:53:27,6894.1,101685
2021-06-18 09:53:28,6893.55,101688
2021-06-18 09:53:29,6893.55,101688
2021-06-18 09:53:30,6893.55,101688
2021-06-18 09:53:31,6893.55,101688
2021-06-18 09:53:32,6893.0,101792
2021-06-18 09:53:33,6895.3,102197
2021-06-18 09:53:35,6893.0,102202
2021-06-18 09:53:36,6893.0,102202
2021-06-18 09:53:37,6893.7,102216
2021-06-18 09:53:38,6893.0,102269
2021-06-18 09:53:39,6893.0,102269
2021-06-18 09:53:40,6894.0,102272
2021-06-18 09:53:41,6894.1,102280
2021-06-18 09:53:42,6894.1,102280
2021-06-18 09:53:43,6894.1,102280
2021-06-18 09:53:44,6894.3,102282
2021-06-18 09:53:45,6893.0,102301
2021-06-18 09:53:46,6894.1,102311
2021-06-18 09:53:48,6894.1,102329
2021-06-18 09:53:49,6894.0,102336
2021-06-18 09:53:51,6894.1,102481
2021-06-18 09:53:52,6894.0,102511
2021-06-18 09:53:54,6894.1,102516
2021-06-18 09:53:55,6894.1,102519
2021-06-18 09:53:56,6894.1,102532
2021-06-18 09:53:57,6893.05,102533
2021-06-18 09:53:57,6893.05,102533
2021-06-18 09:53:58,6895.0,102635
2021-06-18 09:53:59,6895.0,102635
2021-06-18 09:54:00,6893.6,102638
2021-06-18 09:54:01,6893.6,102638
2021-06-18 09:54:02,6893.6,102638
2021-06-18 09:54:03,6894.55,102641
2021-06-18 09:54:04,6894.55,102643
2021-06-18 09:54:05,6894.55,102646
2021-06-18 09:54:06,6894.1,102647
2021-06-18 09:54:07,6894.1,102652
2021-06-18 09:54:08,6893.0,102705
2021-06-18 09:54:09,6894.35,102707
2021-06-18 09:54:10,6894.35,102720
2021-06-18 09:54:11,6894.35,102726
2021-06-18 09:54:12,6894.35,102729
2021-06-18 09:54:13,6893.7,102733
2021-06-18 09:54:14,6893.7,102733
2021-06-18 09:54:15,6894.0,102761
2021-06-18 09:54:16,6893.0,102794
2021-06-18 09:54:17,6893.0,102794
2021-06-18 09:54:18,6892.0,102824
2021-06-18 09:54:20,6891.55,102874
2021-06-18 09:54:21,6893.55,102879
2021-06-18 09:54:22,6891.95,102888
2021-06-18 09:54:24,6893.35,102896
2021-06-18 09:54:25,6893.35,102911
2021-06-18 09:54:26,6893.35,102914
2021-06-18 09:54:27,6893.3,102919
2021-06-18 09:54:28,6893.3,102921
2021-06-18 09:54:29,6891.6,102941
2021-06-18 09:54:30,6891.6,102959
2021-06-18 09:54:31,6891.6,102959
2021-06-18 09:54:31,6891.6,102959
2021-06-18 09:54:32,6893.6,103040
2021-06-18 09:54:33,6894.1,103093
2021-06-18 09:54:34,6894.35,103094
2021-06-18 09:54:36,6894.35,103096
2021-06-18 09:54:37,6894.35,103107
2021-06-18 09:54:38,6894.35,103109
2021-06-18 09:54:39,6894.35,103111
2021-06-18 09:54:40,6894.35,103114
2021-06-18 09:54:40,6894.35,103114
2021-06-18 09:54:41,6894.1,103130
2021-06-18 09:54:42,6895.0,103139
2021-06-18 09:54:43,6895.0,103139
2021-06-18 09:54:44,6894.85,103152
2021-06-18 09:54:46,6895.0,103160
2021-06-18 09:54:47,6895.0,103160
2021-06-18 09:54:48,6897.0,103162
2021-06-18 09:54:49,6895.25,103170
2021-06-18 09:54:50,6898.0,103172
2021-06-18 09:54:51,6898.0,103172
2021-06-18 09:54:52,6898.9,103248
2021-06-18 09:54:54,6898.0,103258
2021-06-18 09:54:55,6898.0,103287
2021-06-18 09:54:56,6898.15,103303
2021-06-18 09:54:56,6898.15,103303
2021-06-18 09:54:57,6898.15,103303
2021-06-18 09:54:58,6898.0,103310
2021-06-18 09:55:00,6900.0,103471
2021-06-18 09:55:01,6900.0,103471
2021-06-18 09:55:01,6900.0,103471
2021-06-18 09:55:03,6900.0,103471
2021-06-18 09:55:04,6900.0,103571
2021-06-18 09:55:05,6900.0,103571
2021-06-18 09:55:05,6900.0,103571
2021-06-18 09:55:06,6899.5,103572
2021-06-18 09:55:07,6898.95,103576
2021-06-18 09:55:08,6898.95,103589
2021-06-18 09:55:09,6898.95,103590
2021-06-18 09:55:10,6898.95,103590
2021-06-18 09:55:11,6898.4,103654
2021-06-18 09:55:12,6898.4,103654
2021-06-18 09:55:13,6898.9,103672
2021-06-18 09:55:15,6898.0,103710
2021-06-18 09:55:16,6898.95,103746
2021-06-18 09:55:17,6898.95,103861
2021-06-18 09:55:17,6898.0,103851
2021-06-18 09:55:18,6896.0,103878
2021-06-18 09:55:19,6896.0,103958
2021-06-18 09:55:20,6898.95,103962
2021-06-18 09:55:21,6898.95,103962
2021-06-18 09:55:22,6896.0,104070
2021-06-18 09:55:23,6896.0,104100
2021-06-18 09:55:24,6897.5,104645
2021-06-18 09:55:25,6893.35,104692
2021-06-18 09:55:26,6895.0,104703
2021-06-18 09:55:27,6893.35,104829
2021-06-18 09:55:28,6894.65,104832
2021-06-18 09:55:29,6893.4,104863
2021-06-18 09:55:30,6893.4,104880
2021-06-18 09:55:31,6894.7,104886
2021-06-18 09:55:32,6894.7,104938
2021-06-18 09:55:33,6896.0,104949
2021-06-18 09:55:34,6898.75,104969
2021-06-18 09:55:35,6895.2,105096
2021-06-18 09:55:36,6895.2,105096
2021-06-18 09:55:37,6895.2,105096
2021-06-18 09:55:38,6895.2,105096
2021-06-18 09:55:39,6895.2,105096
2021-06-18 09:55:40,6895.2,105096
2021-06-18 09:55:41,6895.3,105097
2021-06-18 09:55:43,6894.7,105219
2021-06-18 09:55:43,6894.7,105219
2021-06-18 09:55:45,6895.2,105274
2021-06-18 09:55:46,6895.2,105274
2021-06-18 09:55:47,6895.3,105281
2021-06-18 09:55:48,6895.3,105281
2021-06-18 09:55:49,6895.3,105281
2021-06-18 09:55:50,6894.0,105284
2021-06-18 09:55:51,6894.0,105284
2021-06-18 09:55:52,6894.0,105284
2021-06-18 09:55:53,6894.0,105359
2021-06-18 09:55:55,6893.4,105519
2021-06-18 09:55:56,6893.5,105557
2021-06-18 09:55:57,6896.7,105747
2021-06-18 09:55:58,6896.7,105747
2021-06-18 09:55:59,6893.35,105752
2021-06-18 09:56:00,6893.0,105778
2021-06-18 09:56:01,6893.35,105794
2021-06-18 09:56:02,6893.35,105819
2021-06-18 09:56:03,6896.85,105864
2021-06-18 09:56:04,6896.1,105865
2021-06-18 09:56:06,6897.9,105900
2021-06-18 09:56:06,6897.95,105905
2021-06-18 09:56:07,6895.8,106006
2021-06-18 09:56:08,6895.45,106014
2021-06-18 09:56:09,6890.0,106641
2021-06-18 09:56:11,6890.0,106641
2021-06-18 09:56:12,6890.0,106675
2021-06-18 09:56:13,6891.0,106676
2021-06-18 09:56:14,6890.0,106679
2021-06-18 09:56:15,6890.0,106704
2021-06-18 09:56:17,6891.45,106709
2021-06-18 09:56:17,6891.45,106709
2021-06-18 09:56:18,6891.4,106714
2021-06-18 09:56:19,6891.4,106715
2021-06-18 09:56:20,6890.0,107160
2021-06-18 09:56:21,6890.0,107160
2021-06-18 09:56:23,6889.0,107197
2021-06-18 09:56:24,6889.0,107248
2021-06-18 09:56:24,6887.1,108134
2021-06-18 09:56:25,6884.1,108150
2021-06-18 09:56:26,6886.0,108190
2021-06-18 09:56:27,6886.0,108190
2021-06-18 09:56:28,6886.0,108310
2021-06-18 09:56:30,6885.05,108466
2021-06-18 09:56:31,6886.05,108537
2021-06-18 09:56:32,6888.6,108542
2021-06-18 09:56:33,6888.6,108542
2021-06-18 09:56:33,6888.3,108544
2021-06-18 09:56:35,6888.0,108589
2021-06-18 09:56:36,6888.0,108589
2021-06-18 09:56:36,6888.0,108589
2021-06-18 09:56:37,6888.6,108594
2021-06-18 09:56:38,6888.3,109135
2021-06-18 09:56:39,6890.0,109170
2021-06-18 09:56:40,6888.6,109171
2021-06-18 09:56:41,6888.6,109263
2021-06-18 09:56:42,6890.0,109274
2021-06-18 09:56:43,6890.0,109276
2021-06-18 09:56:44,6888.0,109308
2021-06-18 09:56:45,6888.0,109308
2021-06-18 09:56:46,6888.25,109329
2021-06-18 09:56:47,6888.6,109334
2021-06-18 09:56:48,6888.25,109361
2021-06-18 09:56:49,6891.3,109434
2021-06-18 09:56:50,6888.0,109459
2021-06-18 09:56:51,6889.7,109460
2021-06-18 09:56:52,6892.0,109610
2021-06-18 09:56:54,6892.35,109619
2021-06-18 09:56:55,6892.35,109625
2021-06-18 09:56:57,6892.0,109696
2021-06-18 09:56:58,6892.0,109762
2021-06-18 09:56:59,6891.3,110130
2021-06-18 09:57:00,6890.0,110147
2021-06-18 09:57:01,6893.0,110676
2021-06-18 09:57:02,6888.6,110716
2021-06-18 09:57:05,6883.65,110917
2021-06-18 09:57:06,6883.65,110923
2021-06-18 09:57:07,6883.65,110923
2021-06-18 09:57:08,6883.65,111048
2021-06-18 09:57:09,6883.65,111060
2021-06-18 09:57:10,6883.65,111069
2021-06-18 09:57:11,6881.6,111489
2021-06-18 09:57:12,6881.6,111560
2021-06-18 09:57:13,6881.85,111621
2021-06-18 09:57:14,6881.05,111663
2021-06-18 09:57:15,6880.5,111669
2021-06-18 09:57:16,6880.5,111682
2021-06-18 09:57:17,6880.5,111692
2021-06-18 09:57:18,6880.05,111826
2021-06-18 09:57:19,6877.15,113477
2021-06-18 09:57:20,6879.7,113730
2021-06-18 09:57:21,6879.65,113733
2021-06-18 09:57:22,6879.65,113748
2021-06-18 09:57:23,6879.65,113812
2021-06-18 09:57:24,6876.4,113857
2021-06-18 09:57:25,6876.4,113984
2021-06-18 09:57:26,6876.4,114010
2021-06-18 09:57:27,6876.4,114011
2021-06-18 09:57:29,6876.4,114024
2021-06-18 09:57:30,6876.4,114029
2021-06-18 09:57:32,6875.15,114570
2021-06-18 09:57:33,6874.45,114698
2021-06-18 09:57:35,6871.6,115080
2021-06-18 09:57:35,6870.2,115337
2021-06-18 09:57:36,6871.6,115345
2021-06-18 09:57:37,6872.0,115394
2021-06-18 09:57:38,6872.0,115495
2021-06-18 09:57:39,6870.25,115515
2021-06-18 09:57:40,6871.95,115591
2021-06-18 09:57:41,6871.9,115615
2021-06-18 09:57:42,6871.95,115716
2021-06-18 09:57:44,6871.9,115722
2021-06-18 09:57:45,6871.9,115744
2021-06-18 09:57:46,6875.0,115764
2021-06-18 09:57:47,6870.0,115968
2021-06-18 09:57:47,6871.95,115991
2021-06-18 09:57:48,6872.0,116021
2021-06-18 09:57:50,6872.0,116088
2021-06-18 09:57:51,6872.0,116100
2021-06-18 09:57:52,6872.0,116107
2021-06-18 09:57:53,6872.0,116108
2021-06-18 09:57:53,6872.0,116109
2021-06-18 09:57:54,6872.25,116114
2021-06-18 09:57:55,6876.4,116636
2021-06-18 09:57:56,6872.25,116647
2021-06-18 09:57:57,6871.55,116653
2021-06-18 09:57:59,6871.1,116676
2021-06-18 09:58:00,6873.0,116887
2021-06-18 09:58:01,6873.55,116893
2021-06-18 09:58:02,6880.0,117863
2021-06-18 09:58:03,6874.0,117883
2021-06-18 09:58:04,6874.0,117883
2021-06-18 09:58:05,6873.6,117888
2021-06-18 09:58:06,6874.35,118028
2021-06-18 09:58:07,6875.75,118034
2021-06-18 09:58:09,6876.4,118438
2021-06-18 09:58:10,6874.8,118465
2021-06-18 09:58:11,6876.4,118540
2021-06-18 09:58:12,6876.45,118555
2021-06-18 09:58:12,6876.45,118555
2021-06-18 09:58:13,6876.45,118555
2021-06-18 09:58:14,6877.0,118620
2021-06-18 09:58:15,6876.95,118636
2021-06-18 09:58:16,6877.0,118809
2021-06-18 09:58:17,6877.0,118809
2021-06-18 09:58:18,6878.9,118811
2021-06-18 09:58:19,6878.9,118817
2021-06-18 09:58:20,6878.9,118868
2021-06-18 09:58:21,6880.0,118926
2021-06-18 09:58:22,6878.1,118936
2021-06-18 09:58:23,6889.7,119329
2021-06-18 09:58:25,6886.4,119359
2021-06-18 09:58:26,6883.2,119398
2021-06-18 09:58:27,6884.7,119429
2021-06-18 09:58:28,6884.85,119434
2021-06-18 09:58:29,6883.05,119442
2021-06-18 09:58:30,6883.0,119451
2021-06-18 09:58:31,6883.0,119453
2021-06-18 09:58:32,6882.55,119455
2021-06-18 09:58:33,6883.0,119458
2021-06-18 09:58:34,6883.0,119482
2021-06-18 09:58:35,6882.8,119487
2021-06-18 09:58:36,6882.8,119493
2021-06-18 09:58:37,6882.8,119493
2021-06-18 09:58:37,6882.8,119493
2021-06-18 09:58:39,6882.8,119512
2021-06-18 09:58:40,6882.8,119518
2021-06-18 09:58:41,6881.5,119579
2021-06-18 09:58:42,6881.0,119583
2021-06-18 09:58:43,6878.6,119654
2021-06-18 09:58:44,6878.0,119655
2021-06-18 09:58:45,6878.55,119681
2021-06-18 09:58:46,6877.0,119688
2021-06-18 09:58:47,6876.4,119708
2021-06-18 09:58:48,6876.4,119708
2021-06-18 09:58:49,6876.5,119718
2021-06-18 09:58:50,6877.8,119737
2021-06-18 09:58:51,6875.1,119752
2021-06-18 09:58:52,6878.6,119827
2021-06-18 09:58:53,6876.95,119831
2021-06-18 09:58:54,6876.95,119856
2021-06-18 09:58:55,6876.95,119857
2021-06-18 09:58:56,6876.95,119882
2021-06-18 09:58:57,6876.4,119885
2021-06-18 09:58:57,6876.4,119889
2021-06-18 09:58:58,6876.95,119908
2021-06-18 09:59:00,6876.95,119908
2021-06-18 09:59:01,6879.45,119995
2021-06-18 09:59:02,6880.0,120000
2021-06-18 09:59:03,6880.0,120001
2021-06-18 09:59:05,6879.4,120004
2021-06-18 09:59:04,6880.0,120001
2021-06-18 09:59:06,6881.0,120065
2021-06-18 09:59:07,6881.0,120085
2021-06-18 09:59:08,6882.5,120185
2021-06-18 09:59:08,6881.0,120200
2021-06-18 09:59:13,6881.0,120218
2021-06-18 09:59:14,6881.0,120221
2021-06-18 09:59:16,6881.0,120230
2021-06-18 09:59:17,6885.0,120281
2021-06-18 09:59:18,6882.0,120283
2021-06-18 09:59:19,6880.0,120288
2021-06-18 09:59:20,6877.2,120312
2021-06-18 09:59:21,6881.45,120362
2021-06-18 09:59:22,6881.3,120372
2021-06-18 09:59:24,6881.25,120377
2021-06-18 09:59:25,6877.0,120393
2021-06-18 09:59:26,6878.25,120399
2021-06-18 09:59:27,6877.0,120405
2021-06-18 09:59:28,6877.0,120405
2021-06-18 09:59:29,6878.25,120428
2021-06-18 09:59:30,6878.25,120428
2021-06-18 09:59:31,6878.25,120446
2021-06-18 09:59:32,6882.5,120495
2021-06-18 09:59:32,6882.5,120495
2021-06-18 09:59:34,6882.5,120523
2021-06-18 09:59:34,6881.3,120528
2021-06-18 09:59:35,6881.3,120528
2021-06-18 09:59:37,6881.25,120531
2021-06-18 09:59:38,6883.9,120533
2021-06-18 09:59:39,6882.5,120559
2021-06-18 09:59:40,6883.8,120560
2021-06-18 09:59:41,6883.8,120565
2021-06-18 09:59:42,6883.8,120565
2021-06-18 09:59:43,6883.8,120565
2021-06-18 09:59:43,6883.8,120566
2021-06-18 09:59:44,6886.0,120623
2021-06-18 09:59:45,6886.0,120623
2021-06-18 09:59:46,6886.0,120623
2021-06-18 09:59:47,6884.95,120627
2021-06-18 09:59:48,6886.9,120647
2021-06-18 09:59:49,6886.9,120648
2021-06-18 09:59:50,6884.45,120680
2021-06-18 09:59:53,6886.5,120695
2021-06-18 09:59:54,6887.9,120747
2021-06-18 09:59:55,6887.9,120747
2021-06-18 09:59:56,6885.1,120752
2021-06-18 09:59:57,6887.95,120757
2021-06-18 09:59:58,6886.95,120759
2021-06-18 09:59:59,6886.95,120759
2021-06-18 10:00:00,6885.15,120801
2021-06-18 10:00:01,6883.9,120809
2021-06-18 10:00:02,6882.2,121085
2021-06-18 10:00:03,6881.15,121220
2021-06-18 10:00:04,6881.15,121220
2021-06-18 10:00:05,6879.65,121770
2021-06-18 10:00:06,6879.9,122006
2021-06-18 10:00:06,6879.9,122006
2021-06-18 10:00:07,6879.65,122022
2021-06-18 10:00:08,6882.55,122082
2021-06-18 10:00:09,6882.4,122136
2021-06-18 10:00:10,6879.65,122155
2021-06-18 10:00:12,6879.65,122219
2021-06-18 10:00:14,6880.5,122245
2021-06-18 10:00:15,6877.5,122328
2021-06-18 10:00:16,6877.0,122346
2021-06-18 10:00:17,6874.05,122562
2021-06-18 10:00:18,6877.65,122618
2021-06-18 10:00:19,6877.65,122634
2021-06-18 10:00:21,6873.65,122872
2021-06-18 10:00:22,6873.55,122908
2021-06-18 10:00:23,6873.5,122914
2021-06-18 10:00:24,6873.05,122915
2021-06-18 10:00:25,6873.05,122922
2021-06-18 10:00:26,6873.05,122931
2021-06-18 10:00:27,6873.05,122931
2021-06-18 10:00:28,6872.5,122974
2021-06-18 10:00:29,6872.0,123022
2021-06-18 10:00:30,6872.5,123043
2021-06-18 10:00:31,6872.5,123078
2021-06-18 10:00:33,6872.45,123138
2021-06-18 10:00:34,6872.5,123307
2021-06-18 10:00:35,6872.5,123373
2021-06-18 10:00:36,6875.4,123483
2021-06-18 10:00:37,6872.5,123742
2021-06-18 10:00:38,6873.9,123784
2021-06-18 10:00:39,6873.9,123784
2021-06-18 10:00:40,6874.3,123785
2021-06-18 10:00:41,6872.5,123921
2021-06-18 10:00:42,6875.15,123946
2021-06-18 10:00:43,6875.15,123946
2021-06-18 10:00:44,6875.15,123973
2021-06-18 10:00:45,6875.0,123980
2021-06-18 10:00:46,6875.15,124014
2021-06-18 10:00:47,6876.0,124202
2021-06-18 10:00:51,6876.4,124271
2021-06-18 10:00:54,6876.4,124397
2021-06-18 10:00:56,6877.0,124543
2021-06-18 10:00:58,6877.8,124544
2021-06-18 10:00:59,6877.8,124565
2021-06-18 10:01:01,6877.8,124580
2021-06-18 10:01:02,6877.8,124587
2021-06-18 10:01:03,6877.8,124589
2021-06-18 10:01:04,6877.8,124590
2021-06-18 10:01:05,6877.8,124595
2021-06-18 10:01:06,6877.8,124595
2021-06-18 10:01:07,6877.1,124596
2021-06-18 10:01:08,6876.4,124600
2021-06-18 10:01:09,6878.0,124641
2021-06-18 10:01:10,6879.0,124658
2021-06-18 10:01:11,6877.75,124663
2021-06-18 10:01:12,6877.75,124663
2021-06-18 10:01:13,6879.5,124679
2021-06-18 10:01:14,6881.0,124719
2021-06-18 10:01:15,6881.0,124719
2021-06-18 10:01:16,6880.85,124828
2021-06-18 10:01:17,6880.85,124828
2021-06-18 10:01:18,6885.0,124916
2021-06-18 10:01:19,6885.0,124916
2021-06-18 10:01:20,6885.0,124918
2021-06-18 10:01:21,6883.05,124963
2021-06-18 10:01:22,6887.4,125014
2021-06-18 10:01:23,6886.75,125020
2021-06-18 10:01:24,6885.0,125043
2021-06-18 10:01:26,6884.0,125068
2021-06-18 10:01:27,6887.15,125579
2021-06-18 10:01:28,6887.1,125612
2021-06-18 10:01:29,6886.95,125617
2021-06-18 10:01:30,6882.9,125667
2021-06-18 10:01:31,6883.0,125778
2021-06-18 10:01:32,6883.0,125778
2021-06-18 10:01:33,6885.6,125807
2021-06-18 10:01:34,6884.55,125812
2021-06-18 10:01:35,6884.4,125813
2021-06-18 10:01:36,6884.4,125817
2021-06-18 10:01:37,6884.45,125819
2021-06-18 10:01:38,6884.55,125842
2021-06-18 10:01:39,6882.6,125845
2021-06-18 10:01:40,6882.6,125845
2021-06-18 10:01:41,6882.6,125899
2021-06-18 10:01:42,6882.6,125900
2021-06-18 10:01:43,6882.6,125935
2021-06-18 10:01:44,6882.6,126041
2021-06-18 10:01:45,6884.55,126090
2021-06-18 10:01:46,6884.35,126095
2021-06-18 10:01:47,6884.35,126095
2021-06-18 10:01:48,6885.95,126145
2021-06-18 10:01:49,6885.95,126145
2021-06-18 10:01:50,6882.55,126146
2021-06-18 10:01:51,6882.55,126229
2021-06-18 10:01:52,6882.55,126229
2021-06-18 10:01:53,6882.55,126229
2021-06-18 10:01:54,6882.3,126231
2021-06-18 10:01:55,6881.7,126486
2021-06-18 10:01:56,6881.7,126486
2021-06-18 10:01:57,6882.75,126487
2021-06-18 10:01:58,6882.75,126487
2021-06-18 10:01:59,6882.75,126487
2021-06-18 10:02:00,6883.45,126509
2021-06-18 10:02:01,6883.45,126515
2021-06-18 10:02:05,6883.45,126529
2021-06-18 10:02:06,6883.45,126529
2021-06-18 10:02:08,6881.7,126531
2021-06-18 10:02:09,6881.7,126531
2021-06-18 10:02:10,6882.75,126580
2021-06-18 10:02:11,6882.75,126580
2021-06-18 10:02:12,6882.75,126580
2021-06-18 10:02:14,6882.95,126591
2021-06-18 10:02:15,6885.0,126718
2021-06-18 10:02:16,6885.0,126718
2021-06-18 10:02:17,6885.0,126718
2021-06-18 10:02:18,6882.95,126756
2021-06-18 10:02:19,6882.75,126869
2021-06-18 10:02:20,6881.7,126881
2021-06-18 10:02:21,6881.7,126889
2021-06-18 10:02:22,6881.35,126894
2021-06-18 10:02:23,6881.35,126894
2021-06-18 10:02:24,6881.7,126910
2021-06-18 10:02:25,6882.7,126911
2021-06-18 10:02:26,6882.65,126916
2021-06-18 10:02:28,6882.7,126922
2021-06-18 10:02:28,6882.7,126922
2021-06-18 10:02:29,6882.0,126939
2021-06-18 10:02:31,6881.0,127073
2021-06-18 10:02:32,6885.0,128073
2021-06-18 10:02:34,6880.8,128094
2021-06-18 10:02:35,6880.8,128094
2021-06-18 10:02:36,6881.1,128104
2021-06-18 10:02:36,6881.1,128104
2021-06-18 10:02:37,6882.0,128105
2021-06-18 10:02:38,6880.7,128110
2021-06-18 10:02:39,6879.8,128250
2021-06-18 10:02:40,6882.05,128581
2021-06-18 10:02:42,6882.0,128590
2021-06-18 10:02:43,6882.0,128591
2021-06-18 10:02:44,6881.0,128596
2021-06-18 10:02:45,6882.3,128879
2021-06-18 10:02:45,6885.0,128842
2021-06-18 10:02:48,6884.95,128882
2021-06-18 10:02:49,6884.95,128884
2021-06-18 10:02:50,6884.7,128906
2021-06-18 10:02:51,6884.7,128924
2021-06-18 10:02:51,6884.7,128924
2021-06-18 10:02:52,6885.0,128930
2021-06-18 10:02:53,6887.0,128984
2021-06-18 10:02:54,6887.0,128993
2021-06-18 10:02:55,6887.0,129020
2021-06-18 10:02:56,6887.0,129216
2021-06-18 10:02:58,6892.0,129681
2021-06-18 10:03:00,6886.9,129743
2021-06-18 10:03:00,6886.9,129741
2021-06-18 10:03:01,6886.9,129749
2021-06-18 10:03:02,6886.9,129749
2021-06-18 10:03:03,6890.4,129901
2021-06-18 10:03:04,6888.85,129936
2021-06-18 10:03:05,6888.85,129936
2021-06-18 10:03:06,6888.85,129936
2021-06-18 10:03:08,6886.0,130082
2021-06-18 10:03:10,6885.05,130084
2021-06-18 10:03:10,6891.9,130284
2021-06-18 10:03:12,6891.2,130314
2021-06-18 10:03:13,6891.2,130345
2021-06-18 10:03:15,6889.85,130629
2021-06-18 10:03:16,6889.85,130629
2021-06-18 10:03:17,6892.1,130634
2021-06-18 10:03:18,6894.3,130743
2021-06-18 10:03:19,6890.15,130747
2021-06-18 10:03:20,6890.15,130748
2021-06-18 10:03:21,6889.45,130792
2021-06-18 10:03:22,6889.45,130792
2021-06-18 10:03:23,6892.0,130842
2021-06-18 10:03:24,6890.45,130857
2021-06-18 10:03:25,6896.0,131390
2021-06-18 10:03:27,6891.0,131407
2021-06-18 10:03:27,6890.5,131408
2021-06-18 10:03:28,6890.2,131456
2021-06-18 10:03:29,6890.0,131557
2021-06-18 10:03:30,6898.0,131973
2021-06-18 10:03:32,6894.0,132035
2021-06-18 10:03:32,6894.0,132035
2021-06-18 10:03:33,6897.25,132098
2021-06-18 10:03:34,6899.0,132320
2021-06-18 10:03:35,6894.85,132334
2021-06-18 10:03:36,6893.75,132347
2021-06-18 10:03:37,6894.85,132354
2021-06-18 10:03:39,6894.85,132354
2021-06-18 10:03:39,6894.85,132354
2021-06-18 10:03:40,6895.0,132409
2021-06-18 10:03:41,6895.0,132409
2021-06-18 10:03:42,6895.0,132409
2021-06-18 10:03:44,6897.0,132410
2021-06-18 10:03:45,6896.0,132413
2021-06-18 10:03:45,6896.0,132413
2021-06-18 10:03:46,6897.0,132428
2021-06-18 10:03:47,6896.55,132465
2021-06-18 10:03:48,6899.0,132492
2021-06-18 10:03:49,6896.9,132520
2021-06-18 10:03:51,6900.0,133351
2021-06-18 10:03:52,6899.05,133553
2021-06-18 10:03:52,6899.05,133553
2021-06-18 10:03:53,6899.55,133555
2021-06-18 10:03:54,6899.55,133632
2021-06-18 10:03:55,6899.55,133632
2021-06-18 10:03:56,6899.0,133779
2021-06-18 10:03:57,6899.0,133779
2021-06-18 10:03:58,6900.0,133846
2021-06-18 10:03:59,6900.0,133858
2021-06-18 10:04:01,6900.0,133858
2021-06-18 10:04:01,6900.0,133858
2021-06-18 10:04:02,6900.0,133858
2021-06-18 10:04:03,6899.75,133983
2021-06-18 10:04:04,6899.75,133983
2021-06-18 10:04:06,6897.45,134071
2021-06-18 10:04:06,6897.45,134082
2021-06-18 10:04:07,6898.85,134085
2021-06-18 10:04:08,6898.85,134085
2021-06-18 10:04:09,6897.05,134095
2021-06-18 10:04:10,6897.05,134111
2021-06-18 10:04:11,6897.45,134237
2021-06-18 10:04:13,6898.6,134245
2021-06-18 10:04:14,6897.05,134447
2021-06-18 10:04:15,6896.0,134457
2021-06-18 10:04:16,6895.75,134466
2021-06-18 10:04:17,6894.0,134524
2021-06-18 10:04:18,6894.6,134554
2021-06-18 10:04:19,6893.5,134580
2021-06-18 10:04:20,6893.3,134590
2021-06-18 10:04:21,6893.0,134592
2021-06-18 10:04:22,6894.9,134692
2021-06-18 10:04:23,6894.9,134698
2021-06-18 10:04:24,6893.5,134699
2021-06-18 10:04:26,6893.5,134771
2021-06-18 10:04:26,6895.0,134770
2021-06-18 10:04:27,6896.9,134871
2021-06-18 10:04:28,6895.65,134874
2021-06-18 10:04:29,6895.65,134874
2021-06-18 10:04:31,6895.65,134874
2021-06-18 10:04:32,6895.65,134874
2021-06-18 10:04:33,6893.5,134896
2021-06-18 10:04:33,6894.35,134894
2021-06-18 10:04:34,6893.5,134903
2021-06-18 10:04:35,6895.8,134908
2021-06-18 10:04:36,6895.8,134909
2021-06-18 10:04:37,6895.8,134911
2021-06-18 10:04:39,6895.8,134933
2021-06-18 10:04:40,6895.8,134940
2021-06-18 10:04:41,6893.0,135074
2021-06-18 10:04:42,6893.0,135074
2021-06-18 10:04:42,6893.0,135074
2021-06-18 10:04:44,6893.5,135076
2021-06-18 10:04:45,6893.5,135101
2021-06-18 10:04:46,6893.25,135108
2021-06-18 10:04:47,6893.5,135110
2021-06-18 10:04:49,6895.0,135218
2021-06-18 10:04:50,6893.25,135219
2021-06-18 10:04:51,6890.5,135527
2021-06-18 10:04:52,6890.75,135571
2021-06-18 10:04:53,6890.7,135653
2021-06-18 10:04:54,6889.25,135654
2021-06-18 10:04:56,6889.25,135654
2021-06-18 10:04:57,6889.25,135654
2021-06-18 10:04:58,6892.75,135752
2021-06-18 10:04:58,6892.75,135752
2021-06-18 10:04:59,6892.2,135753
2021-06-18 10:05:00,6890.0,135853
2021-06-18 10:05:01,6890.0,135931
2021-06-18 10:05:03,6890.0,135931
2021-06-18 10:05:04,6890.0,135991
2021-06-18 10:05:05,6890.75,135993
2021-06-18 10:05:05,6890.75,135998
2021-06-18 10:05:06,6897.75,136156
2021-06-18 10:05:07,6895.25,136159
2021-06-18 10:05:09,6894.4,136201
2021-06-18 10:05:10,6895.25,136203
2021-06-18 10:05:11,6895.25,136209
2021-06-18 10:05:11,6895.25,136209
2021-06-18 10:05:12,6898.5,136241
2021-06-18 10:05:13,6898.5,136241
2021-06-18 10:05:15,6897.6,136250
2021-06-18 10:05:16,6898.6,136252
2021-06-18 10:05:17,6898.5,136303
2021-06-18 10:05:18,6898.5,136326
2021-06-18 10:05:18,6897.85,136329
2021-06-18 10:05:21,6899.9,136374
2021-06-18 10:05:22,6899.9,136374
2021-06-18 10:05:24,6897.4,136385
2021-06-18 10:05:24,6898.5,136394
2021-06-18 10:05:26,6898.45,136414
2021-06-18 10:05:27,6897.3,136424
2021-06-18 10:05:28,6895.45,136430
2021-06-18 10:05:29,6898.45,136441
2021-06-18 10:05:30,6898.45,136441
2021-06-18 10:05:31,6898.45,136465
2021-06-18 10:05:32,6899.9,136471
2021-06-18 10:05:32,6899.9,136471
2021-06-18 10:05:33,6899.9,136471
2021-06-18 10:05:34,6899.95,136484
2021-06-18 10:05:35,6899.95,136521
2021-06-18 10:05:36,6899.9,136523
2021-06-18 10:05:38,6899.9,136525
2021-06-18 10:05:39,6899.2,136532
2021-06-18 10:05:40,6899.55,136534
2021-06-18 10:05:40,6899.55,136534
2021-06-18 10:05:41,6899.55,136536
2021-06-18 10:05:42,6899.45,136563
2021-06-18 10:05:43,6899.45,136563
2021-06-18 10:05:44,6899.9,136568
2021-06-18 10:05:45,6899.55,136574
2021-06-18 10:05:46,6899.45,136580
2021-06-18 10:05:48,6899.55,136588
2021-06-18 10:05:49,6899.55,136605
2021-06-18 10:05:49,6899.55,136604
2021-06-18 10:05:50,6898.8,136615
2021-06-18 10:05:51,6897.4,136682
2021-06-18 10:05:52,6896.9,136686
2021-06-18 10:05:54,6897.9,136711
2021-06-18 10:05:55,6896.45,136720
2021-06-18 10:05:56,6896.45,136720
2021-06-18 10:05:57,6896.7,136732
2021-06-18 10:05:57,6896.7,136732
2021-06-18 10:05:58,6897.55,136753
2021-06-18 10:05:59,6897.55,136753
2021-06-18 10:06:00,6899.45,136754
2021-06-18 10:06:01,6899.45,136759
2021-06-18 10:06:02,6899.3,136800
2021-06-18 10:06:04,6899.35,136815
2021-06-18 10:06:05,6899.4,136826
2021-06-18 10:06:06,6899.85,136870
2021-06-18 10:06:07,6898.2,136878
2021-06-18 10:06:08,6899.95,136931
2021-06-18 10:06:09,6898.2,136944
2021-06-18 10:06:09,6898.2,136944
2021-06-18 10:06:10,6898.2,136944
2021-06-18 10:06:11,6898.5,136952
2021-06-18 10:06:12,6899.9,136955
2021-06-18 10:06:13,6899.9,136955
2021-06-18 10:06:15,6899.9,136955
2021-06-18 10:06:16,6900.0,138705
2021-06-18 10:06:17,6900.0,139319
2021-06-18 10:06:18,6899.45,139604
2021-06-18 10:06:18,6899.45,139604
2021-06-18 10:06:19,6898.7,139690
2021-06-18 10:06:20,6898.0,139714
2021-06-18 10:06:21,6898.0,139714
2021-06-18 10:06:22,6896.2,139729
2021-06-18 10:06:23,6896.2,139797
2021-06-18 10:06:25,6895.15,139800
2021-06-18 10:06:27,6894.9,140201
2021-06-18 10:06:27,6894.9,140201
2021-06-18 10:06:28,6896.15,140269
2021-06-18 10:06:29,6896.15,140279
2021-06-18 10:06:30,6899.0,140281
2021-06-18 10:06:31,6899.0,140281
2021-06-18 10:06:33,6897.9,140288
2021-06-18 10:06:34,6898.45,140298
2021-06-18 10:06:35,6899.0,140301
2021-06-18 10:06:35,6899.0,140301
2021-06-18 10:06:36,6898.75,140304
2021-06-18 10:06:38,6899.0,140394
2021-06-18 10:06:39,6899.0,140511
2021-06-18 10:06:39,6899.0,140555
2021-06-18 10:06:40,6899.05,140557
2021-06-18 10:06:42,6899.05,140564
2021-06-18 10:06:43,6899.05,140564
2021-06-18 10:06:44,6899.75,140574
2021-06-18 10:06:44,6899.75,140576
2021-06-18 10:06:46,6900.0,141105
2021-06-18 10:06:47,6900.0,141105
2021-06-18 10:06:47,6900.0,141105
2021-06-18 10:06:48,6900.0,141108
2021-06-18 10:06:50,6899.95,141116
2021-06-18 10:06:51,6899.95,141118
2021-06-18 10:06:52,6899.9,141190
2021-06-18 10:06:53,6900.0,141234
2021-06-18 10:06:54,6900.0,141300
2021-06-18 10:06:55,6899.95,141326
2021-06-18 10:06:57,6900.0,141396
2021-06-18 10:06:58,6899.75,141472
2021-06-18 10:06:59,6900.0,141539
2021-06-18 10:07:00,6900.0,141555
2021-06-18 10:07:00,6900.0,141673
2021-06-18 10:07:01,6899.85,141712
2021-06-18 10:07:02,6898.05,141953
2021-06-18 10:07:03,6897.1,141972
2021-06-18 10:07:04,6897.1,142030
2021-06-18 10:07:05,6898.15,142155
2021-06-18 10:07:07,6896.45,142160
2021-06-18 10:07:08,6897.55,142161
2021-06-18 10:07:09,6896.45,142165
2021-06-18 10:07:10,6896.45,142165
2021-06-18 10:07:11,6897.55,142185
2021-06-18 10:07:12,6897.15,142186
2021-06-18 10:07:13,6897.35,142187
2021-06-18 10:07:14,6897.05,142194
2021-06-18 10:07:15,6897.55,142200
2021-06-18 10:07:16,6897.1,142229
2021-06-18 10:07:17,6899.0,142358
2021-06-18 10:07:19,6896.45,142375
2021-06-18 10:07:19,6896.45,142381
2021-06-18 10:07:20,6897.0,142383
2021-06-18 10:07:22,6895.0,142479
2021-06-18 10:07:23,6897.55,142579
2021-06-18 10:07:24,6895.85,142607
2021-06-18 10:07:25,6895.85,142607
2021-06-18 10:07:27,6895.9,142617
2021-06-18 10:07:28,6895.9,142639
2021-06-18 10:07:30,6895.95,142654
2021-06-18 10:07:31,6895.0,142670
2021-06-18 10:07:32,6895.0,142670
2021-06-18 10:07:33,6895.0,142670
2021-06-18 10:07:34,6896.55,142695
2021-06-18 10:07:34,6896.55,142695
2021-06-18 10:07:35,6896.55,142712
2021-06-18 10:07:37,6896.25,142718
2021-06-18 10:07:38,6896.25,142731
2021-06-18 10:07:39,6898.9,142742
2021-06-18 10:07:40,6898.9,142742
2021-06-18 10:07:40,6897.55,142746
2021-06-18 10:07:41,6898.25,142747
2021-06-18 10:07:43,6898.25,142754
2021-06-18 10:07:44,6898.75,142760
2021-06-18 10:07:45,6898.9,142767
2021-06-18 10:07:46,6898.9,142780
2021-06-18 10:07:46,6898.9,142781
2021-06-18 10:07:47,6899.8,142810
2021-06-18 10:07:48,6899.8,142810
2021-06-18 10:07:50,6899.85,142814
2021-06-18 10:07:51,6899.85,142830
2021-06-18 10:07:52,6900.0,142853
2021-06-18 10:07:52,6900.0,142853
2021-06-18 10:07:53,6896.85,142917
2021-06-18 10:07:54,6896.85,142917
2021-06-18 10:07:55,6898.25,142937
2021-06-18 10:07:56,6898.25,142942
2021-06-18 10:07:57,6898.25,142942
2021-06-18 10:08:01,6900.0,143052
2021-06-18 10:08:02,6898.35,143053
2021-06-18 10:08:03,6900.0,143075
2021-06-18 10:08:04,6900.0,143075
2021-06-18 10:08:07,6900.0,143075
2021-06-18 10:08:08,6898.0,143078
