timestamp,ltp,volume
2021-06-18 09:18:42,117.15,561963
2021-06-18 09:18:47,117.15,564384
2021-06-18 09:18:53,117.15,568789
2021-06-18 09:18:59,117.1,570426
2021-06-18 09:19:05,117.2,571711
2021-06-18 09:19:10,117.2,575027
2021-06-18 09:19:16,117.2,575600
2021-06-18 09:19:22,117.2,580546
2021-06-18 09:19:28,117.1,591492
2021-06-18 09:19:33,117.15,594052
2021-06-18 09:19:39,117.05,595329
2021-06-18 09:19:44,117.2,599255
2021-06-18 09:19:50,117.15,606533
2021-06-18 09:19:56,117.1,609729
2021-06-18 09:20:01,117.2,611352
2021-06-18 09:20:07,117.1,625443
2021-06-18 09:20:12,117.0,654494
2021-06-18 09:20:18,116.85,669376
2021-06-18 09:20:23,116.85,700187
2021-06-18 09:20:29,116.85,701738
2021-06-18 09:20:34,116.85,707692
2021-06-18 09:20:39,116.8,709046
2021-06-18 09:20:45,116.65,721383
2021-06-18 09:20:50,116.7,730830
2021-06-18 09:20:56,116.75,731061
2021-06-18 09:21:02,116.85,743320
2021-06-18 09:21:07,116.9,754235
2021-06-18 09:21:13,116.8,755377
2021-06-18 09:21:18,116.85,760085
2021-06-18 09:21:24,116.85,771446
2021-06-18 09:21:29,116.85,784774
2021-06-18 09:21:35,116.85,785990
2021-06-18 09:21:40,116.75,791941
2021-06-18 09:21:46,116.75,804656
2021-06-18 09:21:51,116.8,810495
2021-06-18 09:21:56,116.75,816030
2021-06-18 09:22:02,116.75,816604
2021-06-18 09:22:07,116.75,819574
2021-06-18 09:22:13,116.85,832265
2021-06-18 09:22:18,116.8,833329
2021-06-18 09:22:23,116.85,833900
2021-06-18 09:22:29,116.75,834973
2021-06-18 09:22:34,116.85,835669
2021-06-18 09:22:39,116.75,836929
2021-06-18 09:22:45,116.8,837579
2021-06-18 09:22:50,116.85,838885
2021-06-18 09:22:56,116.8,839189
2021-06-18 09:23:01,116.7,856983
2021-06-18 09:23:07,116.65,864180
2021-06-18 09:23:13,116.55,868174
2021-06-18 09:23:19,116.45,893295
2021-06-18 09:23:24,116.35,906975
2021-06-18 09:23:30,116.45,910121
2021-06-18 09:23:35,116.45,910372
2021-06-18 09:23:41,116.45,940400
2021-06-18 09:23:46,116.5,951325
2021-06-18 09:23:52,116.5,957477
2021-06-18 09:23:57,116.5,963683
2021-06-18 09:24:03,116.55,964713
2021-06-18 09:24:08,116.55,966962
2021-06-18 09:24:14,116.65,968384
2021-06-18 09:24:19,116.65,969104
2021-06-18 09:24:25,116.7,973010
2021-06-18 09:24:30,116.65,975866
2021-06-18 09:24:36,116.8,984325
2021-06-18 09:24:41,116.75,984985
2021-06-18 09:24:47,116.8,996012
2021-06-18 09:24:53,116.75,1001299
2021-06-18 09:24:58,116.6,1017207
2021-06-18 09:25:04,116.6,1017795
2021-06-18 09:25:09,116.6,1017977
2021-06-18 09:25:15,116.65,1021095
2021-06-18 09:25:20,116.65,1026625
2021-06-18 09:25:26,116.7,1028545
2021-06-18 09:25:32,116.75,1028730
2021-06-18 09:25:37,116.75,1031511
2021-06-18 09:25:42,116.75,1040775
2021-06-18 09:25:48,116.55,1052960
2021-06-18 09:25:53,116.6,1058982
2021-06-18 09:25:59,116.6,1063070
2021-06-18 09:26:04,116.6,1075029
2021-06-18 09:26:10,116.6,1077323
2021-06-18 09:26:15,116.55,1079014
2021-06-18 09:26:21,116.6,1084961
2021-06-18 09:26:27,116.65,1086501
2021-06-18 09:26:32,116.7,1088765
2021-06-18 09:26:38,116.65,1091650
2021-06-18 09:26:43,116.7,1092712
2021-06-18 09:26:49,116.75,1102216
2021-06-18 09:26:54,116.75,1104471
2021-06-18 09:27:00,116.8,1104698
2021-06-18 09:27:05,116.85,1106547
2021-06-18 09:27:10,116.85,1110167
2021-06-18 09:27:16,116.8,1124993
2021-06-18 09:27:21,116.75,1129156
2021-06-18 09:27:27,116.75,1132356
2021-06-18 09:27:32,116.8,1132656
2021-06-18 09:27:38,116.75,1133350
2021-06-18 09:27:44,116.8,1143359
2021-06-18 09:27:49,116.85,1144759
2021-06-18 09:27:54,116.95,1160946
2021-06-18 09:28:00,116.95,1169408
2021-06-18 09:28:06,116.95,1170744
2021-06-18 09:28:11,116.9,1170945
2021-06-18 09:28:16,116.85,1174090
2021-06-18 09:28:22,116.9,1176406
2021-06-18 09:28:27,116.95,1177759
2021-06-18 09:28:32,116.9,1180713
2021-06-18 09:28:37,116.95,1181484
2021-06-18 09:28:42,116.95,1181699
2021-06-18 09:28:47,116.95,1184026
2021-06-18 09:28:52,116.95,1184375
2021-06-18 09:28:57,116.95,1190773
2021-06-18 09:29:02,117.0,1200793
2021-06-18 09:29:07,116.9,1219374
2021-06-18 09:29:13,116.9,1230071
2021-06-18 09:29:19,116.95,1249473
2021-06-18 09:29:24,117.0,1253788
2021-06-18 09:29:29,117.0,1260833
2021-06-18 09:29:34,116.95,1262491
2021-06-18 09:29:39,117.0,1269006
2021-06-18 09:29:44,117.0,1270477
2021-06-18 09:29:50,117.0,1271075
2021-06-18 09:29:55,117.0,1287083
2021-06-18 09:30:00,117.05,1292753
2021-06-18 09:30:05,117.1,1293762
2021-06-18 09:30:10,117.0,1302379
2021-06-18 09:30:16,117.0,1306184
2021-06-18 09:30:21,117.0,1311074
2021-06-18 09:30:27,116.95,1332189
2021-06-18 09:30:32,116.95,1334807
2021-06-18 09:30:37,116.95,1335985
2021-06-18 09:30:42,116.95,1356198
2021-06-18 09:30:48,116.95,1359256
2021-06-18 09:30:53,116.9,1360100
2021-06-18 09:30:59,116.95,1360304
2021-06-18 09:31:04,116.9,1360434
2021-06-18 09:31:09,116.95,1363408
2021-06-18 09:31:15,116.9,1364202
2021-06-18 09:31:20,116.9,1364503
2021-06-18 09:31:31,117.1,1387671
2021-06-18 09:31:36,117.0,1388672
2021-06-18 09:31:41,117.05,1389288
2021-06-18 09:31:47,117.0,1389518
2021-06-18 09:31:52,117.05,1391878
2021-06-18 09:31:57,117.0,1395762
2021-06-18 09:32:02,117.0,1395789
2021-06-18 09:32:07,117.05,1395968
2021-06-18 09:32:12,117.05,1398504
2021-06-18 09:32:17,117.0,1402137
2021-06-18 09:32:22,116.95,1402233
2021-06-18 09:32:27,117.0,1402308
2021-06-18 09:32:32,116.8,1418212
2021-06-18 09:32:37,116.85,1422327
2021-06-18 09:32:42,116.7,1434872
2021-06-18 09:32:47,116.7,1438348
2021-06-18 09:32:52,116.7,1438458
2021-06-18 09:32:57,116.7,1439972
2021-06-18 09:33:03,116.7,1439976
2021-06-18 09:33:08,116.7,1442656
2021-06-18 09:33:13,116.65,1443203
2021-06-18 09:33:18,116.7,1443415
2021-06-18 09:33:23,116.65,1445902
2021-06-18 09:33:28,116.65,1445902
2021-06-18 09:33:33,116.65,1450038
2021-06-18 09:33:38,116.6,1452191
2021-06-18 09:33:43,116.6,1452393
2021-06-18 09:33:47,116.65,1453029
2021-06-18 09:33:52,116.6,1453315
2021-06-18 09:33:57,116.6,1453595
2021-06-18 09:34:02,116.6,1454914
2021-06-18 09:34:07,116.55,1460865
2021-06-18 09:34:12,116.55,1462536
2021-06-18 09:34:17,116.5,1465735
2021-06-18 09:34:22,116.55,1468019
2021-06-18 09:34:27,116.55,1473241
2021-06-18 09:34:32,116.5,1474788
2021-06-18 09:34:37,116.5,1475625
2021-06-18 09:34:42,116.55,1475924
2021-06-18 09:34:47,116.55,1476207
2021-06-18 09:34:52,116.55,1476455
2021-06-18 09:34:57,116.55,1482404
2021-06-18 09:35:01,116.5,1485639
2021-06-18 09:35:06,116.4,1506993
2021-06-18 09:35:11,116.5,1514121
2021-06-18 09:35:17,116.5,1519171
2021-06-18 09:35:21,116.55,1519809
2021-06-18 09:35:26,116.55,1521157
2021-06-18 09:35:32,116.6,1524520
2021-06-18 09:35:36,116.65,1524744
2021-06-18 09:35:42,116.7,1536959
2021-06-18 09:35:47,116.7,1537402
2021-06-18 09:35:52,116.75,1539316
2021-06-18 09:35:57,116.75,1540039
2021-06-18 09:36:02,116.8,1540949
2021-06-18 09:36:07,116.75,1552709
2021-06-18 09:36:12,116.7,1555024
2021-06-18 09:36:16,116.7,1555774
2021-06-18 09:36:21,116.75,1557292
2021-06-18 09:36:26,116.8,1560391
2021-06-18 09:36:31,116.7,1561116
2021-06-18 09:36:36,116.75,1561233
2021-06-18 09:36:41,116.65,1561272
2021-06-18 09:36:46,116.7,1562043
2021-06-18 09:36:50,116.7,1562957
2021-06-18 09:36:56,116.75,1564201
2021-06-18 09:37:01,116.7,1565490
2021-06-18 09:37:06,116.7,1565981
2021-06-18 09:37:11,116.7,1571589
2021-06-18 09:37:26,116.7,1575838
2021-06-18 09:37:31,116.7,1597882
2021-06-18 09:37:36,116.8,1601395
2021-06-18 09:37:41,116.7,1605956
2021-06-18 09:37:46,116.75,1606542
2021-06-18 09:37:51,116.8,1607014
2021-06-18 09:37:56,116.75,1608867
2021-06-18 09:38:01,116.75,1610144
2021-06-18 09:38:06,116.7,1610413
2021-06-18 09:38:11,116.65,1614860
2021-06-18 09:38:16,116.7,1614865
2021-06-18 09:38:21,116.75,1618980
2021-06-18 09:38:26,116.75,1621648
2021-06-18 09:38:31,116.9,1623635
2021-06-18 09:38:36,116.9,1624334
2021-06-18 09:38:41,116.85,1624727
2021-06-18 09:38:46,116.85,1625386
2021-06-18 09:38:50,116.9,1625946
2021-06-18 09:38:55,116.9,1628393
2021-06-18 09:39:00,116.95,1629286
2021-06-18 09:39:06,117.0,1653635
2021-06-18 09:39:16,117.0,1660363
2021-06-18 09:39:21,117.05,1660835
2021-06-18 09:39:26,117.0,1661706
2021-06-18 09:39:31,116.9,1662314
2021-06-18 09:39:36,116.95,1662315
2021-06-18 09:39:40,116.9,1662977
2021-06-18 09:39:45,116.85,1664699
2021-06-18 09:39:50,116.85,1677206
2021-06-18 09:39:54,116.85,1679300
2021-06-18 09:39:59,116.8,1679619
2021-06-18 09:40:04,116.8,1682680
2021-06-18 09:40:09,116.8,1687625
2021-06-18 09:40:14,116.8,1689073
2021-06-18 09:40:18,116.85,1689713
2021-06-18 09:40:23,116.8,1695294
2021-06-18 09:40:29,116.9,1701808
2021-06-18 09:40:33,117.0,1716967
2021-06-18 09:40:38,117.0,1717987
2021-06-18 09:40:43,117.1,1734057
2021-06-18 09:40:48,117.1,1735726
2021-06-18 09:40:52,117.1,1738690
2021-06-18 09:40:57,117.1,1740066
2021-06-18 09:41:02,117.05,1745667
2021-06-18 09:41:06,117.1,1746447
2021-06-18 09:41:11,117.1,1748487
2021-06-18 09:41:16,117.1,1749462
2021-06-18 09:41:20,117.1,1753359
2021-06-18 09:41:25,117.15,1756050
2021-06-18 09:41:30,117.1,1756639
2021-06-18 09:41:34,117.1,1758864
2021-06-18 09:41:39,117.2,1759698
2021-06-18 09:41:43,117.15,1761043
2021-06-18 09:41:47,117.25,1879628
2021-06-18 09:41:52,117.2,1891598
2021-06-18 09:41:56,117.2,1892158
2021-06-18 09:42:01,117.25,1892326
2021-06-18 09:42:06,117.25,1895149
2021-06-18 09:42:11,117.15,1932849
2021-06-18 09:42:16,117.2,1934162
2021-06-18 09:42:20,117.2,1937676
2021-06-18 09:42:25,117.2,1938328
2021-06-18 09:42:30,117.2,1938446
2021-06-18 09:42:35,117.2,1941746
2021-06-18 09:42:39,117.1,1943179
2021-06-18 09:42:44,117.15,1946466
2021-06-18 09:42:49,117.2,1951389
2021-06-18 09:42:55,117.2,1975769
2021-06-18 09:43:00,117.25,1997314
2021-06-18 09:43:05,117.2,1998546
2021-06-18 09:43:10,117.25,1999657
2021-06-18 09:43:15,117.25,2000686
2021-06-18 09:43:21,117.15,2001602
2021-06-18 09:43:26,117.2,2001828
2021-06-18 09:43:30,117.2,2011919
2021-06-18 09:43:35,117.15,2012369
2021-06-18 09:43:40,117.15,2025972
2021-06-18 09:43:45,117.15,2041034
2021-06-18 09:43:50,117.05,2041961
2021-06-18 09:43:55,117.2,2078541
2021-06-18 09:44:00,117.15,2085188
2021-06-18 09:44:05,117.2,2088828
2021-06-18 09:44:09,117.2,2093542
2021-06-18 09:44:20,117.25,2129572
2021-06-18 09:44:24,117.3,2137959
2021-06-18 09:44:29,117.3,2138262
2021-06-18 09:44:34,117.35,2140697
2021-06-18 09:44:39,117.35,2167585
2021-06-18 09:44:44,117.3,2179605
2021-06-18 09:44:49,117.3,2181778
2021-06-18 09:44:54,117.3,2190333
2021-06-18 09:44:59,117.25,2191738
2021-06-18 09:45:04,117.2,2197403
2021-06-18 09:45:09,117.2,2219116
2021-06-18 09:45:14,117.25,2238245
2021-06-18 09:45:19,117.2,2258790
2021-06-18 09:45:24,117.25,2308869
2021-06-18 09:45:29,117.3,2309627
2021-06-18 09:45:34,117.35,2311002
2021-06-18 09:45:39,117.35,2315313
2021-06-18 09:45:45,117.35,2323520
2021-06-18 09:45:50,117.45,2342490
2021-06-18 09:45:54,117.4,2347416
2021-06-18 09:45:59,117.4,2357803
2021-06-18 09:46:05,117.5,2426145
2021-06-18 09:46:15,117.4,2444742
2021-06-18 09:46:19,117.55,2446829
2021-06-18 09:46:24,117.5,2462387
2021-06-18 09:46:29,117.55,2471348
2021-06-18 09:46:34,117.5,2479526
2021-06-18 09:46:38,117.5,2488106
2021-06-18 09:46:47,117.6,2501599
2021-06-18 09:46:52,117.55,2515633
2021-06-18 09:46:57,117.6,2541820
2021-06-18 09:47:02,117.6,2562604
2021-06-18 09:47:06,117.55,2567757
2021-06-18 09:47:11,117.65,2569724
2021-06-18 09:47:16,117.7,2679564
2021-06-18 09:47:21,117.65,2684511
2021-06-18 09:47:26,117.6,2826026
2021-06-18 09:47:31,117.6,2838665
2021-06-18 09:47:36,117.55,2840977
2021-06-18 09:47:41,117.55,2851827
2021-06-18 09:47:46,117.65,2853133
2021-06-18 09:47:49,117.65,2855418
2021-06-18 09:47:50,117.55,2855527
2021-06-18 09:47:51,117.65,2855539
2021-06-18 09:47:52,117.6,2855540
2021-06-18 09:47:53,117.65,2856040
2021-06-18 09:47:54,117.55,2856692
2021-06-18 09:47:55,117.65,2857692
2021-06-18 09:47:55,117.65,2857792
2021-06-18 09:47:56,117.65,2857792
2021-06-18 09:47:58,117.6,2857793
2021-06-18 09:47:59,117.6,2857993
2021-06-18 09:47:59,117.6,2857993
2021-06-18 09:48:01,117.6,2857993
2021-06-18 09:48:02,117.6,2858279
2021-06-18 09:48:03,117.55,2858534
2021-06-18 09:48:04,117.55,2858534
2021-06-18 09:48:05,117.55,2858664
2021-06-18 09:48:06,117.55,2858680
2021-06-18 09:48:07,117.45,2869973
2021-06-18 09:48:08,117.5,2870082
2021-06-18 09:48:09,117.5,2870083
2021-06-18 09:48:09,117.5,2870083
2021-06-18 09:48:11,117.5,2870092
2021-06-18 09:48:12,117.4,2873209
2021-06-18 09:48:13,117.45,2874401
2021-06-18 09:48:14,117.4,2876651
2021-06-18 09:48:15,117.45,2877914
2021-06-18 09:48:16,117.45,2877917
2021-06-18 09:48:17,117.45,2877918
2021-06-18 09:48:18,117.4,2878268
2021-06-18 09:48:19,117.45,2878368
2021-06-18 09:48:20,117.4,2879115
2021-06-18 09:48:20,117.4,2879167
2021-06-18 09:48:22,117.35,2880372
2021-06-18 09:48:23,117.35,2880373
2021-06-18 09:48:24,117.35,2880473
2021-06-18 09:48:24,117.35,2880473
2021-06-18 09:48:26,117.35,2880523
2021-06-18 09:48:26,117.35,2880524
2021-06-18 09:48:27,117.3,2880534
2021-06-18 09:48:29,117.35,2880681
2021-06-18 09:48:30,117.3,2880685
2021-06-18 09:48:30,117.35,2880686
2021-06-18 09:48:31,117.35,2880787
2021-06-18 09:48:33,117.35,2880787
2021-06-18 09:48:34,117.35,2881819
2021-06-18 09:48:34,117.35,2881819
2021-06-18 09:48:36,117.35,2881819
2021-06-18 09:48:37,117.35,2882045
2021-06-18 09:48:38,117.4,2882109
2021-06-18 09:48:38,117.35,2882661
2021-06-18 09:48:39,117.35,2882661
2021-06-18 09:48:40,117.35,2883661
2021-06-18 09:48:42,117.35,2884042
2021-06-18 09:48:43,117.35,2884042
2021-06-18 09:48:44,117.35,2884042
2021-06-18 09:48:45,117.35,2884909
2021-06-18 09:48:46,117.35,2884909
2021-06-18 09:48:47,117.35,2889919
2021-06-18 09:48:47,117.4,2889938
2021-06-18 09:48:49,117.4,2890579
2021-06-18 09:48:50,117.4,2900401
2021-06-18 09:48:51,117.45,2900582
2021-06-18 09:48:52,117.45,2900582
2021-06-18 09:48:53,117.4,2900610
2021-06-18 09:48:53,117.4,2900610
2021-06-18 09:48:55,117.4,2901815
2021-06-18 09:48:56,117.4,2901817
2021-06-18 09:48:58,117.4,2905337
2021-06-18 09:48:59,117.45,2906375
2021-06-18 09:48:59,117.45,2906375
2021-06-18 09:49:01,117.35,2908375
2021-06-18 09:49:01,117.35,2908375
2021-06-18 09:49:02,117.4,2908458
2021-06-18 09:49:04,117.35,2909058
2021-06-18 09:49:05,117.35,2916174
2021-06-18 09:49:05,117.25,2936174
2021-06-18 09:49:06,117.25,2936374
2021-06-18 09:49:08,117.25,2942657
2021-06-18 09:49:09,117.3,2942658
2021-06-18 09:49:10,117.3,2942743
2021-06-18 09:49:12,117.3,2942790
2021-06-18 09:49:13,117.25,2942800
2021-06-18 09:49:14,117.3,2943248
2021-06-18 09:49:14,117.3,2943248
2021-06-18 09:49:15,117.3,2946154
2021-06-18 09:49:16,117.3,2946582
2021-06-18 09:49:17,117.3,2947259
2021-06-18 09:49:19,117.3,2947264
2021-06-18 09:49:20,117.25,2947269
2021-06-18 09:49:21,117.3,2948332
2021-06-18 09:49:22,117.3,2948332
2021-06-18 09:49:23,117.2,2948555
2021-06-18 09:49:24,117.25,2948575
2021-06-18 09:49:25,117.25,2948579
2021-06-18 09:49:26,117.2,2949579
2021-06-18 09:49:27,117.2,2949579
2021-06-18 09:49:28,117.2,2949901
2021-06-18 09:49:30,117.2,2949901
2021-06-18 09:49:34,117.25,2950678
2021-06-18 09:49:35,117.25,2951007
2021-06-18 09:49:36,117.25,2951089
2021-06-18 09:49:37,117.25,2951180
2021-06-18 09:49:38,117.2,2952180
2021-06-18 09:49:39,117.2,2952180
2021-06-18 09:49:40,117.25,2956872
2021-06-18 09:49:41,117.3,2957170
2021-06-18 09:49:43,117.2,2957263
2021-06-18 09:49:42,117.2,2957262
2021-06-18 09:49:44,117.3,2957927
2021-06-18 09:49:45,117.3,2958435
2021-06-18 09:49:46,117.3,2958435
2021-06-18 09:49:47,117.3,2958435
2021-06-18 09:49:48,117.3,2958435
2021-06-18 09:49:49,117.3,2958435
2021-06-18 09:49:50,117.25,2960335
2021-06-18 09:49:51,117.3,2961014
2021-06-18 09:49:52,117.3,2961014
2021-06-18 09:49:53,117.3,2961014
2021-06-18 09:49:54,117.25,2961522
2021-06-18 09:49:55,117.25,2961525
2021-06-18 09:49:56,117.25,2961525
2021-06-18 09:49:57,117.25,2961525
2021-06-18 09:49:58,117.25,2961525
2021-06-18 09:49:59,117.25,2961525
2021-06-18 09:50:00,117.2,2961564
2021-06-18 09:50:01,117.2,2961564
2021-06-18 09:50:02,117.25,2961565
2021-06-18 09:50:03,117.25,2961566
2021-06-18 09:50:04,117.2,2961904
2021-06-18 09:50:05,117.2,2962022
2021-06-18 09:50:06,117.2,2962222
2021-06-18 09:50:07,117.2,2962222
2021-06-18 09:50:08,117.2,2962224
2021-06-18 09:50:09,117.25,2962241
2021-06-18 09:50:10,117.2,2962291
2021-06-18 09:50:11,117.2,2962300
2021-06-18 09:50:12,117.2,2962300
2021-06-18 09:50:13,117.2,2962438
2021-06-18 09:50:14,117.2,2962438
2021-06-18 09:50:15,117.25,2962509
2021-06-18 09:50:16,117.25,2962509
2021-06-18 09:50:17,117.25,2962609
2021-06-18 09:50:18,117.2,2962611
2021-06-18 09:50:19,117.15,2978761
2021-06-18 09:50:20,117.1,2981193
2021-06-18 09:50:21,117.05,2990143
2021-06-18 09:50:22,117.0,2991855
2021-06-18 09:50:23,117.0,2991855
2021-06-18 09:50:24,117.0,2992887
2021-06-18 09:50:25,117.0,2992887
2021-06-18 09:50:26,117.0,2992887
2021-06-18 09:50:27,117.05,2994047
2021-06-18 09:50:28,117.05,2994047
2021-06-18 09:50:29,117.05,2994545
2021-06-18 09:50:30,117.0,2994632
2021-06-18 09:50:31,116.9,3010194
2021-06-18 09:50:32,117.05,3010756
2021-06-18 09:50:33,116.95,3010810
2021-06-18 09:50:35,117.05,3011123
2021-06-18 09:50:36,117.0,3011241
2021-06-18 09:50:37,117.0,3011356
2021-06-18 09:50:38,117.05,3011439
2021-06-18 09:50:40,117.0,3011881
2021-06-18 09:50:39,117.0,3011621
2021-06-18 09:50:41,117.0,3012398
2021-06-18 09:50:42,117.05,3012481
2021-06-18 09:50:43,117.05,3012536
2021-06-18 09:50:44,117.05,3014268
2021-06-18 09:50:45,117.05,3014268
2021-06-18 09:50:46,117.1,3014400
2021-06-18 09:50:47,117.1,3014400
2021-06-18 09:50:48,117.05,3014755
2021-06-18 09:50:50,117.0,3022755
2021-06-18 09:50:51,117.0,3022755
2021-06-18 09:50:53,117.1,3023010
2021-06-18 09:50:54,117.1,3023039
2021-06-18 09:50:55,117.05,3023339
2021-06-18 09:50:56,117.05,3023530
2021-06-18 09:50:57,117.05,3023931
2021-06-18 09:50:58,117.05,3023961
2021-06-18 09:50:59,117.1,3023981
2021-06-18 09:51:00,117.05,3025738
2021-06-18 09:51:01,117.05,3025749
2021-06-18 09:51:02,117.1,3025804
2021-06-18 09:51:03,117.05,3029004
2021-06-18 09:51:04,117.25,3098585
2021-06-18 09:51:05,117.25,3098655
2021-06-18 09:51:06,117.25,3101212
2021-06-18 09:51:07,117.2,3108094
2021-06-18 09:51:08,117.2,3108219
2021-06-18 09:51:09,117.2,3108219
2021-06-18 09:51:10,117.3,3108302
2021-06-18 09:51:11,117.3,3108302
2021-06-18 09:51:12,117.25,3108307
2021-06-18 09:51:13,117.2,3116747
2021-06-18 09:51:14,117.25,3116754
2021-06-18 09:51:15,117.25,3116854
2021-06-18 09:51:16,117.25,3116854
2021-06-18 09:51:17,117.2,3116861
2021-06-18 09:51:18,117.25,3116866
2021-06-18 09:51:19,117.2,3119593
2021-06-18 09:51:20,117.25,3124676
2021-06-18 09:51:22,117.2,3126823
2021-06-18 09:51:23,117.2,3126827
2021-06-18 09:51:24,117.25,3126877
2021-06-18 09:51:25,117.25,3126877
2021-06-18 09:51:26,117.2,3126967
2021-06-18 09:51:27,117.2,3128609
2021-06-18 09:51:28,117.2,3128609
2021-06-18 09:51:29,117.2,3128609
2021-06-18 09:51:31,117.15,3128759
2021-06-18 09:51:32,117.2,3129059
2021-06-18 09:51:33,117.1,3129093
2021-06-18 09:51:34,117.1,3129153
2021-06-18 09:51:34,117.1,3129153
2021-06-18 09:51:35,117.2,3129163
2021-06-18 09:51:37,117.1,3129164
2021-06-18 09:51:37,117.1,3129164
2021-06-18 09:51:38,117.1,3129164
2021-06-18 09:51:39,117.1,3129164
2021-06-18 09:51:40,117.1,3129178
2021-06-18 09:51:41,117.1,3129178
2021-06-18 09:51:42,117.2,3139178
2021-06-18 09:51:43,117.05,3144281
2021-06-18 09:51:44,117.0,3146244
2021-06-18 09:51:45,117.4,3257173
2021-06-18 09:51:46,117.6,3295651
2021-06-18 09:51:47,117.7,3317065
2021-06-18 09:51:48,117.9,3368973
2021-06-18 09:51:49,118.0,3409422
2021-06-18 09:51:50,118.0,3464074
2021-06-18 09:51:51,117.95,3478083
2021-06-18 09:51:52,118.1,3508531
2021-06-18 09:51:53,117.95,3572472
2021-06-18 09:51:54,117.8,3611387
2021-06-18 09:51:55,117.75,3611447
2021-06-18 09:51:56,117.75,3616384
2021-06-18 09:51:57,117.7,3627154
2021-06-18 09:51:58,117.65,3633296
2021-06-18 09:51:59,117.65,3642198
2021-06-18 09:52:01,117.65,3653312
2021-06-18 09:52:02,117.65,3671798
2021-06-18 09:52:03,117.7,3676118
2021-06-18 09:52:03,117.65,3686258
2021-06-18 09:52:04,117.65,3702673
2021-06-18 09:52:05,117.65,3705276
2021-06-18 09:52:07,117.4,3738889
2021-06-18 09:52:07,117.55,3744293
2021-06-18 09:52:08,117.5,3747184
2021-06-18 09:52:09,117.55,3759211
2021-06-18 09:52:11,117.55,3770774
2021-06-18 09:52:11,117.5,3771257
2021-06-18 09:52:13,117.4,3810395
2021-06-18 09:52:13,117.45,3810620
2021-06-18 09:52:14,117.45,3820474
2021-06-18 09:52:15,117.5,3823146
2021-06-18 09:52:17,117.5,3835253
2021-06-18 09:52:17,117.5,3850092
2021-06-18 09:52:18,117.45,3851883
2021-06-18 09:52:19,117.45,3866597
2021-06-18 09:52:21,117.4,3867296
2021-06-18 09:52:22,117.35,3870136
2021-06-18 09:52:22,117.35,3870286
2021-06-18 09:52:23,117.4,3872721
2021-06-18 09:52:24,117.4,3878220
2021-06-18 09:52:25,117.4,3880048
2021-06-18 09:52:27,117.4,3892473
2021-06-18 09:52:28,117.25,3914037
2021-06-18 09:52:29,117.4,3920554
2021-06-18 09:52:31,117.35,3930847
2021-06-18 09:52:31,117.35,3930852
2021-06-18 09:52:32,117.3,3946873
2021-06-18 09:52:33,117.25,3948605
2021-06-18 09:52:34,117.3,3949451
2021-06-18 09:52:35,117.25,3955234
2021-06-18 09:52:36,117.25,3956517
2021-06-18 09:52:37,117.3,3968268
2021-06-18 09:52:38,117.3,3969573
2021-06-18 09:52:40,117.3,3978741
2021-06-18 09:52:41,117.3,3980217
2021-06-18 09:52:42,117.3,3990937
2021-06-18 09:52:43,117.25,3998354
2021-06-18 09:52:44,117.25,4000752
2021-06-18 09:52:45,117.3,4004501
2021-06-18 09:52:46,117.25,4005202
2021-06-18 09:52:47,117.3,4015592
2021-06-18 09:52:48,117.3,4019433
2021-06-18 09:52:48,117.3,4022603
2021-06-18 09:52:49,117.35,4026584
2021-06-18 09:52:50,117.3,4033183
2021-06-18 09:52:51,117.2,4058563
2021-06-18 09:52:52,117.2,4061817
2021-06-18 09:52:53,117.2,4063535
2021-06-18 09:52:55,117.1,4066647
2021-06-18 09:52:56,117.15,4068340
2021-06-18 09:52:57,117.15,4069609
2021-06-18 09:52:57,117.1,4071254
2021-06-18 09:52:58,117.15,4073097
2021-06-18 09:52:59,117.15,4075514
2021-06-18 09:53:01,117.1,4079097
2021-06-18 09:53:01,117.2,4080522
2021-06-18 09:53:03,117.25,4099912
2021-06-18 09:53:04,117.25,4099982
2021-06-18 09:53:05,117.25,4105396
2021-06-18 09:53:06,117.25,4106102
2021-06-18 09:53:07,117.2,4108774
2021-06-18 09:53:08,117.2,4111446
2021-06-18 09:53:09,117.2,4113047
2021-06-18 09:53:10,117.2,4116090
2021-06-18 09:53:11,117.15,4116611
2021-06-18 09:53:13,117.2,4144862
2021-06-18 09:53:13,117.15,4145087
2021-06-18 09:53:14,117.15,4148475
2021-06-18 09:53:15,117.1,4183208
2021-06-18 09:53:16,117.15,4205295
2021-06-18 09:53:17,117.15,4206907
2021-06-18 09:53:18,117.1,4208958
2021-06-18 09:53:19,117.15,4211844
2021-06-18 09:53:20,117.15,4213894
2021-06-18 09:53:21,117.15,4214295
2021-06-18 09:53:22,117.15,4339320
2021-06-18 09:53:23,117.15,4339321
2021-06-18 09:53:24,117.1,4342519
2021-06-18 09:53:25,117.3,4419404
2021-06-18 09:53:26,117.35,4425493
2021-06-18 09:53:27,117.3,4426860
2021-06-18 09:53:28,117.25,4436669
2021-06-18 09:53:29,117.3,4437009
2021-06-18 09:53:30,117.3,4437711
2021-06-18 09:53:31,117.25,4439049
2021-06-18 09:53:33,117.3,4440074
2021-06-18 09:53:34,117.3,4442886
2021-06-18 09:53:35,117.3,4444031
2021-06-18 09:53:36,117.3,4445972
2021-06-18 09:53:37,117.2,4446472
2021-06-18 09:53:38,117.2,4456057
2021-06-18 09:53:39,117.2,4456365
2021-06-18 09:53:40,117.25,4458695
2021-06-18 09:53:42,117.25,4468994
2021-06-18 09:53:44,117.3,4475344
2021-06-18 09:53:45,117.25,4475513
2021-06-18 09:53:46,117.2,4482169
2021-06-18 09:53:47,117.2,4482179
2021-06-18 09:53:48,117.2,4482889
2021-06-18 09:53:48,117.2,4483391
2021-06-18 09:53:49,117.1,4485734
2021-06-18 09:53:51,117.2,4491888
2021-06-18 09:53:52,117.2,4492088
2021-06-18 09:53:53,117.15,4492688
2021-06-18 09:53:53,117.15,4493369
2021-06-18 09:53:54,117.25,4497592
2021-06-18 09:53:55,117.15,4502987
2021-06-18 09:53:56,117.2,4507938
2021-06-18 09:53:57,117.0,4563494
2021-06-18 09:53:58,117.0,4564147
2021-06-18 09:53:59,117.05,4564641
2021-06-18 09:54:00,117.05,4600601
2021-06-18 09:54:01,117.0,4601459
2021-06-18 09:54:02,117.0,4610257
2021-06-18 09:54:03,116.9,4611177
2021-06-18 09:54:04,116.95,4612439
2021-06-18 09:54:05,116.9,4630174
2021-06-18 09:54:06,116.8,4630831
2021-06-18 09:54:07,116.9,4632693
2021-06-18 09:54:08,116.9,4633137
2021-06-18 09:54:09,116.9,4633697
2021-06-18 09:54:10,116.8,4634346
2021-06-18 09:54:12,116.8,4638477
2021-06-18 09:54:12,116.9,4639742
2021-06-18 09:54:13,116.85,4641324
2021-06-18 09:54:14,116.9,4651625
2021-06-18 09:54:16,116.9,4703208
2021-06-18 09:54:17,116.9,4704659
2021-06-18 09:54:18,116.9,4704868
2021-06-18 09:54:18,116.85,4706373
2021-06-18 09:54:20,116.85,4709644
2021-06-18 09:54:21,116.9,4709994
2021-06-18 09:54:22,116.9,4718330
2021-06-18 09:54:22,116.9,4718330
2021-06-18 09:54:23,116.9,4720345
2021-06-18 09:54:24,116.85,4724780
2021-06-18 09:54:25,116.9,4725017
2021-06-18 09:54:26,116.9,4725817
2021-06-18 09:54:27,116.85,4754426
2021-06-18 09:54:28,116.9,4755826
2021-06-18 09:54:29,116.85,4757025
2021-06-18 09:54:30,116.9,4758129
2021-06-18 09:54:31,116.9,4758617
2021-06-18 09:54:32,116.9,4759128
2021-06-18 09:54:33,116.9,4760302
2021-06-18 09:54:34,116.9,4774671
2021-06-18 09:54:35,116.95,4774772
2021-06-18 09:54:36,116.9,4776635
2021-06-18 09:54:37,116.85,4776660
2021-06-18 09:54:38,116.9,4776676
2021-06-18 09:54:39,116.9,4776916
2021-06-18 09:54:40,116.9,4778263
2021-06-18 09:54:41,116.9,4779307
2021-06-18 09:54:42,116.85,4782061
2021-06-18 09:54:44,116.95,4788172
2021-06-18 09:54:44,116.95,4792306
2021-06-18 09:54:45,117.0,4792646
2021-06-18 09:54:46,116.95,4792969
2021-06-18 09:54:48,117.0,4793728
2021-06-18 09:54:49,116.9,4795634
2021-06-18 09:54:53,117.0,4812629
2021-06-18 09:54:53,117.0,4812629
2021-06-18 09:54:54,117.05,4818535
2021-06-18 09:54:55,116.95,4824668
2021-06-18 09:54:56,117.0,4826775
2021-06-18 09:54:57,117.0,4826995
2021-06-18 09:54:58,117.0,4827196
2021-06-18 09:54:59,116.95,4827456
2021-06-18 09:55:00,117.0,4828771
2021-06-18 09:55:02,116.95,4829993
2021-06-18 09:55:02,116.95,4830502
2021-06-18 09:55:03,116.95,4830932
2021-06-18 09:55:04,117.0,4830933
2021-06-18 09:55:05,116.95,4832728
2021-06-18 09:55:07,116.9,4837920
2021-06-18 09:55:09,116.9,4838145
2021-06-18 09:55:09,116.9,4846401
2021-06-18 09:55:10,116.85,4848381
2021-06-18 09:55:11,116.9,4849854
2021-06-18 09:55:12,116.9,4864146
2021-06-18 09:55:14,116.9,4870509
2021-06-18 09:55:13,116.95,4867583
2021-06-18 09:55:15,116.8,4873160
2021-06-18 09:55:16,116.9,4875062
2021-06-18 09:55:17,116.8,4890898
2021-06-18 09:55:18,116.8,4896466
2021-06-18 09:55:19,116.9,4896857
2021-06-18 09:55:20,116.8,4905503
2021-06-18 09:55:21,116.85,4906303
2021-06-18 09:55:22,116.8,4906353
2021-06-18 09:55:23,116.8,4906503
2021-06-18 09:55:25,116.75,4923140
2021-06-18 09:55:26,116.75,4924186
2021-06-18 09:55:29,116.75,4931858
2021-06-18 09:55:29,116.65,4932558
2021-06-18 09:55:30,116.75,4939821
2021-06-18 09:55:31,116.7,4954791
2021-06-18 09:55:33,116.7,4956354
2021-06-18 09:55:34,116.7,4961040
2021-06-18 09:55:35,116.7,4961711
2021-06-18 09:55:36,116.7,4966180
2021-06-18 09:55:37,116.6,4976669
2021-06-18 09:55:38,116.6,4977269
2021-06-18 09:55:38,116.6,4978157
2021-06-18 09:55:39,116.7,4978472
2021-06-18 09:55:40,116.7,4978807
2021-06-18 09:55:41,116.55,4979205
2021-06-18 09:55:42,116.55,4979555
2021-06-18 09:55:43,116.55,4983913
2021-06-18 09:55:44,116.6,4984914
2021-06-18 09:55:45,116.55,4985164
2021-06-18 09:55:46,116.55,4988095
2021-06-18 09:55:47,116.55,4988790
2021-06-18 09:55:48,116.55,4989467
2021-06-18 09:55:49,116.55,4989874
2021-06-18 09:55:52,116.55,4992550
2021-06-18 09:55:53,116.55,4992940
2021-06-18 09:55:54,116.55,4993040
2021-06-18 09:55:56,116.6,4996122
2021-06-18 09:55:57,116.55,5024369
2021-06-18 09:55:58,116.55,5024479
2021-06-18 09:56:00,116.55,5025879
2021-06-18 09:56:01,116.5,5035654
2021-06-18 09:56:03,116.55,5037798
2021-06-18 09:56:04,116.55,5038135
2021-06-18 09:56:05,116.55,5039685
2021-06-18 09:56:06,116.55,5042006
2021-06-18 09:56:07,116.5,5043111
2021-06-18 09:56:08,116.5,5046424
2021-06-18 09:56:09,116.45,5058358
2021-06-18 09:56:10,116.45,5060187
2021-06-18 09:56:11,116.45,5060387
2021-06-18 09:56:13,116.5,5061557
2021-06-18 09:56:14,116.45,5061965
2021-06-18 09:56:16,116.5,5071448
2021-06-18 09:56:17,116.45,5074299
2021-06-18 09:56:18,116.45,5076266
2021-06-18 09:56:19,116.5,5076476
2021-06-18 09:56:20,116.5,5076546
2021-06-18 09:56:21,116.35,5099685
2021-06-18 09:56:22,116.45,5099848
2021-06-18 09:56:23,116.4,5100451
2021-06-18 09:56:24,116.45,5118748
2021-06-18 09:56:26,116.3,5126393
2021-06-18 09:56:27,116.4,5126454
2021-06-18 09:56:28,116.35,5141933
2021-06-18 09:56:29,116.4,5142841
2021-06-18 09:56:32,116.45,5143737
2021-06-18 09:56:34,116.4,5144813
2021-06-18 09:56:34,116.35,5150624
2021-06-18 09:56:35,116.45,5168440
2021-06-18 09:56:37,116.4,5296846
2021-06-18 09:56:38,116.35,5302546
2021-06-18 09:56:39,116.5,5303446
2021-06-18 09:56:40,116.5,5306066
2021-06-18 09:56:41,116.45,5311836
2021-06-18 09:56:42,116.45,5312787
2021-06-18 09:56:43,116.4,5313763
2021-06-18 09:56:44,116.5,5314023
2021-06-18 09:56:45,116.4,5314293
2021-06-18 09:56:46,116.5,5314298
2021-06-18 09:56:47,116.5,5314448
2021-06-18 09:56:48,116.5,5314448
2021-06-18 09:56:49,116.5,5314569
2021-06-18 09:56:50,116.45,5314579
2021-06-18 09:56:51,116.45,5317079
2021-06-18 09:56:52,116.4,5317187
2021-06-18 09:56:53,116.4,5317187
2021-06-18 09:56:53,116.45,5318057
2021-06-18 09:56:55,116.5,5350158
2021-06-18 09:56:56,116.55,5351891
2021-06-18 09:56:56,116.55,5351893
2021-06-18 09:56:58,116.5,5351999
2021-06-18 09:56:59,116.45,5353281
2021-06-18 09:57:00,116.45,5353281
2021-06-18 09:57:01,116.5,5353431
2021-06-18 09:57:02,116.45,5371992
2021-06-18 09:57:03,116.35,5390091
2021-06-18 09:57:04,116.4,5391115
2021-06-18 09:57:05,116.3,5405156
2021-06-18 09:57:06,116.35,5408276
2021-06-18 09:57:07,116.25,5417224
2021-06-18 09:57:08,116.3,5417229
2021-06-18 09:57:09,116.25,5417429
2021-06-18 09:57:10,116.2,5423682
2021-06-18 09:57:11,116.25,5424185
2021-06-18 09:57:12,116.15,5436505
2021-06-18 09:57:13,116.3,5440655
2021-06-18 09:57:14,116.25,5440800
2021-06-18 09:57:15,116.2,5442039
2021-06-18 09:57:16,116.2,5442040
2021-06-18 09:57:17,116.2,5443041
2021-06-18 09:57:18,116.25,5443188
2021-06-18 09:57:19,116.25,5445932
2021-06-18 09:57:20,116.3,5448275
2021-06-18 09:57:21,116.2,5449487
2021-06-18 09:57:22,116.3,5449587
2021-06-18 09:57:23,116.3,5453105
2021-06-18 09:57:24,116.25,5453205
2021-06-18 09:57:25,116.3,5454305
2021-06-18 09:57:26,116.2,5455305
2021-06-18 09:57:27,116.2,5457605
2021-06-18 09:57:28,116.2,5457645
2021-06-18 09:57:28,116.1,5513619
2021-06-18 09:57:29,116.2,5514955
2021-06-18 09:57:31,116.15,5518116
2021-06-18 09:57:32,116.15,5519854
2021-06-18 09:57:33,116.15,5520404
2021-06-18 09:57:34,116.15,5523374
2021-06-18 09:57:35,116.1,5523577
2021-06-18 09:57:36,116.1,5565761
2021-06-18 09:57:37,116.0,5618828
2021-06-18 09:57:38,116.05,5620001
2021-06-18 09:57:39,116.05,5620225
2021-06-18 09:57:40,116.1,5640733
2021-06-18 09:57:41,116.05,5658932
2021-06-18 09:57:42,116.05,5658967
2021-06-18 09:57:43,116.0,5659285
2021-06-18 09:57:44,116.0,5660879
2021-06-18 09:57:44,116.0,5660879
2021-06-18 09:57:45,116.1,5665954
2021-06-18 09:57:46,116.1,5668000
2021-06-18 09:57:48,116.1,5670309
2021-06-18 09:57:49,116.05,5670463
2021-06-18 09:57:50,116.15,5673540
2021-06-18 09:57:50,116.15,5673540
2021-06-18 09:57:51,116.15,5673540
2021-06-18 09:57:53,116.15,5673741
2021-06-18 09:57:54,116.1,5677035
2021-06-18 09:57:55,116.1,5688140
2021-06-18 09:57:56,116.05,5688251
2021-06-18 09:57:57,116.15,5688401
2021-06-18 09:57:58,116.05,5688421
2021-06-18 09:57:59,116.1,5689422
2021-06-18 09:58:00,116.2,5690778
2021-06-18 09:58:00,116.2,5693297
2021-06-18 09:58:02,116.3,5704894
2021-06-18 09:58:03,116.15,5716453
2021-06-18 09:58:04,116.15,5720515
2021-06-18 09:58:05,116.1,5721168
2021-06-18 09:58:06,116.2,5723353
2021-06-18 09:58:07,116.25,5730703
2021-06-18 09:58:08,116.25,5730704
2021-06-18 09:58:09,116.25,5731395
2021-06-18 09:58:10,116.3,5731574
2021-06-18 09:58:11,116.25,5731762
2021-06-18 09:58:12,116.3,5734661
2021-06-18 09:58:13,116.35,5734876
2021-06-18 09:58:14,116.35,5735173
2021-06-18 09:58:15,116.3,5735423
2021-06-18 09:58:16,116.35,5735433
2021-06-18 09:58:17,116.35,5735733
2021-06-18 09:58:18,116.3,5739649
2021-06-18 09:58:19,116.35,5741416
2021-06-18 09:58:20,116.35,5741416
2021-06-18 09:58:21,116.45,5743332
2021-06-18 09:58:22,116.4,5743410
2021-06-18 09:58:23,116.45,5743411
2021-06-18 09:58:24,116.4,5743481
2021-06-18 09:58:25,116.45,5743482
2021-06-18 09:58:26,116.45,5747797
2021-06-18 09:58:27,116.45,5750595
2021-06-18 09:58:28,116.4,5751012
2021-06-18 09:58:29,116.45,5752541
2021-06-18 09:58:30,116.5,5753011
2021-06-18 09:58:31,116.5,5767259
2021-06-18 09:58:32,116.55,5768460
2021-06-18 09:58:33,116.55,5768460
2021-06-18 09:58:34,116.55,5773628
2021-06-18 09:58:35,116.5,5773630
2021-06-18 09:58:36,116.5,5776759
2021-06-18 09:58:37,116.55,5778186
2021-06-18 09:58:38,116.45,5782780
2021-06-18 09:58:39,116.4,5786596
2021-06-18 09:58:40,116.25,5791279
2021-06-18 09:58:41,116.25,5793422
2021-06-18 09:58:42,116.15,5796315
2021-06-18 09:58:43,116.2,5805164
2021-06-18 09:58:44,116.2,5805292
2021-06-18 09:58:45,116.25,5805312
2021-06-18 09:58:46,116.25,5805322
2021-06-18 09:58:46,116.25,5805422
2021-06-18 09:58:48,116.25,5805942
2021-06-18 09:58:49,116.25,5814176
2021-06-18 09:58:50,116.2,5817678
2021-06-18 09:58:51,116.2,5817678
2021-06-18 09:58:52,116.2,5817678
2021-06-18 09:58:53,116.3,5820083
2021-06-18 09:58:54,116.35,5821229
2021-06-18 09:58:55,116.35,5823484
2021-06-18 09:58:56,116.3,5824216
2021-06-18 09:58:57,116.25,5837527
2021-06-18 09:58:58,116.25,5837777
2021-06-18 09:58:59,116.3,5837792
2021-06-18 09:59:00,116.25,5837911
2021-06-18 09:59:01,116.25,5837911
2021-06-18 09:59:02,116.25,5838000
2021-06-18 09:59:03,116.3,5841489
2021-06-18 09:59:04,116.4,5841531
2021-06-18 09:59:05,116.3,5843097
2021-06-18 09:59:06,116.25,5843297
2021-06-18 09:59:07,116.25,5843297
2021-06-18 09:59:08,116.4,5843397
2021-06-18 09:59:09,116.4,5843397
2021-06-18 09:59:10,116.4,5843549
2021-06-18 09:59:11,116.4,5843549
2021-06-18 09:59:12,116.4,5843549
2021-06-18 09:59:13,116.4,5844949
2021-06-18 09:59:14,116.3,5845726
2021-06-18 09:59:15,116.3,5847307
2021-06-18 09:59:16,116.4,5847312
2021-06-18 09:59:17,116.4,5847312
2021-06-18 09:59:18,116.3,5847321
2021-06-18 09:59:19,116.3,5847321
2021-06-18 09:59:20,116.3,5848584
2021-06-18 09:59:21,116.3,5848584
2021-06-18 09:59:22,116.35,5853684
2021-06-18 09:59:24,116.25,5855621
2021-06-18 09:59:25,116.25,5866921
2021-06-18 09:59:26,116.25,5868421
2021-06-18 09:59:27,116.2,5869508
2021-06-18 09:59:28,116.25,5869535
2021-06-18 09:59:29,116.25,5870978
2021-06-18 09:59:30,116.25,5871481
2021-06-18 09:59:31,116.25,5872541
2021-06-18 09:59:32,116.25,5872841
2021-06-18 09:59:32,116.25,5872841
2021-06-18 09:59:34,116.25,5873141
2021-06-18 09:59:35,116.35,5873152
2021-06-18 09:59:36,116.35,5873152
2021-06-18 09:59:37,116.25,5873252
2021-06-18 09:59:38,116.25,5873415
2021-06-18 09:59:39,116.25,5873417
2021-06-18 09:59:40,116.3,5873918
2021-06-18 09:59:41,116.35,5876165
2021-06-18 09:59:42,116.25,5876269
2021-06-18 09:59:43,116.25,5876269
2021-06-18 09:59:44,116.3,5876270
2021-06-18 09:59:45,116.3,5876270
2021-06-18 09:59:46,116.25,5876480
2021-06-18 09:59:47,116.3,5876485
2021-06-18 09:59:48,116.3,5876531
2021-06-18 09:59:49,116.25,5877656
2021-06-18 09:59:50,116.3,5882994
2021-06-18 09:59:51,116.3,5883075
2021-06-18 09:59:52,116.3,5884292
2021-06-18 09:59:53,116.25,5884316
2021-06-18 09:59:54,116.3,5885949
2021-06-18 09:59:56,116.3,5886306
2021-06-18 09:59:57,116.25,5889802
2021-06-18 09:59:58,116.2,5890112
2021-06-18 09:59:59,116.2,5890732
2021-06-18 10:00:00,116.2,5899466
2021-06-18 10:00:01,116.2,5899903
2021-06-18 10:00:02,116.3,5899920
2021-06-18 10:00:03,116.1,5907222
2021-06-18 10:00:04,116.1,5907222
2021-06-18 10:00:05,116.15,5910846
2021-06-18 10:00:06,116.1,5911871
2021-06-18 10:00:07,116.15,5916346
2021-06-18 10:00:08,116.15,5916346
2021-06-18 10:00:09,116.15,5916896
2021-06-18 10:00:10,116.1,5919514
2021-06-18 10:00:12,116.0,5927722
2021-06-18 10:00:13,116.1,5927748
2021-06-18 10:00:14,116.05,5932860
2021-06-18 10:00:15,115.95,5954829
2021-06-18 10:00:16,115.9,5956256
2021-06-18 10:00:17,115.9,5956579
2021-06-18 10:00:18,116.0,5957287
2021-06-18 10:00:19,115.9,5957960
2021-06-18 10:00:21,116.05,5963592
2021-06-18 10:00:22,116.0,5964677
2021-06-18 10:00:23,115.9,5973510
2021-06-18 10:00:24,115.9,5974245
2021-06-18 10:00:25,115.9,5974766
2021-06-18 10:00:26,115.85,5983489
2021-06-18 10:00:27,115.9,5985289
2021-06-18 10:00:28,115.9,5985849
2021-06-18 10:00:29,115.9,5985862
2021-06-18 10:00:30,115.8,5986170
2021-06-18 10:00:31,115.85,5986331
2021-06-18 10:00:32,115.85,5987315
2021-06-18 10:00:33,115.85,5988496
2021-06-18 10:00:34,115.85,5988578
2021-06-18 10:00:35,115.8,5996510
2021-06-18 10:00:36,115.8,5996710
2021-06-18 10:00:37,115.85,5997904
2021-06-18 10:00:38,115.85,5998804
2021-06-18 10:00:39,115.8,6010104
2021-06-18 10:00:40,115.85,6010485
2021-06-18 10:00:41,115.85,6011427
2021-06-18 10:00:42,115.85,6011427
2021-06-18 10:00:43,115.9,6012552
2021-06-18 10:00:44,115.75,6018254
2021-06-18 10:00:45,115.9,6018454
2021-06-18 10:00:46,115.85,6018552
2021-06-18 10:00:47,115.85,6023053
2021-06-18 10:00:48,115.85,6023059
2021-06-18 10:00:49,115.85,6023140
2021-06-18 10:00:50,115.8,6024526
2021-06-18 10:00:51,115.8,6025231
2021-06-18 10:00:52,115.85,6031393
2021-06-18 10:00:53,115.75,6031746
2021-06-18 10:00:54,115.75,6031746
2021-06-18 10:00:55,115.85,6031796
2021-06-18 10:00:56,115.9,6032410
2021-06-18 10:00:57,115.9,6032410
2021-06-18 10:00:58,115.9,6032410
2021-06-18 10:00:59,115.85,6032411
2021-06-18 10:01:00,115.8,6032861
2021-06-18 10:01:01,115.8,6032872
2021-06-18 10:01:02,115.8,6032872
2021-06-18 10:01:03,115.85,6033323
2021-06-18 10:01:04,115.85,6033323
2021-06-18 10:01:05,115.85,6033324
2021-06-18 10:01:06,115.75,6033837
2021-06-18 10:01:07,115.75,6034110
2021-06-18 10:01:08,115.8,6041375
2021-06-18 10:01:09,115.8,6041865
2021-06-18 10:01:10,115.85,6041946
2021-06-18 10:01:11,115.8,6045143
2021-06-18 10:01:12,115.85,6045253
2021-06-18 10:01:13,115.85,6045253
2021-06-18 10:01:14,115.85,6046412
2021-06-18 10:01:15,115.85,6050571
2021-06-18 10:01:16,115.85,6051030
2021-06-18 10:01:17,115.85,6051280
2021-06-18 10:01:18,115.9,6060189
2021-06-18 10:01:20,115.9,6060473
2021-06-18 10:01:21,115.85,6074560
2021-06-18 10:01:22,115.8,6075701
2021-06-18 10:01:24,115.8,6100393
2021-06-18 10:01:23,115.75,6098011
2021-06-18 10:01:25,115.8,6102239
2021-06-18 10:01:26,115.85,6102939
2021-06-18 10:01:27,115.85,6102939
2021-06-18 10:01:28,115.85,6102954
2021-06-18 10:01:29,115.75,6103169
2021-06-18 10:01:31,115.75,6116247
2021-06-18 10:01:32,115.6,6126101
2021-06-18 10:01:33,115.65,6128511
2021-06-18 10:01:34,115.65,6128511
2021-06-18 10:01:35,115.55,6129846
2021-06-18 10:01:36,115.6,6131213
2021-06-18 10:01:37,115.65,6131709
2021-06-18 10:01:38,115.7,6136342
2021-06-18 10:01:39,115.65,6139168
2021-06-18 10:01:40,115.65,6139288
2021-06-18 10:01:41,115.65,6140698
2021-06-18 10:01:42,115.85,6158105
2021-06-18 10:01:43,115.75,6160110
2021-06-18 10:01:44,115.85,6164127
2021-06-18 10:01:45,115.9,6165605
2021-06-18 10:01:46,115.95,6187300
2021-06-18 10:01:47,115.9,6187351
2021-06-18 10:01:48,115.9,6187376
2021-06-18 10:01:49,116.0,6189280
2021-06-18 10:01:50,115.95,6189281
2021-06-18 10:01:51,115.95,6189282
2021-06-18 10:01:52,115.95,6190888
2021-06-18 10:01:53,116.0,6190908
2021-06-18 10:01:54,115.95,6191373
2021-06-18 10:01:56,116.0,6191424
2021-06-18 10:01:57,115.75,6257036
2021-06-18 10:01:58,115.75,6258459
2021-06-18 10:01:59,115.8,6258673
2021-06-18 10:02:00,115.8,6258881
2021-06-18 10:02:01,115.85,6262176
2021-06-18 10:02:02,115.85,6262178
2021-06-18 10:02:03,115.85,6262178
2021-06-18 10:02:04,115.85,6262198
2021-06-18 10:02:06,115.85,6262611
2021-06-18 10:02:07,115.85,6262611
2021-06-18 10:02:08,115.85,6264533
2021-06-18 10:02:09,115.9,6268139
2021-06-18 10:02:10,115.95,6269192
2021-06-18 10:02:11,116.05,6287188
2021-06-18 10:02:12,116.1,6287249
2021-06-18 10:02:14,116.0,6292605
2021-06-18 10:02:15,116.0,6295258
2021-06-18 10:02:16,116.0,6295258
2021-06-18 10:02:18,116.1,6295264
2021-06-18 10:02:17,116.05,6295259
2021-06-18 10:02:19,116.05,6295446
2021-06-18 10:02:20,116.05,6295446
2021-06-18 10:02:21,116.05,6297287
2021-06-18 10:02:22,116.15,6298864
2021-06-18 10:02:23,116.15,6307112
2021-06-18 10:02:24,116.1,6309112
2021-06-18 10:02:25,116.1,6309112
2021-06-18 10:02:26,116.15,6324524
2021-06-18 10:02:27,116.25,6325302
2021-06-18 10:02:28,116.25,6325304
2021-06-18 10:02:29,116.25,6327331
2021-06-18 10:02:31,116.2,6327684
2021-06-18 10:02:31,116.25,6327701
2021-06-18 10:02:32,116.2,6327703
2021-06-18 10:02:34,116.2,6327735
2021-06-18 10:02:35,116.25,6327843
2021-06-18 10:02:37,116.25,6348623
2021-06-18 10:02:38,116.3,6353812
2021-06-18 10:02:39,116.4,6354822
2021-06-18 10:02:41,116.45,6359953
2021-06-18 10:02:42,116.45,6364052
2021-06-18 10:02:43,116.4,6365252
2021-06-18 10:02:44,116.4,6365435
2021-06-18 10:02:46,116.45,6365455
2021-06-18 10:02:46,116.45,6374350
2021-06-18 10:02:47,116.4,6374378
2021-06-18 10:02:48,116.45,6374936
2021-06-18 10:02:49,116.45,6375928
2021-06-18 10:02:51,116.4,6376043
2021-06-18 10:02:51,116.4,6376043
2021-06-18 10:02:52,116.45,6376058
2021-06-18 10:02:53,116.45,6376058
2021-06-18 10:02:54,116.45,6376093
2021-06-18 10:02:55,116.45,6376093
2021-06-18 10:02:56,116.4,6376448
2021-06-18 10:02:58,116.35,6378450
2021-06-18 10:02:59,116.35,6379186
2021-06-18 10:03:00,116.35,6379286
2021-06-18 10:03:02,116.4,6379501
2021-06-18 10:03:02,116.35,6379326
2021-06-18 10:03:03,116.4,6379501
2021-06-18 10:03:04,116.3,6379531
2021-06-18 10:03:06,116.35,6379556
2021-06-18 10:03:05,116.3,6379531
2021-06-18 10:03:08,116.35,6386177
2021-06-18 10:03:09,116.45,6386762
2021-06-18 10:03:10,116.4,6386763
2021-06-18 10:03:11,116.4,6386768
2021-06-18 10:03:12,116.4,6386768
2021-06-18 10:03:15,116.45,6386779
2021-06-18 10:03:16,116.45,6386779
2021-06-18 10:03:17,116.45,6386800
2021-06-18 10:03:18,116.4,6386804
2021-06-18 10:03:19,116.4,6387804
2021-06-18 10:03:20,116.4,6387835
2021-06-18 10:03:21,116.4,6390685
2021-06-18 10:03:22,116.4,6390685
2021-06-18 10:03:23,116.4,6390685
2021-06-18 10:03:24,116.4,6390710
2021-06-18 10:03:25,116.4,6390915
2021-06-18 10:03:26,116.4,6390915
2021-06-18 10:03:27,116.35,6393960
2021-06-18 10:03:29,116.35,6393960
2021-06-18 10:03:29,116.35,6393960
2021-06-18 10:03:30,116.4,6394102
2021-06-18 10:03:31,116.35,6394207
2021-06-18 10:03:32,116.4,6395335
2021-06-18 10:03:33,116.4,6395335
2021-06-18 10:03:34,116.4,6395335
2021-06-18 10:03:35,116.4,6395335
2021-06-18 10:03:36,116.4,6396335
2021-06-18 10:03:37,116.3,6396340
2021-06-18 10:03:39,116.4,6397508
2021-06-18 10:03:41,116.3,6398768
2021-06-18 10:03:41,116.3,6398768
2021-06-18 10:03:42,116.4,6398769
2021-06-18 10:03:43,116.35,6409336
2021-06-18 10:03:44,116.4,6411458
2021-06-18 10:03:45,116.4,6411458
2021-06-18 10:03:46,116.4,6411458
2021-06-18 10:03:47,116.45,6419317
2021-06-18 10:03:48,116.45,6419317
2021-06-18 10:03:50,116.4,6419514
2021-06-18 10:03:50,116.4,6419514
2021-06-18 10:03:51,116.4,6419596
2021-06-18 10:03:52,116.5,6420597
2021-06-18 10:03:53,116.4,6420697
2021-06-18 10:03:54,116.4,6421597
2021-06-18 10:03:55,116.45,6421800
2021-06-18 10:03:56,116.4,6422810
2021-06-18 10:03:57,116.4,6422875
2021-06-18 10:03:58,116.4,6422875
2021-06-18 10:04:00,116.45,6424875
2021-06-18 10:04:00,116.45,6425155
2021-06-18 10:04:01,116.45,6426165
2021-06-18 10:04:02,116.4,6427165
2021-06-18 10:04:03,116.5,6427557
2021-06-18 10:04:04,116.5,6427557
2021-06-18 10:04:05,116.45,6427568
2021-06-18 10:04:06,116.4,6427578
2021-06-18 10:04:08,116.5,6432586
2021-06-18 10:04:09,116.4,6434697
2021-06-18 10:04:09,116.4,6434697
2021-06-18 10:04:10,116.4,6434861
2021-06-18 10:04:11,116.45,6434911
2021-06-18 10:04:12,116.4,6434937
2021-06-18 10:04:13,116.45,6434956
2021-06-18 10:04:14,116.4,6434969
2021-06-18 10:04:15,116.4,6451527
2021-06-18 10:04:16,116.4,6451547
2021-06-18 10:04:17,116.3,6451703
2021-06-18 10:04:18,116.3,6451823
2021-06-18 10:04:19,116.4,6451974
2021-06-18 10:04:20,116.4,6451974
2021-06-18 10:04:21,116.4,6451975
2021-06-18 10:04:22,116.35,6452501
2021-06-18 10:04:23,116.35,6452501
2021-06-18 10:04:24,116.45,6469977
2021-06-18 10:04:25,116.4,6470182
2021-06-18 10:04:26,116.5,6505317
2021-06-18 10:04:28,116.55,6509227
2021-06-18 10:04:28,116.55,6509227
2021-06-18 10:04:29,116.5,6509479
2021-06-18 10:04:30,116.5,6511687
2021-06-18 10:04:31,116.45,6512938
2021-06-18 10:04:32,116.45,6512938
2021-06-18 10:04:33,116.45,6513031
2021-06-18 10:04:34,116.5,6514021
2021-06-18 10:04:36,116.55,6516951
2021-06-18 10:04:37,116.5,6517001
2021-06-18 10:04:38,116.5,6517002
2021-06-18 10:04:38,116.5,6517002
2021-06-18 10:04:39,116.5,6517864
2021-06-18 10:04:40,116.5,6518284
2021-06-18 10:04:41,116.5,6518394
2021-06-18 10:04:42,116.5,6518394
2021-06-18 10:04:43,116.45,6533059
2021-06-18 10:04:45,116.45,6533059
2021-06-18 10:04:45,116.45,6533059
2021-06-18 10:04:47,116.45,6533059
2021-06-18 10:04:48,116.3,6535599
2021-06-18 10:04:49,116.4,6536599
2021-06-18 10:04:49,116.4,6536599
2021-06-18 10:04:51,116.4,6537309
2021-06-18 10:04:52,116.3,6537858
2021-06-18 10:04:55,116.35,6539329
2021-06-18 10:04:55,116.35,6539331
2021-06-18 10:04:56,116.35,6539332
2021-06-18 10:04:57,116.35,6539332
2021-06-18 10:04:58,116.35,6539332
2021-06-18 10:04:59,116.35,6540232
2021-06-18 10:05:00,116.45,6540243
2021-06-18 10:05:01,116.35,6540299
2021-06-18 10:05:03,116.35,6540510
2021-06-18 10:05:04,116.35,6540515
2021-06-18 10:05:05,116.45,6542471
2021-06-18 10:05:06,116.45,6542471
2021-06-18 10:05:06,116.45,6542471
2021-06-18 10:05:07,116.5,6543576
2021-06-18 10:05:08,116.5,6544106
2021-06-18 10:05:09,116.45,6544206
2021-06-18 10:05:11,116.45,6544231
2021-06-18 10:05:12,116.5,6553361
2021-06-18 10:05:13,116.5,6560371
2021-06-18 10:05:14,116.5,6560371
2021-06-18 10:05:15,116.5,6560932
2021-06-18 10:05:15,116.5,6560932
2021-06-18 10:05:17,116.55,6565087
2021-06-18 10:05:17,116.4,6566985
2021-06-18 10:05:19,116.4,6566985
2021-06-18 10:05:20,116.4,6568136
2021-06-18 10:05:21,116.45,6568141
2021-06-18 10:05:22,116.45,6568441
2021-06-18 10:05:22,116.45,6568441
2021-06-18 10:05:24,116.4,6569214
2021-06-18 10:05:24,116.35,6569387
2021-06-18 10:05:26,116.3,6569668
2021-06-18 10:05:27,116.3,6569668
2021-06-18 10:05:27,116.3,6569668
2021-06-18 10:05:29,116.35,6569669
2021-06-18 10:05:29,116.3,6569699
2021-06-18 10:05:30,116.3,6569699
2021-06-18 10:05:32,116.3,6583698
2021-06-18 10:05:33,116.25,6584842
2021-06-18 10:05:34,116.3,6584994
2021-06-18 10:05:34,116.3,6584994
2021-06-18 10:05:35,116.3,6589841
2021-06-18 10:05:37,116.3,6589851
2021-06-18 10:05:38,116.3,6589931
2021-06-18 10:05:38,116.3,6589931
2021-06-18 10:05:39,116.3,6589931
2021-06-18 10:05:40,116.3,6594330
2021-06-18 10:05:41,116.4,6596529
2021-06-18 10:05:42,116.4,6596529
2021-06-18 10:05:44,116.45,6596784
2021-06-18 10:05:45,116.35,6596799
2021-06-18 10:05:46,116.35,6596799
2021-06-18 10:05:47,116.45,6597299
2021-06-18 10:05:47,116.45,6597299
2021-06-18 10:05:48,116.35,6597349
2021-06-18 10:05:49,116.45,6597386
2021-06-18 10:05:50,116.45,6597386
2021-06-18 10:05:51,116.45,6600238
2021-06-18 10:05:52,116.4,6600239
2021-06-18 10:05:54,116.35,6600547
2021-06-18 10:05:55,116.5,6602547
2021-06-18 10:05:56,116.4,6602552
2021-06-18 10:05:56,116.4,6602552
2021-06-18 10:05:57,116.4,6602552
2021-06-18 10:05:58,116.5,6606490
2021-06-18 10:05:59,116.5,6606496
2021-06-18 10:06:00,116.45,6606563
2021-06-18 10:06:01,116.45,6606563
2021-06-18 10:06:02,116.45,6606563
2021-06-18 10:06:03,116.5,6606588
2021-06-18 10:06:04,116.5,6612534
2021-06-18 10:06:05,116.5,6614272
2021-06-18 10:06:06,116.6,6616272
2021-06-18 10:06:08,116.6,6616272
2021-06-18 10:06:09,116.55,6616277
2021-06-18 10:06:10,116.6,6616859
2021-06-18 10:06:11,116.6,6628560
2021-06-18 10:06:12,116.65,6629555
2021-06-18 10:06:12,116.55,6629475
2021-06-18 10:06:13,116.5,6630513
2021-06-18 10:06:14,116.5,6630723
2021-06-18 10:06:15,116.5,6630738
2021-06-18 10:06:16,116.5,6630738
2021-06-18 10:06:18,116.5,6630948
2021-06-18 10:06:19,116.5,6631131
2021-06-18 10:06:20,116.6,6631132
2021-06-18 10:06:21,116.5,6632701
2021-06-18 10:06:22,116.45,6633121
2021-06-18 10:06:22,116.45,6633121
2021-06-18 10:06:23,116.55,6633821
2021-06-18 10:06:24,116.5,6634110
2021-06-18 10:06:25,116.55,6634234
2021-06-18 10:06:26,116.45,6634434
2021-06-18 10:06:28,116.5,6634439
2021-06-18 10:06:29,116.5,6634439
2021-06-18 10:06:29,116.5,6634439
2021-06-18 10:06:30,116.5,6634583
2021-06-18 10:06:31,116.45,6635083
2021-06-18 10:06:32,116.45,6635083
2021-06-18 10:06:33,116.45,6635165
2021-06-18 10:06:34,116.5,6635195
2021-06-18 10:06:35,116.5,6635195
2021-06-18 10:06:36,116.55,6637795
2021-06-18 10:06:38,116.55,6637825
2021-06-18 10:06:39,116.55,6637825
2021-06-18 10:06:40,116.55,6666341
2021-06-18 10:06:40,116.55,6666341
2021-06-18 10:06:41,116.4,6667744
2021-06-18 10:06:42,116.5,6667827
2021-06-18 10:06:43,116.45,6667902
2021-06-18 10:06:44,116.5,6669380
2021-06-18 10:06:46,116.5,6669380
2021-06-18 10:06:47,116.5,6669380
2021-06-18 10:06:48,116.6,6670380
2021-06-18 10:06:48,116.6,6670380
2021-06-18 10:06:49,116.5,6670971
2021-06-18 10:06:50,116.55,6670976
2021-06-18 10:06:51,116.6,6671006
2021-06-18 10:06:52,116.5,6671596
2021-06-18 10:06:53,116.5,6677218
2021-06-18 10:06:55,116.5,6677218
2021-06-18 10:06:56,116.45,6677647
2021-06-18 10:06:57,116.5,6678187
2021-06-18 10:06:58,116.5,6678196
2021-06-18 10:06:59,116.4,6681222
2021-06-18 10:07:00,116.5,6682076
2021-06-18 10:07:00,116.5,6682076
2021-06-18 10:07:01,116.5,6682076
2021-06-18 10:07:02,116.5,6682076
2021-06-18 10:07:04,116.5,6682076
2021-06-18 10:07:05,116.4,6682376
2021-06-18 10:07:06,116.3,6689748
2021-06-18 10:07:06,116.35,6689750
2021-06-18 10:07:07,116.4,6697858
2021-06-18 10:07:08,116.4,6697858
2021-06-18 10:07:09,116.35,6697868
2021-06-18 10:07:10,116.3,6708479
2021-06-18 10:07:11,116.3,6708489
2021-06-18 10:07:12,116.25,6708490
2021-06-18 10:07:13,116.25,6708827
2021-06-18 10:07:15,116.25,6709053
2021-06-18 10:07:16,116.25,6709056
2021-06-18 10:07:17,116.25,6709159
2021-06-18 10:07:18,116.25,6730625
2021-06-18 10:07:19,116.2,6730728
2021-06-18 10:07:20,116.25,6730797
2021-06-18 10:07:22,116.25,6730797
2021-06-18 10:07:23,116.25,6730799
2021-06-18 10:07:24,116.25,6731307
2021-06-18 10:07:25,116.25,6731308
2021-06-18 10:07:26,116.25,6731426
2021-06-18 10:07:26,116.25,6731309
2021-06-18 10:07:28,116.25,6731431
2021-06-18 10:07:29,116.25,6731444
2021-06-18 10:07:30,116.25,6731544
2021-06-18 10:07:31,116.25,6732862
2021-06-18 10:07:32,116.25,6732912
2021-06-18 10:07:33,116.25,6732981
2021-06-18 10:07:34,116.25,6733011
2021-06-18 10:07:35,116.15,6766573
2021-06-18 10:07:36,116.2,6768474
2021-06-18 10:07:37,116.2,6768484
2021-06-18 10:07:38,116.15,6768485
2021-06-18 10:07:39,116.15,6768486
2021-06-18 10:07:40,116.15,6768486
2021-06-18 10:07:41,116.15,6768492
2021-06-18 10:07:42,116.05,6821635
2021-06-18 10:07:43,115.95,6825328
2021-06-18 10:07:44,116.05,6828120
2021-06-18 10:07:45,116.0,6831889
2021-06-18 10:07:46,116.05,6831890
2021-06-18 10:07:47,116.05,6832391
2021-06-18 10:07:48,116.05,6834726
2021-06-18 10:07:49,116.05,6834745
2021-06-18 10:07:52,116.0,6838387
2021-06-18 10:07:57,116.0,6852205
2021-06-18 10:08:03,115.9,6860160
2021-06-18 10:08:08,115.95,6862444
2021-06-18 10:08:13,115.95,6874888
2021-06-18 10:08:18,115.95,6924706
2021-06-18 10:08:23,115.95,6925632
2021-06-18 10:08:28,115.95,6933907
2021-06-18 10:08:33,116.0,6934015
2021-06-18 10:08:38,115.95,6940432
2021-06-18 10:08:42,115.95,6941389
2021-06-18 10:08:47,115.95,6942350
2021-06-18 10:08:52,115.9,6953817
2021-06-18 10:08:57,115.8,6959075
2021-06-18 10:09:02,115.9,6960874
2021-06-18 10:09:07,115.9,6962166
2021-06-18 10:09:17,115.9,6963554
2021-06-18 10:09:22,115.9,6963794
2021-06-18 10:09:27,115.8,6984762
2021-06-18 10:09:32,115.9,6985606
2021-06-18 10:09:37,115.8,6988708
2021-06-18 10:09:41,115.85,6989670
2021-06-18 10:09:46,115.9,6990179
2021-06-18 10:09:50,115.85,6991908
2021-06-18 10:09:55,115.85,7017190
2021-06-18 10:09:59,115.9,7018391
2021-06-18 10:10:04,115.85,7028494
2021-06-18 10:10:09,115.85,7029757
2021-06-18 10:10:14,115.85,7031118
2021-06-18 10:10:19,115.75,7035088
2021-06-18 10:10:23,115.75,7040271
2021-06-18 10:10:28,115.7,7050330
2021-06-18 10:10:32,115.65,7051822
2021-06-18 10:10:37,115.6,7057712
2021-06-18 10:10:42,115.55,7066916
2021-06-18 10:10:51,115.65,7073602
2021-06-18 10:10:56,115.65,7081327
2021-06-18 10:11:01,115.8,7083609
2021-06-18 10:11:06,115.8,7086074
2021-06-18 10:11:11,115.8,7088651
2021-06-18 10:11:16,115.8,7089874
2021-06-18 10:11:20,115.7,7099998
2021-06-18 10:11:25,115.75,7100963
2021-06-18 10:11:30,115.65,7106010
2021-06-18 10:11:35,115.65,7107124
2021-06-18 10:11:40,115.7,7107372
2021-06-18 10:11:44,115.7,7110642
2021-06-18 10:11:49,115.7,7116461
2021-06-18 10:11:54,115.8,7120042
2021-06-18 10:11:59,115.75,7126343
2021-06-18 10:12:04,115.75,7126350
2021-06-18 10:12:08,115.7,7127430
2021-06-18 10:12:13,115.75,7131752
2021-06-18 10:12:18,115.7,7151217
2021-06-18 10:12:23,115.7,7151750
2021-06-18 10:12:28,115.9,7157879
2021-06-18 10:12:33,115.85,7158240
2021-06-18 10:12:38,115.85,7158391
2021-06-18 10:12:43,115.85,7159497
2021-06-18 10:12:48,115.85,7161535
2021-06-18 10:12:49,115.85,7162814
2021-06-18 10:12:50,115.9,7167683
2021-06-18 10:12:51,116.0,7168938
2021-06-18 10:12:53,116.0,7168938
2021-06-18 10:12:52,116.0,7168938
2021-06-18 10:12:54,115.95,7168939
2021-06-18 10:12:55,115.95,7169735
2021-06-18 10:12:56,115.9,7169985
2021-06-18 10:12:58,115.9,7169985
2021-06-18 10:12:57,115.9,7169985
2021-06-18 10:12:59,115.95,7170001
2021-06-18 10:13:00,115.9,7176209
2021-06-18 10:13:01,115.9,7176209
2021-06-18 10:13:03,115.9,7176359
2021-06-18 10:13:02,115.9,7176359
2021-06-18 10:13:04,115.9,7176359
2021-06-18 10:13:05,115.9,7176363
2021-06-18 10:13:06,115.9,7176363
2021-06-18 10:13:07,115.9,7176673
2021-06-18 10:13:08,115.9,7176673
2021-06-18 10:13:09,115.95,7176773
2021-06-18 10:13:10,115.95,7176783
2021-06-18 10:13:12,115.9,7177035
2021-06-18 10:13:13,115.9,7179342
2021-06-18 10:13:13,115.9,7179342
2021-06-18 10:13:14,115.9,7179742
2021-06-18 10:13:15,115.9,7179742
2021-06-18 10:13:16,115.95,7179748
2021-06-18 10:13:17,115.95,7179748
2021-06-18 10:13:18,115.85,7180475
2021-06-18 10:13:19,115.85,7181769
2021-06-18 10:13:20,115.9,7182255
2021-06-18 10:13:21,115.9,7182256
2021-06-18 10:13:22,115.9,7182256
2021-06-18 10:13:23,115.9,7182366
2021-06-18 10:13:24,115.9,7183116
2021-06-18 10:13:25,115.9,7183198
2021-06-18 10:13:26,115.9,7185743
2021-06-18 10:13:27,115.9,7185743
2021-06-18 10:13:30,115.95,7188934
2021-06-18 10:13:30,115.95,7188934
2021-06-18 10:13:31,115.95,7188934
2021-06-18 10:13:33,115.9,7189012
2021-06-18 10:13:35,115.9,7189063
2021-06-18 10:13:36,115.9,7189163
2021-06-18 10:13:37,115.9,7189164
2021-06-18 10:13:38,115.9,7190938
2021-06-18 10:13:39,115.85,7191068
2021-06-18 10:13:41,115.85,7191068
2021-06-18 10:13:41,115.85,7191068
2021-06-18 10:13:43,115.95,7193076
2021-06-18 10:13:43,115.95,7193076
2021-06-18 10:13:44,115.95,7193076
2021-06-18 10:13:45,115.95,7193076
2021-06-18 10:13:46,116.0,7194543
2021-06-18 10:13:47,116.0,7194544
2021-06-18 10:13:48,116.0,7194544
2021-06-18 10:13:49,115.95,7194605
2021-06-18 10:13:50,115.95,7194635
2021-06-18 10:13:51,115.95,7194660
2021-06-18 10:13:52,115.95,7194660
2021-06-18 10:13:53,116.0,7194672
2021-06-18 10:13:54,115.95,7195172
2021-06-18 10:13:55,115.95,7195172
2021-06-18 10:13:56,115.95,7195222
2021-06-18 10:13:57,115.95,7195347
2021-06-18 10:13:58,115.95,7195448
2021-06-18 10:13:59,115.95,7195448
2021-06-18 10:14:00,116.0,7195473
2021-06-18 10:14:01,116.0,7195474
2021-06-18 10:14:02,116.0,7195574
2021-06-18 10:14:03,116.0,7195574
2021-06-18 10:14:04,116.0,7195574
2021-06-18 10:14:05,115.95,7198312
2021-06-18 10:14:06,116.0,7198570
2021-06-18 10:14:08,116.0,7199101
2021-06-18 10:14:09,116.0,7199861
2021-06-18 10:14:10,116.0,7199861
2021-06-18 10:14:11,116.0,7201059
2021-06-18 10:14:12,116.0,7201059
2021-06-18 10:14:13,116.0,7201345
2021-06-18 10:14:14,116.0,7201373
2021-06-18 10:14:15,116.0,7201373
2021-06-18 10:14:16,115.95,7201473
2021-06-18 10:14:17,115.95,7201473
2021-06-18 10:14:18,116.0,7201874
2021-06-18 10:14:19,116.0,7201875
2021-06-18 10:14:20,115.95,7201925
2021-06-18 10:14:21,116.0,7203104
2021-06-18 10:14:22,116.0,7204246
2021-06-18 10:14:23,116.0,7204351
2021-06-18 10:14:24,116.0,7204351
2021-06-18 10:14:25,115.9,7211232
2021-06-18 10:14:26,116.0,7211234
2021-06-18 10:14:27,116.0,7211234
2021-06-18 10:14:28,116.0,7211234
2021-06-18 10:14:29,116.0,7211254
2021-06-18 10:14:30,116.0,7211274
2021-06-18 10:14:31,115.9,7211399
2021-06-18 10:14:32,116.0,7211799
2021-06-18 10:14:33,116.0,7211799
2021-06-18 10:14:34,116.0,7212593
2021-06-18 10:14:35,116.0,7214593
2021-06-18 10:14:36,116.0,7214693
2021-06-18 10:14:37,116.05,7218764
2021-06-18 10:14:38,116.05,7218764
2021-06-18 10:14:39,116.05,7218764
2021-06-18 10:14:40,116.05,7218764
2021-06-18 10:14:41,116.05,7218764
2021-06-18 10:14:42,116.0,7218828
2021-06-18 10:14:43,116.05,7218915
2021-06-18 10:14:44,116.05,7218915
2021-06-18 10:14:45,116.05,7218915
2021-06-18 10:14:46,116.0,7219152
2021-06-18 10:14:47,116.0,7219352
2021-06-18 10:14:48,116.0,7219352
2021-06-18 10:14:49,116.0,7219352
2021-06-18 10:14:50,116.05,7219353
2021-06-18 10:14:51,116.05,7219394
2021-06-18 10:14:52,116.05,7219444
2021-06-18 10:14:53,116.05,7219444
2021-06-18 10:14:54,116.05,7219445
2021-06-18 10:14:55,116.0,7219505
2021-06-18 10:14:56,116.05,7219952
2021-06-18 10:14:57,116.0,7221605
2021-06-18 10:14:58,116.0,7221606
2021-06-18 10:14:59,115.95,7222383
2021-06-18 10:15:00,115.95,7223510
2021-06-18 10:15:01,116.0,7223910
2021-06-18 10:15:02,116.0,7223910
2021-06-18 10:15:03,115.95,7223911
2021-06-18 10:15:04,115.95,7224311
2021-06-18 10:15:05,115.9,7224393
2021-06-18 10:15:06,115.9,7225138
2021-06-18 10:15:07,115.9,7225192
2021-06-18 10:15:08,115.9,7225198
2021-06-18 10:15:09,115.9,7225600
2021-06-18 10:15:10,115.9,7226000
2021-06-18 10:15:11,115.9,7226000
2021-06-18 10:15:12,115.95,7226020
2021-06-18 10:15:13,115.95,7226420
2021-06-18 10:15:14,115.85,7230328
2021-06-18 10:15:15,115.85,7231086
2021-06-18 10:15:16,115.8,7231089
2021-06-18 10:15:17,115.9,7236396
2021-06-18 10:15:18,115.9,7236646
2021-06-18 10:15:19,115.85,7236656
2021-06-18 10:15:20,115.8,7241982
2021-06-18 10:15:21,115.85,7244635
2021-06-18 10:15:22,115.85,7246635
2021-06-18 10:15:23,115.85,7247687
2021-06-18 10:15:24,115.85,7247687
2021-06-18 10:15:25,115.8,7247787
2021-06-18 10:15:26,115.8,7247787
2021-06-18 10:15:27,115.85,7257787
2021-06-18 10:15:28,115.85,7257787
2021-06-18 10:15:29,115.8,7257887
2021-06-18 10:15:30,115.8,7258167
2021-06-18 10:15:31,115.85,7259530
2021-06-18 10:15:33,115.85,7260086
2021-06-18 10:15:34,115.85,7260206
2021-06-18 10:15:35,115.8,7260211
2021-06-18 10:15:35,115.8,7260211
2021-06-18 10:15:36,115.8,7262711
2021-06-18 10:15:37,115.8,7262711
2021-06-18 10:15:38,115.85,7262811
2021-06-18 10:15:39,115.85,7262822
2021-06-18 10:15:40,115.85,7262822
2021-06-18 10:15:41,115.85,7262822
2021-06-18 10:15:42,115.85,7263022
2021-06-18 10:15:43,115.85,7263022
2021-06-18 10:15:44,115.85,7263022
2021-06-18 10:15:45,115.85,7265522
2021-06-18 10:15:46,115.85,7265522
2021-06-18 10:15:47,115.75,7267523
2021-06-18 10:15:48,115.85,7267524
2021-06-18 10:15:49,115.85,7267524
2021-06-18 10:15:50,115.85,7267524
2021-06-18 10:15:51,115.8,7267525
2021-06-18 10:15:52,115.85,7267725
2021-06-18 10:15:53,115.85,7267725
2021-06-18 10:15:54,115.85,7267725
2021-06-18 10:15:56,115.85,7267750
2021-06-18 10:15:56,115.85,7267750
2021-06-18 10:15:57,115.85,7267751
2021-06-18 10:15:58,115.85,7269121
2021-06-18 10:15:59,115.85,7269121
2021-06-18 10:16:00,115.85,7269121
2021-06-18 10:16:01,115.85,7269121
2021-06-18 10:16:02,115.75,7270725
2021-06-18 10:16:04,115.85,7270727
2021-06-18 10:16:05,115.85,7270727
2021-06-18 10:16:06,115.75,7270977
2021-06-18 10:16:07,115.85,7271222
2021-06-18 10:16:08,115.85,7271322
2021-06-18 10:16:09,115.8,7271323
2021-06-18 10:16:09,115.8,7271323
2021-06-18 10:16:10,115.8,7271323
2021-06-18 10:16:11,115.75,7271363
2021-06-18 10:16:12,115.75,7273064
2021-06-18 10:16:13,115.75,7273064
2021-06-18 10:16:14,115.75,7273064
2021-06-18 10:16:15,115.85,7273164
2021-06-18 10:16:16,115.85,7273167
2021-06-18 10:16:17,115.85,7273167
2021-06-18 10:16:18,115.85,7273267
2021-06-18 10:16:19,115.85,7273268
2021-06-18 10:16:21,115.85,7273469
2021-06-18 10:16:21,115.85,7273469
2021-06-18 10:16:22,115.85,7273469
2021-06-18 10:16:24,115.75,7273479
2021-06-18 10:16:25,115.85,7273546
2021-06-18 10:16:26,115.85,7273546
2021-06-18 10:16:27,115.85,7273546
2021-06-18 10:16:28,115.85,7273546
2021-06-18 10:16:29,115.85,7273546
2021-06-18 10:16:30,115.85,7273547
2021-06-18 10:16:31,115.8,7274449
2021-06-18 10:16:32,115.75,7274479
2021-06-18 10:16:33,115.85,7274481
2021-06-18 10:16:34,115.75,7274482
2021-06-18 10:16:35,115.85,7275602
2021-06-18 10:16:36,115.75,7277102
2021-06-18 10:16:37,115.75,7277102
2021-06-18 10:16:38,115.85,7277107
2021-06-18 10:16:39,115.85,7277108
2021-06-18 10:16:40,115.85,7277108
2021-06-18 10:16:41,115.85,7277108
2021-06-18 10:16:42,115.85,7277108
2021-06-18 10:16:43,115.8,7283374
2021-06-18 10:16:44,115.85,7283609
2021-06-18 10:16:45,115.9,7286611
2021-06-18 10:16:46,115.95,7286636
2021-06-18 10:16:47,115.95,7286636
2021-06-18 10:16:50,115.9,7286702
2021-06-18 10:16:51,115.9,7286702
2021-06-18 10:16:52,115.9,7286907
2021-06-18 10:16:53,115.9,7286907
2021-06-18 10:16:53,115.9,7286907
2021-06-18 10:16:55,115.9,7286907
2021-06-18 10:16:55,115.9,7286907
2021-06-18 10:16:56,115.95,7287007
2021-06-18 10:16:57,115.9,7287057
2021-06-18 10:16:58,115.9,7290160
2021-06-18 10:16:59,115.95,7290497
2021-06-18 10:17:00,115.95,7290497
2021-06-18 10:17:01,115.85,7290507
2021-06-18 10:17:02,115.85,7290614
2021-06-18 10:17:04,115.8,7290867
2021-06-18 10:17:04,115.9,7291301
2021-06-18 10:17:05,115.9,7291301
2021-06-18 10:17:06,115.8,7291491
2021-06-18 10:17:07,115.8,7291491
2021-06-18 10:17:08,115.9,7291541
2021-06-18 10:17:09,115.9,7291541
2021-06-18 10:17:10,115.9,7291541
2021-06-18 10:17:11,115.95,7321545
2021-06-18 10:17:12,115.95,7321545
2021-06-18 10:17:13,115.95,7321545
2021-06-18 10:17:14,115.85,7321704
2021-06-18 10:17:15,115.85,7325704
2021-06-18 10:17:16,115.95,7325706
2021-06-18 10:17:17,115.95,7325706
2021-06-18 10:17:18,115.95,7325815
2021-06-18 10:17:19,115.95,7325821
2021-06-18 10:17:20,115.95,7325821
2021-06-18 10:17:21,115.95,7325901
2021-06-18 10:17:22,115.85,7326130
2021-06-18 10:17:25,115.9,7326184
2021-06-18 10:17:26,115.9,7326214
2021-06-18 10:17:28,115.9,7326264
2021-06-18 10:17:28,115.9,7326264
2021-06-18 10:17:29,115.9,7326274
2021-06-18 10:17:30,115.9,7326284
2021-06-18 10:17:31,115.9,7326284
2021-06-18 10:17:32,115.85,7326434
2021-06-18 10:17:33,115.9,7326437
2021-06-18 10:17:35,115.9,7326437
2021-06-18 10:17:37,115.9,7326462
2021-06-18 10:17:37,115.9,7326462
2021-06-18 10:17:40,115.9,7326482
2021-06-18 10:17:40,115.9,7326582
2021-06-18 10:17:42,115.9,7326582
2021-06-18 10:17:43,115.9,7328091
2021-06-18 10:17:44,115.9,7328213
2021-06-18 10:17:45,115.9,7330725
2021-06-18 10:17:46,115.9,7330725
2021-06-18 10:17:47,115.95,7330728
2021-06-18 10:17:48,115.9,7331268
2021-06-18 10:17:48,115.9,7331268
2021-06-18 10:17:52,115.85,7334088
2021-06-18 10:17:56,116.0,7334499
2021-06-18 10:18:01,116.0,7334529
2021-06-18 10:18:05,115.95,7335629
2021-06-18 10:18:09,116.0,7357487
2021-06-18 10:18:14,116.0,7358772
2021-06-18 10:18:18,116.0,7359437
2021-06-18 10:18:22,116.0,7363575
2021-06-18 10:18:26,116.0,7363801
2021-06-18 10:18:30,115.95,7365132
2021-06-18 10:18:34,116.0,7369260
2021-06-18 10:18:43,116.0,7369492
2021-06-18 10:18:47,116.0,7371001
2021-06-18 10:18:51,115.8,7377751
2021-06-18 10:18:56,115.85,7390735
2021-06-18 10:19:01,115.85,7390736
2021-06-18 10:19:06,115.8,7393399
2021-06-18 10:19:10,115.85,7394042
2021-06-18 10:19:14,115.9,7405310
2021-06-18 10:19:18,115.9,7406041
2021-06-18 10:19:22,115.9,7407360
2021-06-18 10:19:26,115.85,7407699
2021-06-18 10:19:31,115.85,7408204
2021-06-18 10:19:35,115.85,7408858
2021-06-18 10:19:40,115.85,7409605
2021-06-18 10:19:45,115.8,7409670
2021-06-18 10:19:50,115.85,7411346
2021-06-18 10:19:54,115.85,7411424
2021-06-18 10:19:59,115.8,7411595
2021-06-18 10:20:04,115.85,7411596
2021-06-18 10:20:08,115.85,7411596
2021-06-18 10:20:12,115.7,7424770
2021-06-18 10:20:16,115.8,7429827
2021-06-18 10:20:20,115.85,7434106
2021-06-18 10:20:25,115.85,7435019
2021-06-18 10:20:30,115.85,7435503
2021-06-18 10:20:34,115.85,7436155
2021-06-18 10:20:39,115.8,7436327
2021-06-18 10:20:43,115.85,7440003
2021-06-18 10:20:47,115.85,7441253
2021-06-18 10:20:52,115.85,7441330
2021-06-18 10:20:57,115.8,7441792
2021-06-18 10:21:01,115.8,7442337
2021-06-18 10:21:05,115.8,7442747
2021-06-18 10:21:10,115.8,7444213
2021-06-18 10:21:14,115.8,7444226
2021-06-18 10:21:18,115.8,7444884
2021-06-18 10:21:23,115.75,7445017
2021-06-18 10:21:27,115.75,7445817
2021-06-18 10:21:31,115.75,7445817
2021-06-18 10:21:35,115.8,7446051
2021-06-18 10:21:40,115.8,7446262
2021-06-18 10:21:44,115.8,7446522
2021-06-18 10:21:49,115.75,7447190
2021-06-18 10:21:53,115.8,7447227
2021-06-18 10:22:02,115.75,7449563
2021-06-18 10:22:06,115.8,7449696
2021-06-18 10:22:11,115.75,7450231
2021-06-18 10:22:15,115.7,7450457
2021-06-18 10:22:20,115.7,7451179
2021-06-18 10:22:24,115.75,7457814
2021-06-18 10:22:29,115.7,7457924
2021-06-18 10:22:33,115.7,7461925
2021-06-18 10:22:38,115.7,7461953
2021-06-18 10:22:42,115.7,7465961
2021-06-18 10:22:46,115.7,7466529
2021-06-18 10:22:50,115.75,7469586
2021-06-18 10:22:55,115.75,7471936
2021-06-18 10:22:59,115.75,7474587
2021-06-18 10:23:03,115.75,7476362
2021-06-18 10:23:07,115.75,7476565
2021-06-18 10:23:11,115.8,7480995
2021-06-18 10:23:19,115.75,7483818
2021-06-18 10:23:23,115.75,7484318
2021-06-18 10:23:27,115.7,7484819
2021-06-18 10:23:30,115.7,7485788
2021-06-18 10:23:33,115.7,7486230
2021-06-18 10:23:37,115.75,7487336
2021-06-18 10:23:41,115.75,7487341
2021-06-18 10:23:45,115.75,7487342
2021-06-18 10:23:49,115.8,7488085
2021-06-18 10:23:53,115.85,7499574
2021-06-18 10:23:57,115.8,7503477
2021-06-18 10:24:01,115.8,7503698
2021-06-18 10:24:05,115.7,7505838
2021-06-18 10:24:08,115.75,7505999
2021-06-18 10:24:13,115.7,7511046
2021-06-18 10:24:17,115.7,7512063
2021-06-18 10:24:21,115.65,7513149
2021-06-18 10:24:25,115.65,7513350
2021-06-18 10:24:30,115.65,7513351
2021-06-18 10:24:34,115.6,7513560
2021-06-18 10:24:38,115.7,7521686
2021-06-18 10:24:41,115.6,7521766
2021-06-18 10:24:45,115.7,7522572
2021-06-18 10:24:48,115.6,7522757
2021-06-18 10:24:52,115.65,7522763
2021-06-18 10:24:56,115.65,7523636
2021-06-18 10:25:01,115.6,7525854
2021-06-18 10:25:05,115.65,7526286
2021-06-18 10:25:09,115.65,7529047
2021-06-18 10:25:13,115.65,7530224
2021-06-18 10:25:17,115.65,7532492
2021-06-18 10:25:22,115.65,7533243
2021-06-18 10:25:26,115.65,7533394
2021-06-18 10:25:30,115.6,7534697
2021-06-18 10:25:34,115.6,7534757
2021-06-18 10:25:43,115.5,7592178
2021-06-18 10:25:47,115.5,7594291
2021-06-18 10:25:52,115.5,7595676
2021-06-18 10:25:57,115.4,7605697
2021-06-18 10:26:02,115.4,7608185
2021-06-18 10:26:06,115.4,7612048
2021-06-18 10:26:11,115.35,7614208
2021-06-18 10:26:15,115.4,7619761
2021-06-18 10:26:20,115.4,7632071
2021-06-18 10:26:24,115.4,7643818
2021-06-18 10:26:33,115.4,7646687
2021-06-18 10:26:38,115.45,7647495
2021-06-18 10:26:42,115.5,7664882
2021-06-18 10:26:46,115.4,7666128
2021-06-18 10:26:51,115.4,7666687
2021-06-18 10:26:56,115.35,7668639
2021-06-18 10:27:00,115.45,7670718
2021-06-18 10:27:04,115.55,7681218
2021-06-18 10:27:08,115.45,7681247
2021-06-18 10:27:13,115.5,7684545
2021-06-18 10:27:17,115.5,7684904
2021-06-18 10:27:21,115.45,7685194
2021-06-18 10:27:25,115.45,7686146
2021-06-18 10:27:30,115.4,7692843
2021-06-18 10:27:35,115.4,7693723
2021-06-18 10:27:39,115.4,7693884
2021-06-18 10:27:44,115.45,7695077
2021-06-18 10:27:48,115.3,7695279
2021-06-18 10:27:52,115.3,7696002
2021-06-18 10:27:57,115.3,7696181
2021-06-18 10:28:01,115.35,7701428
2021-06-18 10:28:06,115.35,7702619
2021-06-18 10:28:10,115.35,7708268
2021-06-18 10:28:15,115.25,7709985
2021-06-18 10:28:19,115.3,7712166
2021-06-18 10:28:24,115.35,7712572
2021-06-18 10:28:28,115.3,7713156
2021-06-18 10:28:33,115.35,7713168
2021-06-18 10:28:42,115.3,7715047
2021-06-18 10:28:47,115.35,7715071
2021-06-18 10:28:51,115.25,7718092
2021-06-18 10:28:56,115.35,7723417
2021-06-18 10:28:59,115.35,7747172
2021-06-18 10:29:04,115.4,7760739
2021-06-18 10:29:08,115.4,7760858
2021-06-18 10:29:18,115.35,7762131
2021-06-18 10:29:22,115.3,7763280
2021-06-18 10:29:27,115.3,7763476
2021-06-18 10:29:32,115.35,7764051
2021-06-18 10:29:37,115.35,7770386
2021-06-18 10:29:41,115.45,7770391
2021-06-18 10:29:46,115.35,7772032
2021-06-18 10:29:51,115.35,7772333
2021-06-18 10:29:55,115.4,7774820
2021-06-18 10:29:59,115.4,7779988
2021-06-18 10:30:04,115.4,7780088
2021-06-18 10:30:09,115.4,7784436
2021-06-18 10:30:13,115.4,7786389
2021-06-18 10:30:18,115.45,7786742
2021-06-18 10:30:23,115.5,7792581
2021-06-18 10:30:28,115.5,7802016
2021-06-18 10:30:33,115.6,7808432
2021-06-18 10:30:38,115.55,7809262
2021-06-18 10:30:43,115.6,7810888
2021-06-18 10:30:48,115.5,7811108
2021-06-18 10:30:52,115.5,7811406
2021-06-18 10:30:57,115.5,7812683
2021-06-18 10:31:02,115.55,7814081
2021-06-18 10:31:06,115.5,7814877
2021-06-18 10:31:11,115.5,7816264
2021-06-18 10:31:15,115.55,7816353
2021-06-18 10:31:19,115.5,7816837
2021-06-18 10:31:24,115.5,7817575
2021-06-18 10:31:28,115.5,7817977
2021-06-18 10:31:33,115.55,7819499
2021-06-18 10:31:38,115.5,7820289
2021-06-18 10:31:42,115.55,7820545
2021-06-18 10:31:47,115.5,7820697
2021-06-18 10:31:51,115.5,7821606
2021-06-18 10:31:56,115.4,7828811
2021-06-18 10:32:01,115.4,7835861
2021-06-18 10:32:06,115.4,7836402
2021-06-18 10:32:10,115.45,7857622
2021-06-18 10:32:15,115.3,7858971
2021-06-18 10:32:19,115.4,7859181
2021-06-18 10:32:24,115.4,7859371
2021-06-18 10:32:29,115.4,7859771
2021-06-18 10:32:34,115.45,7862855
2021-06-18 10:32:39,115.4,7866171
2021-06-18 10:32:44,115.55,7869762
2021-06-18 10:32:49,115.55,7869880
2021-06-18 10:32:53,115.55,7869892
2021-06-18 10:32:58,115.55,7870147
2021-06-18 10:33:03,115.55,7870768
2021-06-18 10:33:07,115.5,7870822
2021-06-18 10:33:12,115.55,7871955
2021-06-18 10:33:17,115.55,7872970
2021-06-18 10:33:27,115.6,7885254
2021-06-18 10:33:32,115.6,7885974
2021-06-18 10:33:36,115.65,7888483
2021-06-18 10:33:41,115.55,7888644
2021-06-18 10:33:45,115.65,7888653
2021-06-18 10:33:55,115.6,7889824
2021-06-18 10:34:00,115.55,7890413
2021-06-18 10:34:05,115.6,7892219
2021-06-18 10:34:10,115.6,7892420
2021-06-18 10:34:14,115.6,7892892
2021-06-18 10:34:19,115.55,7907849
2021-06-18 10:34:24,115.55,7908904
2021-06-18 10:34:28,115.5,7915263
2021-06-18 10:34:33,115.45,7915924
2021-06-18 10:34:37,115.35,7919753
2021-06-18 10:34:42,115.45,7932503
2021-06-18 10:34:46,115.35,7935471
2021-06-18 10:34:56,115.4,7947962
2021-06-18 10:35:01,115.4,7948112
2021-06-18 10:35:05,115.45,7948183
2021-06-18 10:35:10,115.45,7948614
2021-06-18 10:35:15,115.3,7959123
2021-06-18 10:35:19,115.4,7980060
2021-06-18 10:35:24,115.4,7988262
2021-06-18 10:35:28,115.35,7990991
2021-06-18 10:35:33,115.35,7992273
2021-06-18 10:35:38,115.35,7992373
2021-06-18 10:35:42,115.4,7992635
2021-06-18 10:35:47,115.4,7993100
2021-06-18 10:35:52,115.45,8000129
2021-06-18 10:35:56,115.45,8002279
2021-06-18 10:36:00,115.45,8005727
2021-06-18 10:36:05,115.5,8005948
2021-06-18 10:36:10,115.5,8006055
2021-06-18 10:36:14,115.5,8007082
2021-06-18 10:36:19,115.55,8007217
2021-06-18 10:36:24,115.5,8007249
2021-06-18 10:36:29,115.55,8007275
2021-06-18 10:36:33,115.5,8010200
2021-06-18 10:36:38,115.5,8010946
2021-06-18 10:36:42,115.55,8011231
2021-06-18 10:36:47,115.45,8011681
2021-06-18 10:36:52,115.5,8011989
2021-06-18 10:36:57,115.5,8012064
2021-06-18 10:37:01,115.55,8012080
2021-06-18 10:37:06,115.45,8014769
2021-06-18 10:37:11,115.5,8015272
2021-06-18 10:37:15,115.5,8015393
2021-06-18 10:37:19,115.5,8017262
2021-06-18 10:37:24,115.45,8018070
2021-06-18 10:37:29,115.5,8019063
2021-06-18 10:37:33,115.45,8023536
2021-06-18 10:37:38,115.4,8027653
2021-06-18 10:37:43,115.45,8038759
2021-06-18 10:37:48,115.4,8041281
2021-06-18 10:37:53,115.4,8043021
2021-06-18 10:38:02,115.3,8044406
2021-06-18 10:38:06,115.3,8045495
2021-06-18 10:38:11,115.4,8049035
2021-06-18 10:38:15,115.4,8059222
2021-06-18 10:38:20,115.5,8116614
2021-06-18 10:38:30,115.8,8161820
2021-06-18 10:38:35,115.7,8170466
2021-06-18 10:38:39,115.85,8173644
2021-06-18 10:38:44,115.8,8175840
2021-06-18 10:38:49,115.75,8181602
2021-06-18 10:38:54,115.8,8184190
2021-06-18 10:38:59,115.8,8185986
2021-06-18 10:39:04,115.7,8187468
2021-06-18 10:39:08,115.75,8212448
2021-06-18 10:39:13,115.6,8218845
2021-06-18 10:39:18,115.6,8219862
2021-06-18 10:39:23,115.7,8221694
2021-06-18 10:39:27,115.7,8221918
2021-06-18 10:39:32,115.6,8225161
2021-06-18 10:39:36,115.65,8226315
2021-06-18 10:39:41,115.6,8227399
2021-06-18 10:39:46,115.7,8227573
2021-06-18 10:39:50,115.65,8227621
2021-06-18 10:39:55,115.6,8234153
2021-06-18 10:39:59,115.6,8236211
2021-06-18 10:40:04,115.6,8238634
2021-06-18 10:40:09,115.55,8240100
2021-06-18 10:40:13,115.5,8240339
2021-06-18 10:40:17,115.5,8248464
2021-06-18 10:40:22,115.5,8250336
2021-06-18 10:40:26,115.45,8252199
2021-06-18 10:40:31,115.45,8253775
2021-06-18 10:40:35,115.45,8254519
2021-06-18 10:40:40,115.45,8254871
2021-06-18 10:40:44,115.45,8270792
2021-06-18 10:40:49,115.45,8273249
2021-06-18 10:40:53,115.5,8279020
2021-06-18 10:40:58,115.55,8279719
2021-06-18 10:41:03,115.55,8284598
2021-06-18 10:41:08,115.55,8288009
2021-06-18 10:41:12,115.45,8294802
2021-06-18 10:41:17,115.6,8309795
2021-06-18 10:41:26,115.7,8314063
2021-06-18 10:41:31,115.65,8317175
2021-06-18 10:41:35,115.8,8328055
2021-06-18 10:41:40,115.8,8330342
2021-06-18 10:41:45,115.8,8333826
2021-06-18 10:41:49,115.85,8333891
2021-06-18 10:41:54,115.85,8335197
2021-06-18 10:41:58,115.8,8336425
2021-06-18 10:42:03,115.8,8373853
2021-06-18 10:42:07,115.85,8374036
2021-06-18 10:42:11,115.75,8380782
2021-06-18 10:42:16,115.85,8380790
2021-06-18 10:42:21,115.8,8381866
2021-06-18 10:42:26,115.75,8383195
2021-06-18 10:42:31,115.7,8384659
2021-06-18 10:42:36,115.7,8385976
2021-06-18 10:42:41,115.75,8394755
2021-06-18 10:42:45,115.8,8399301
2021-06-18 10:42:49,115.85,8400253
2021-06-18 10:42:51,115.9,8413566
2021-06-18 10:42:50,115.85,8412953
2021-06-18 10:42:52,115.9,8413657
2021-06-18 10:42:52,115.9,8413726
2021-06-18 10:42:54,115.9,8413812
2021-06-18 10:42:55,115.85,8414030
2021-06-18 10:42:56,115.9,8415773
2021-06-18 10:42:57,115.8,8416038
2021-06-18 10:42:58,115.9,8416095
2021-06-18 10:42:59,115.9,8416210
2021-06-18 10:43:00,115.9,8416562
2021-06-18 10:43:01,115.9,8416655
2021-06-18 10:43:02,115.85,8416674
2021-06-18 10:43:03,115.8,8416729
2021-06-18 10:43:04,115.8,8416729
2021-06-18 10:43:05,115.8,8416729
2021-06-18 10:43:06,115.8,8416729
2021-06-18 10:43:07,115.9,8416746
2021-06-18 10:43:08,115.85,8416748
2021-06-18 10:43:09,115.85,8416773
2021-06-18 10:43:11,115.8,8417291
2021-06-18 10:43:12,115.85,8417301
2021-06-18 10:43:13,115.85,8417301
2021-06-18 10:43:14,115.9,8417411
2021-06-18 10:43:15,115.8,8417489
2021-06-18 10:43:16,115.9,8417608
2021-06-18 10:43:18,115.8,8417651
2021-06-18 10:43:17,115.8,8417651
2021-06-18 10:43:19,115.9,8417666
2021-06-18 10:43:20,115.9,8417669
2021-06-18 10:43:21,115.9,8417680
2021-06-18 10:43:22,115.9,8417698
2021-06-18 10:43:23,115.9,8417708
2021-06-18 10:43:25,115.8,8422514
2021-06-18 10:43:26,115.8,8422863
2021-06-18 10:43:27,115.8,8422916
2021-06-18 10:43:28,115.8,8422929
2021-06-18 10:43:29,115.8,8422947
2021-06-18 10:43:30,115.8,8422950
2021-06-18 10:43:31,115.8,8423051
2021-06-18 10:43:32,115.8,8423067
2021-06-18 10:43:33,115.75,8423088
2021-06-18 10:43:34,115.8,8423155
2021-06-18 10:43:35,115.8,8424765
2021-06-18 10:43:36,115.8,8425301
2021-06-18 10:43:37,115.75,8425506
2021-06-18 10:43:38,115.8,8426503
2021-06-18 10:43:40,115.85,8426534
2021-06-18 10:43:41,115.8,8427034
2021-06-18 10:43:42,115.85,8427065
2021-06-18 10:43:43,115.85,8427205
2021-06-18 10:43:44,115.85,8427521
2021-06-18 10:43:45,115.8,8427762
2021-06-18 10:43:46,115.8,8427762
2021-06-18 10:43:47,115.85,8427829
2021-06-18 10:43:48,115.85,8427839
2021-06-18 10:43:49,115.85,8427858
2021-06-18 10:43:50,115.85,8427977
2021-06-18 10:43:51,115.85,8427995
2021-06-18 10:43:52,115.85,8427997
2021-06-18 10:43:53,115.8,8428223
2021-06-18 10:43:54,115.85,8428240
2021-06-18 10:43:55,115.85,8428242
2021-06-18 10:43:56,115.85,8429543
2021-06-18 10:43:57,115.8,8429739
2021-06-18 10:43:58,115.85,8429773
2021-06-18 10:43:59,115.85,8429810
2021-06-18 10:44:00,115.85,8429816
2021-06-18 10:44:01,115.85,8429817
2021-06-18 10:44:02,115.8,8429917
2021-06-18 10:44:03,115.85,8429946
2021-06-18 10:44:04,115.8,8430728
2021-06-18 10:44:05,115.85,8430732
2021-06-18 10:44:06,115.85,8430733
2021-06-18 10:44:07,115.85,8430746
2021-06-18 10:44:08,115.85,8430748
2021-06-18 10:44:09,115.85,8430774
2021-06-18 10:44:10,115.85,8430895
2021-06-18 10:44:11,115.85,8430914
2021-06-18 10:44:12,115.8,8431056
2021-06-18 10:44:13,115.75,8432056
2021-06-18 10:44:14,115.85,8432088
2021-06-18 10:44:15,115.95,8441397
2021-06-18 10:44:16,115.95,8442800
2021-06-18 10:44:17,115.95,8443010
2021-06-18 10:44:18,115.9,8443084
2021-06-18 10:44:19,115.95,8443250
2021-06-18 10:44:20,115.9,8443335
2021-06-18 10:44:22,115.9,8443369
2021-06-18 10:44:21,115.9,8443369
2021-06-18 10:44:23,115.95,8443425
2021-06-18 10:44:25,115.95,8443568
2021-06-18 10:44:24,115.95,8443549
2021-06-18 10:44:26,115.95,8443586
2021-06-18 10:44:27,115.95,8443593
2021-06-18 10:44:28,115.95,8443639
2021-06-18 10:44:29,115.95,8443662
2021-06-18 10:44:30,115.95,8443666
2021-06-18 10:44:31,115.9,8444292
2021-06-18 10:44:32,115.9,8444292
2021-06-18 10:44:33,115.9,8444892
2021-06-18 10:44:34,115.95,8444925
2021-06-18 10:44:35,115.95,8444930
2021-06-18 10:44:36,115.95,8444931
2021-06-18 10:44:37,115.95,8445025
2021-06-18 10:44:38,115.9,8445645
2021-06-18 10:44:39,115.95,8445696
2021-06-18 10:44:40,115.85,8446370
2021-06-18 10:44:41,115.9,8448153
2021-06-18 10:44:42,115.9,8448423
2021-06-18 10:44:43,115.9,8448517
2021-06-18 10:44:44,115.9,8448664
2021-06-18 10:44:45,115.9,8448686
2021-06-18 10:44:46,115.9,8448692
2021-06-18 10:44:47,115.9,8448693
2021-06-18 10:44:48,115.8,8448748
2021-06-18 10:44:49,115.85,8448801
2021-06-18 10:44:50,115.8,8448866
2021-06-18 10:44:51,115.8,8448866
2021-06-18 10:44:52,115.8,8448866
2021-06-18 10:44:53,115.8,8448967
2021-06-18 10:44:54,115.85,8452714
2021-06-18 10:44:55,115.85,8452887
2021-06-18 10:44:56,115.9,8452896
2021-06-18 10:44:57,115.85,8452985
2021-06-18 10:44:58,115.9,8453001
2021-06-18 10:44:59,115.85,8453385
2021-06-18 10:45:00,115.9,8453596
2021-06-18 10:45:01,115.9,8453628
2021-06-18 10:45:02,115.9,8453649
2021-06-18 10:45:03,115.9,8453652
2021-06-18 10:45:04,115.9,8453680
2021-06-18 10:45:05,115.9,8453744
2021-06-18 10:45:06,115.85,8453754
2021-06-18 10:45:07,115.9,8453764
2021-06-18 10:45:08,115.85,8453787
2021-06-18 10:45:09,115.85,8453790
2021-06-18 10:45:10,115.85,8453791
2021-06-18 10:45:11,115.85,8453791
2021-06-18 10:45:12,115.8,8453792
2021-06-18 10:45:13,115.8,8453792
2021-06-18 10:45:14,115.85,8453809
2021-06-18 10:45:15,115.85,8457023
2021-06-18 10:45:16,115.75,8457650
2021-06-18 10:45:17,115.75,8458639
2021-06-18 10:45:18,115.85,8458640
2021-06-18 10:45:23,115.75,8462445
2021-06-18 10:45:24,115.8,8462462
2021-06-18 10:45:25,115.8,8462465
2021-06-18 10:45:25,115.8,8462465
2021-06-18 10:45:26,115.75,8463654
2021-06-18 10:45:28,115.7,8465156
2021-06-18 10:45:27,115.75,8463835
2021-06-18 10:45:29,115.75,8465182
2021-06-18 10:45:30,115.7,8465281
2021-06-18 10:45:31,115.8,8467397
2021-06-18 10:45:32,115.8,8467715
2021-06-18 10:45:33,115.8,8467763
2021-06-18 10:45:34,115.8,8467986
2021-06-18 10:45:35,115.8,8468019
2021-06-18 10:45:36,115.75,8468067
2021-06-18 10:45:37,115.75,8468067
2021-06-18 10:45:38,115.75,8468067
2021-06-18 10:45:40,115.8,8468083
2021-06-18 10:45:40,115.75,8468112
2021-06-18 10:45:41,115.8,8468114
2021-06-18 10:45:42,115.8,8468131
2021-06-18 10:45:43,115.8,8468134
2021-06-18 10:45:44,115.8,8468151
2021-06-18 10:45:45,115.8,8468158
2021-06-18 10:45:46,115.8,8468159
2021-06-18 10:45:47,115.8,8468160
2021-06-18 10:45:48,115.75,8468260
2021-06-18 10:45:49,115.75,8468277
2021-06-18 10:45:51,115.8,8468551
2021-06-18 10:45:51,115.8,8468551
2021-06-18 10:45:52,115.8,8468551
2021-06-18 10:45:53,115.85,8468616
2021-06-18 10:45:54,115.85,8469143
2021-06-18 10:45:55,115.85,8470448
2021-06-18 10:45:56,115.9,8470457
2021-06-18 10:45:58,115.85,8470463
2021-06-18 10:45:58,115.9,8470462
2021-06-18 10:45:59,115.9,8470479
2021-06-18 10:46:00,115.9,8470873
2021-06-18 10:46:02,115.9,8470933
2021-06-18 10:46:02,115.9,8470942
2021-06-18 10:46:03,115.9,8470946
2021-06-18 10:46:04,115.9,8470964
2021-06-18 10:46:05,115.9,8470970
2021-06-18 10:46:06,115.9,8470975
2021-06-18 10:46:08,115.85,8471001
2021-06-18 10:46:08,115.85,8471729
2021-06-18 10:46:09,115.85,8471856
2021-06-18 10:46:10,115.85,8471878
2021-06-18 10:46:12,115.85,8477096
2021-06-18 10:46:12,115.85,8477096
2021-06-18 10:46:13,115.85,8477096
2021-06-18 10:46:14,115.8,8479114
2021-06-18 10:46:15,115.85,8479172
2021-06-18 10:46:16,115.8,8480180
2021-06-18 10:46:17,115.8,8480180
2021-06-18 10:46:18,115.85,8480245
2021-06-18 10:46:19,115.85,8480527
2021-06-18 10:46:20,115.85,8480571
2021-06-18 10:46:21,115.85,8480697
2021-06-18 10:46:22,115.85,8480716
2021-06-18 10:46:23,115.85,8480720
2021-06-18 10:46:24,115.85,8480738
2021-06-18 10:46:25,115.8,8480742
2021-06-18 10:46:26,115.75,8481043
2021-06-18 10:46:27,115.8,8481045
2021-06-18 10:46:29,115.8,8481064
2021-06-18 10:46:29,115.8,8481061
2021-06-18 10:46:30,115.8,8481064
2021-06-18 10:46:31,115.8,8481068
2021-06-18 10:46:32,115.8,8481114
2021-06-18 10:46:33,115.75,8482122
2021-06-18 10:46:34,115.8,8482139
2021-06-18 10:46:36,115.8,8482142
2021-06-18 10:46:36,115.8,8482217
2021-06-18 10:46:38,115.8,8482229
2021-06-18 10:46:38,115.8,8482230
2021-06-18 10:46:39,115.8,8482438
2021-06-18 10:46:40,115.8,8482484
2021-06-18 10:46:41,115.8,8482491
2021-06-18 10:46:42,115.75,8482498
2021-06-18 10:46:43,115.75,8482498
2021-06-18 10:46:45,115.8,8482519
2021-06-18 10:46:46,115.75,8482669
2021-06-18 10:46:47,115.8,8482670
2021-06-18 10:46:49,115.8,8482687
2021-06-18 10:46:50,115.8,8482693
2021-06-18 10:46:51,115.8,8482694
2021-06-18 10:46:52,115.75,8482724
2021-06-18 10:46:53,115.8,8482743
2021-06-18 10:46:55,115.8,8482746
2021-06-18 10:46:56,115.8,8482746
2021-06-18 10:46:57,115.8,8482776
2021-06-18 10:46:58,115.8,8485070
2021-06-18 10:46:59,115.85,8485356
2021-06-18 10:47:00,115.8,8485403
2021-06-18 10:47:01,115.85,8485503
2021-06-18 10:47:02,115.55,8582823
2021-06-18 10:47:03,115.65,8596505
2021-06-18 10:47:04,115.8,8630756
2021-06-18 10:47:05,115.8,8631175
2021-06-18 10:47:06,115.8,8631175
2021-06-18 10:47:06,115.8,8631185
2021-06-18 10:47:07,115.9,8636369
2021-06-18 10:47:08,115.85,8648993
2021-06-18 10:47:09,115.85,8649158
2021-06-18 10:47:10,115.8,8661834
2021-06-18 10:47:11,115.6,8683498
2021-06-18 10:47:12,115.65,8683605
2021-06-18 10:47:13,115.6,8684271
2021-06-18 10:47:14,115.6,8684388
2021-06-18 10:47:16,115.6,8684388
2021-06-18 10:47:16,115.6,8684388
2021-06-18 10:47:17,115.65,8687341
2021-06-18 10:47:18,115.6,8687788
2021-06-18 10:47:19,115.65,8687886
2021-06-18 10:47:21,115.7,8687913
2021-06-18 10:47:21,115.65,8691160
2021-06-18 10:47:22,115.65,8692102
2021-06-18 10:47:23,115.65,8692311
2021-06-18 10:47:24,115.65,8692359
2021-06-18 10:47:25,115.65,8692370
2021-06-18 10:47:26,115.65,8692372
2021-06-18 10:47:27,115.65,8692372
2021-06-18 10:47:28,115.6,8692472
2021-06-18 10:47:29,115.6,8692588
2021-06-18 10:47:30,115.6,8692588
2021-06-18 10:47:31,115.6,8692788
2021-06-18 10:47:32,115.6,8692803
2021-06-18 10:47:33,115.65,8692818
2021-06-18 10:47:34,115.65,8692855
2021-06-18 10:47:35,115.65,8692876
2021-06-18 10:47:36,115.65,8694931
2021-06-18 10:47:37,115.65,8695242
2021-06-18 10:47:38,115.65,8695290
2021-06-18 10:47:39,115.65,8695314
2021-06-18 10:47:40,115.6,8695418
2021-06-18 10:47:41,115.6,8695418
2021-06-18 10:47:44,115.65,8696035
2021-06-18 10:47:45,115.65,8696127
2021-06-18 10:47:45,115.65,8696141
2021-06-18 10:47:46,115.65,8696174
2021-06-18 10:47:47,115.65,8696179
2021-06-18 10:47:48,115.65,8696180
2021-06-18 10:47:52,115.6,8696646
2021-06-18 10:47:56,115.6,8697141
2021-06-18 10:48:00,115.5,8717809
2021-06-18 10:48:05,115.45,8727051
2021-06-18 10:48:09,115.5,8732046
2021-06-18 10:48:14,115.45,8732886
2021-06-18 10:48:23,115.3,8742128
2021-06-18 10:48:28,115.3,8743009
2021-06-18 10:48:33,115.3,8774400
2021-06-18 10:48:38,115.3,8780474
2021-06-18 10:48:43,115.05,8809175
2021-06-18 10:48:48,115.1,8812378
2021-06-18 10:48:53,115.05,8823076
2021-06-18 10:48:57,115.1,8823985
2021-06-18 10:49:02,115.0,8953115
2021-06-18 10:49:06,115.1,8973562
2021-06-18 10:49:11,114.95,8985455
2021-06-18 10:49:16,115.0,8986145
2021-06-18 10:49:21,115.0,8998105
2021-06-18 10:49:26,115.0,9006634
2021-06-18 10:49:31,114.9,9012868
2021-06-18 10:49:35,114.95,9015968
2021-06-18 10:49:40,114.9,9021457
2021-06-18 10:49:45,115.0,9027845
2021-06-18 10:49:50,114.95,9030627
2021-06-18 10:49:55,114.9,9052469
2021-06-18 10:50:00,114.9,9055973
2021-06-18 10:50:04,114.8,9071248
2021-06-18 10:50:09,114.85,9073860
2021-06-18 10:50:14,114.85,9080675
2021-06-18 10:50:19,114.9,9081858
2021-06-18 10:50:24,115.0,9103050
2021-06-18 10:50:29,114.8,9128460
2021-06-18 10:50:34,114.9,9133449
2021-06-18 10:50:38,114.85,9136572
2021-06-18 10:50:48,114.9,9160656
2021-06-18 10:50:53,114.95,9180148
2021-06-18 10:50:57,114.95,9186022
2021-06-18 10:51:01,114.95,9193484
2021-06-18 10:51:06,115.0,9195511
2021-06-18 10:51:11,114.95,9211022
2021-06-18 10:51:16,114.85,9214510
2021-06-18 10:51:20,114.8,9220414
2021-06-18 10:51:25,114.85,9220884
2021-06-18 10:51:30,114.95,9224971
2021-06-18 10:51:35,114.9,9233655
2021-06-18 10:51:40,114.9,9245166
2021-06-18 10:51:45,114.85,9254829
2021-06-18 10:51:49,114.8,9256755
2021-06-18 10:51:54,114.75,9259002
2021-06-18 10:51:59,114.8,9262016
2021-06-18 10:52:03,114.75,9263766
2021-06-18 10:52:08,114.75,9268085
2021-06-18 10:52:12,114.7,9269691
2021-06-18 10:52:17,114.75,9279172
2021-06-18 10:52:22,114.8,9295481
2021-06-18 10:52:27,114.85,9296976
2021-06-18 10:52:32,114.4,9389076
2021-06-18 10:52:37,114.55,9410778
2021-06-18 10:52:41,114.5,9460959
2021-06-18 10:52:46,114.55,9478199
2021-06-18 10:52:50,114.65,9480703
2021-06-18 10:52:51,114.6,9481214
2021-06-18 10:52:52,114.7,9488351
2021-06-18 10:52:53,114.7,9489429
2021-06-18 10:52:54,114.7,9497479
2021-06-18 10:52:54,114.5,9518027
2021-06-18 10:52:56,114.35,9534638
2021-06-18 10:52:56,114.35,9534650
2021-06-18 10:52:58,114.45,9534651
2021-06-18 10:52:58,114.45,9536451
2021-06-18 10:53:00,114.4,9536871
2021-06-18 10:53:01,114.4,9560935
2021-06-18 10:53:02,114.4,9561291
2021-06-18 10:53:03,114.5,9573924
2021-06-18 10:53:04,114.45,9574674
2021-06-18 10:53:05,114.5,9576309
2021-06-18 10:53:06,114.5,9578611
2021-06-18 10:53:06,114.5,9578611
2021-06-18 10:53:07,114.45,9578761
2021-06-18 10:53:09,114.5,9578779
2021-06-18 10:53:10,114.5,9578794
2021-06-18 10:53:11,114.55,9580123
2021-06-18 10:53:12,114.5,9582919
2021-06-18 10:53:13,114.45,9583019
2021-06-18 10:53:14,114.45,9585467
2021-06-18 10:53:16,114.5,9585833
2021-06-18 10:53:16,114.5,9587423
2021-06-18 10:53:18,114.5,9588588
2021-06-18 10:53:18,114.35,9595254
2021-06-18 10:53:20,114.35,9595254
2021-06-18 10:53:21,114.4,9607927
2021-06-18 10:53:22,114.4,9607927
2021-06-18 10:53:23,114.4,9607928
2021-06-18 10:53:24,114.4,9609408
2021-06-18 10:53:25,114.4,9609508
2021-06-18 10:53:25,114.4,9609508
2021-06-18 10:53:26,114.45,9613232
2021-06-18 10:53:28,114.35,9619342
2021-06-18 10:53:29,114.4,9622507
2021-06-18 10:53:29,114.4,9622507
2021-06-18 10:53:31,114.35,9623749
2021-06-18 10:53:32,114.3,9623783
2021-06-18 10:53:33,114.4,9626197
2021-06-18 10:53:34,114.3,9630867
2021-06-18 10:53:35,114.4,9631897
2021-06-18 10:53:35,114.4,9631897
2021-06-18 10:53:36,114.35,9632117
2021-06-18 10:53:37,114.3,9633024
2021-06-18 10:53:38,114.25,9634462
2021-06-18 10:53:39,114.3,9635137
2021-06-18 10:53:40,114.3,9636737
2021-06-18 10:53:41,114.3,9637272
2021-06-18 10:53:42,114.15,9647131
2021-06-18 10:53:44,114.2,9648970
2021-06-18 10:53:45,114.2,9649439
2021-06-18 10:53:48,114.25,9652506
2021-06-18 10:53:50,114.2,9654571
2021-06-18 10:53:49,114.15,9653522
2021-06-18 10:53:51,114.2,9654622
2021-06-18 10:53:55,114.25,9658543
2021-06-18 10:53:58,114.25,9660262
2021-06-18 10:53:59,114.25,9660828
2021-06-18 10:54:00,114.15,9661328
2021-06-18 10:54:01,114.15,9662362
2021-06-18 10:54:02,114.15,9662362
2021-06-18 10:54:05,114.15,9663578
2021-06-18 10:54:06,114.15,9664504
2021-06-18 10:54:07,114.15,9664504
2021-06-18 10:54:08,114.2,9665204
2021-06-18 10:54:09,114.15,9666755
2021-06-18 10:54:10,114.2,9668706
2021-06-18 10:54:11,114.1,9669877
2021-06-18 10:54:12,114.2,9678816
2021-06-18 10:54:13,114.2,9680559
2021-06-18 10:54:14,114.25,9680576
2021-06-18 10:54:15,114.2,9680679
2021-06-18 10:54:16,114.2,9680679
2021-06-18 10:54:17,114.2,9680689
2021-06-18 10:54:18,114.2,9682086
2021-06-18 10:54:19,114.2,9682315
2021-06-18 10:54:20,114.25,9682425
2021-06-18 10:54:21,114.25,9682443
2021-06-18 10:54:22,114.15,9682547
2021-06-18 10:54:23,114.25,9682557
2021-06-18 10:54:24,114.2,9682882
2021-06-18 10:54:25,114.2,9682932
2021-06-18 10:54:26,114.05,9684927
2021-06-18 10:54:27,114.05,9684927
2021-06-18 10:54:28,114.15,9686764
2021-06-18 10:54:29,114.05,9690276
2021-06-18 10:54:30,114.15,9690277
2021-06-18 10:54:31,114.2,9690345
2021-06-18 10:54:32,114.2,9690735
2021-06-18 10:54:34,114.2,9690932
2021-06-18 10:54:33,114.15,9690905
2021-06-18 10:54:35,114.2,9693764
2021-06-18 10:54:36,114.1,9694264
2021-06-18 10:54:37,114.15,9694284
2021-06-18 10:54:38,114.15,9694284
2021-06-18 10:54:39,114.2,9700317
2021-06-18 10:54:40,114.2,9704119
2021-06-18 10:54:41,114.2,9705082
2021-06-18 10:54:42,114.2,9705719
2021-06-18 10:54:43,114.2,9705815
2021-06-18 10:54:44,114.15,9707094
2021-06-18 10:54:45,114.15,9707286
2021-06-18 10:54:46,114.05,9709125
2021-06-18 10:54:47,114.05,9709125
2021-06-18 10:54:48,114.05,9709725
2021-06-18 10:54:49,114.15,9709728
2021-06-18 10:54:50,114.15,9710028
2021-06-18 10:54:52,114.1,9714965
2021-06-18 10:54:53,114.15,9714971
2021-06-18 10:54:54,114.15,9715810
2021-06-18 10:54:55,114.15,9715946
2021-06-18 10:54:56,114.15,9715966
2021-06-18 10:54:57,114.2,9716442
2021-06-18 10:54:58,114.15,9716792
2021-06-18 10:54:59,114.15,9727131
2021-06-18 10:55:00,114.15,9728687
2021-06-18 10:55:01,114.15,9730922
2021-06-18 10:55:02,114.15,9731262
2021-06-18 10:55:03,114.1,9731686
2021-06-18 10:55:04,114.2,9731830
2021-06-18 10:55:06,114.2,9732263
2021-06-18 10:55:07,114.15,9732426
2021-06-18 10:55:08,114.15,9732745
2021-06-18 10:55:09,114.1,9733101
2021-06-18 10:55:10,114.1,9737652
2021-06-18 10:55:11,114.2,9738203
2021-06-18 10:55:12,114.2,9742698
2021-06-18 10:55:13,114.25,9742711
2021-06-18 10:55:14,114.2,9742792
2021-06-18 10:55:15,114.25,9742845
2021-06-18 10:55:16,114.25,9750613
2021-06-18 10:55:17,114.35,9750837
2021-06-18 10:55:18,114.35,9751939
2021-06-18 10:55:19,114.35,9752009
2021-06-18 10:55:20,114.4,9752802
2021-06-18 10:55:21,114.4,9754098
2021-06-18 10:55:22,114.4,9754614
2021-06-18 10:55:23,114.45,9756882
2021-06-18 10:55:24,114.45,9759900
2021-06-18 10:55:25,114.4,9765135
2021-06-18 10:55:26,114.3,9784651
2021-06-18 10:55:27,114.35,9791539
2021-06-18 10:55:28,114.3,9797951
2021-06-18 10:55:29,114.35,9799391
2021-06-18 10:55:30,114.3,9800617
2021-06-18 10:55:31,114.35,9800987
2021-06-18 10:55:32,114.35,9801043
2021-06-18 10:55:33,114.25,9802274
2021-06-18 10:55:34,114.25,9802459
2021-06-18 10:55:35,114.25,9802488
2021-06-18 10:55:36,114.15,9803475
2021-06-18 10:55:37,114.2,9803628
2021-06-18 10:55:38,114.2,9803651
2021-06-18 10:55:39,114.2,9803739
2021-06-18 10:55:40,114.2,9804242
2021-06-18 10:55:41,114.25,9804348
2021-06-18 10:55:42,114.25,9804826
2021-06-18 10:55:43,114.25,9804898
2021-06-18 10:55:44,114.2,9804938
2021-06-18 10:55:45,114.2,9804968
2021-06-18 10:55:46,114.25,9805113
2021-06-18 10:55:47,114.2,9806418
2021-06-18 10:55:48,114.3,9806444
2021-06-18 10:55:49,114.25,9806453
2021-06-18 10:55:50,114.25,9806461
2021-06-18 10:55:51,114.25,9806727
2021-06-18 10:55:52,114.25,9807017
2021-06-18 10:55:54,114.2,9807530
2021-06-18 10:55:55,114.25,9807583
2021-06-18 10:55:56,114.3,9807891
2021-06-18 10:55:57,114.25,9808188
2021-06-18 10:55:58,114.25,9808533
2021-06-18 10:55:59,114.25,9808816
2021-06-18 10:56:00,114.25,9808816
2021-06-18 10:56:01,114.25,9809067
2021-06-18 10:56:02,114.15,9816668
2021-06-18 10:56:03,114.2,9816672
2021-06-18 10:56:04,114.2,9816691
2021-06-18 10:56:05,114.2,9816801
2021-06-18 10:56:06,114.2,9816837
2021-06-18 10:56:07,114.2,9816851
2021-06-18 10:56:08,114.2,9817993
2021-06-18 10:56:09,114.2,9820730
2021-06-18 10:56:10,114.2,9821443
2021-06-18 10:56:11,114.15,9821551
2021-06-18 10:56:12,114.15,9821667
2021-06-18 10:56:13,114.1,9825108
2021-06-18 10:56:14,114.15,9825110
2021-06-18 10:56:15,114.15,9825111
2021-06-18 10:56:16,114.15,9825240
2021-06-18 10:56:17,113.85,9885839
2021-06-18 10:56:18,114.1,9902888
2021-06-18 10:56:20,114.2,9908896
2021-06-18 10:56:21,114.15,9910627
2021-06-18 10:56:22,114.25,9910868
2021-06-18 10:56:23,114.2,9922890
2021-06-18 10:56:24,114.2,9926192
2021-06-18 10:56:24,114.2,9926687
2021-06-18 10:56:25,114.15,9926766
2021-06-18 10:56:26,114.2,9927145
2021-06-18 10:56:27,114.3,9927371
2021-06-18 10:56:28,114.25,9927869
2021-06-18 10:56:29,114.25,9930885
2021-06-18 10:56:31,114.2,9960810
2021-06-18 10:56:34,114.2,9962272
2021-06-18 10:56:35,114.25,9962293
2021-06-18 10:56:36,114.2,9966555
2021-06-18 10:56:37,114.2,9966555
2021-06-18 10:56:38,114.1,9972455
2021-06-18 10:56:39,114.2,9972892
2021-06-18 10:56:40,114.2,9974457
2021-06-18 10:56:41,114.2,9975022
2021-06-18 10:56:42,114.2,9975777
2021-06-18 10:56:43,114.2,9976055
2021-06-18 10:56:44,114.2,9976114
2021-06-18 10:56:46,114.25,9976280
2021-06-18 10:56:46,114.25,9976305
2021-06-18 10:56:47,114.25,9976308
2021-06-18 10:56:48,114.2,9977115
2021-06-18 10:56:49,114.25,9977131
2021-06-18 10:56:50,114.25,9977141
2021-06-18 10:56:51,114.2,9977243
2021-06-18 10:56:52,114.2,9977243
2021-06-18 10:56:53,114.2,9979761
2021-06-18 10:56:54,114.2,9980481
2021-06-18 10:56:55,114.2,9980589
2021-06-18 10:56:56,114.15,9980635
2021-06-18 10:56:58,114.2,9980646
2021-06-18 10:56:59,114.15,9980698
2021-06-18 10:57:01,114.15,9980848
2021-06-18 10:57:02,114.2,9981356
2021-06-18 10:57:03,114.15,9981462
2021-06-18 10:57:04,114.15,9981587
2021-06-18 10:57:05,114.1,9981656
2021-06-18 10:57:06,114.1,9981656
2021-06-18 10:57:07,114.2,9981682
2021-06-18 10:57:08,114.2,9981718
2021-06-18 10:57:09,114.1,9981989
2021-06-18 10:57:10,114.2,9982099
2021-06-18 10:57:11,114.1,9982366
2021-06-18 10:57:12,114.2,9982422
2021-06-18 10:57:13,114.2,9982530
2021-06-18 10:57:14,114.2,9982799
2021-06-18 10:57:15,114.15,9983682
2021-06-18 10:57:16,114.1,9983856
2021-06-18 10:57:17,114.15,9983956
2021-06-18 10:57:19,114.15,9986074
2021-06-18 10:57:20,114.05,9987431
2021-06-18 10:57:22,113.95,10004817
2021-06-18 10:57:23,114.0,10005022
2021-06-18 10:57:24,114.0,10005093
2021-06-18 10:57:25,113.95,10005280
2021-06-18 10:57:26,114.0,10005281
2021-06-18 10:57:27,114.0,10005539
2021-06-18 10:57:28,114.0,10005789
2021-06-18 10:57:29,114.0,10005826
2021-06-18 10:57:30,113.9,10006894
2021-06-18 10:57:31,114.0,10006895
2021-06-18 10:57:32,114.0,10008489
2021-06-18 10:57:34,114.0,10008755
2021-06-18 10:57:34,114.0,10008795
2021-06-18 10:57:36,114.0,10009296
2021-06-18 10:57:37,113.95,10009873
2021-06-18 10:57:38,114.0,10009900
2021-06-18 10:57:39,114.0,10009961
2021-06-18 10:57:40,114.0,10010212
2021-06-18 10:57:41,114.0,10010251
2021-06-18 10:57:42,113.95,10014394
2021-06-18 10:57:43,113.95,10015263
2021-06-18 10:57:44,113.95,10015411
2021-06-18 10:57:45,114.0,10016115
2021-06-18 10:57:45,114.0,10016023
2021-06-18 10:57:46,114.0,10016128
2021-06-18 10:57:47,114.0,10016130
2021-06-18 10:57:48,113.9,10016704
2021-06-18 10:57:49,114.0,10017895
2021-06-18 10:57:51,114.0,10018240
2021-06-18 10:57:52,113.85,10027027
2021-06-18 10:57:52,113.85,10027027
2021-06-18 10:57:54,113.95,10027207
2021-06-18 10:57:55,113.95,10027333
2021-06-18 10:57:55,114.0,10027434
2021-06-18 10:57:57,114.0,10027876
2021-06-18 10:57:57,114.0,10029260
2021-06-18 10:57:58,114.0,10029469
2021-06-18 10:57:59,114.0,10029501
2021-06-18 10:58:04,113.95,10030512
2021-06-18 10:58:06,113.95,10030563
2021-06-18 10:58:07,113.9,10030750
2021-06-18 10:58:08,113.9,10031251
2021-06-18 10:58:08,113.85,10043251
2021-06-18 10:58:09,113.95,10043453
2021-06-18 10:58:10,113.9,10044855
2021-06-18 10:58:11,113.85,10045166
2021-06-18 10:58:12,113.9,10046716
2021-06-18 10:58:13,113.85,10054088
2021-06-18 10:58:14,113.85,10055416
2021-06-18 10:58:16,113.85,10055623
2021-06-18 10:58:16,113.9,10056740
2021-06-18 10:58:17,113.9,10056913
2021-06-18 10:58:18,113.9,10056938
2021-06-18 10:58:19,113.85,10059461
2021-06-18 10:58:20,113.85,10059661
2021-06-18 10:58:21,113.9,10059761
2021-06-18 10:58:22,113.9,10070610
2021-06-18 10:58:23,113.9,10070714
2021-06-18 10:58:24,113.95,10070898
2021-06-18 10:58:25,113.95,10072148
2021-06-18 10:58:26,113.95,10072467
2021-06-18 10:58:27,113.95,10073130
2021-06-18 10:58:28,114.0,10075074
2021-06-18 10:58:29,114.0,10075514
2021-06-18 10:58:31,113.95,10076106
2021-06-18 10:58:32,114.0,10077676
2021-06-18 10:58:33,114.0,10077706
2021-06-18 10:58:34,114.0,10077732
2021-06-18 10:58:35,114.0,10078036
2021-06-18 10:58:36,113.9,10078141
2021-06-18 10:58:37,113.9,10078321
2021-06-18 10:58:38,113.95,10078983
2021-06-18 10:58:39,114.0,10079537
2021-06-18 10:58:40,113.95,10079645
2021-06-18 10:58:41,113.9,10079919
2021-06-18 10:58:43,114.0,10079956
2021-06-18 10:58:43,114.0,10079951
2021-06-18 10:58:44,114.0,10079975
2021-06-18 10:58:45,114.0,10082936
2021-06-18 10:58:46,114.0,10083381
2021-06-18 10:58:47,114.0,10083518
2021-06-18 10:58:49,113.95,10083570
2021-06-18 10:58:52,113.95,10083686
2021-06-18 10:58:54,113.9,10083746
2021-06-18 10:58:57,113.9,10084041
2021-06-18 10:58:57,113.95,10087295
2021-06-18 10:58:58,114.0,10087328
2021-06-18 10:58:59,113.95,10094872
2021-06-18 10:59:00,113.95,10096187
2021-06-18 10:59:01,113.95,10096393
2021-06-18 10:59:02,113.9,10096556
2021-06-18 10:59:04,113.95,10096705
2021-06-18 10:59:06,113.9,10115192
2021-06-18 10:59:06,113.8,10118447
2021-06-18 10:59:07,113.75,10134622
2021-06-18 10:59:08,113.75,10134972
2021-06-18 10:59:09,113.75,10134972
2021-06-18 10:59:10,113.75,10134972
2021-06-18 10:59:11,113.85,10135216
2021-06-18 10:59:12,113.8,10135842
2021-06-18 10:59:15,113.7,10138904
2021-06-18 10:59:16,113.7,10138904
2021-06-18 10:59:17,113.75,10138930
2021-06-18 10:59:17,113.75,10138944
2021-06-18 10:59:20,113.6,10168164
2021-06-18 10:59:21,113.65,10168182
2021-06-18 10:59:26,113.6,10210998
2021-06-18 10:59:27,113.55,10219097
2021-06-18 10:59:28,113.65,10219565
2021-06-18 10:59:31,113.6,10221012
2021-06-18 10:59:32,113.6,10222023
2021-06-18 10:59:33,113.65,10223548
2021-06-18 10:59:34,113.7,10223572
2021-06-18 10:59:35,113.7,10223583
2021-06-18 10:59:36,113.7,10223794
2021-06-18 10:59:37,113.65,10224075
2021-06-18 10:59:38,113.7,10225692
2021-06-18 10:59:39,113.6,10226472
2021-06-18 10:59:40,113.65,10226477
2021-06-18 10:59:41,113.65,10227239
2021-06-18 10:59:42,113.6,10227999
2021-06-18 10:59:44,113.65,10228016
2021-06-18 10:59:45,113.6,10228402
2021-06-18 10:59:46,113.6,10228402
2021-06-18 10:59:47,113.55,10228804
2021-06-18 10:59:48,113.6,10229004
2021-06-18 10:59:49,113.7,10229130
2021-06-18 10:59:50,113.7,10241234
2021-06-18 10:59:51,113.7,10241259
2021-06-18 10:59:51,113.7,10241602
2021-06-18 10:59:53,113.75,10243692
2021-06-18 10:59:53,113.6,10245525
2021-06-18 10:59:54,113.75,10251626
2021-06-18 10:59:57,113.65,10254695
2021-06-18 10:59:58,113.7,10254815
2021-06-18 10:59:59,113.7,10255224
2021-06-18 11:00:00,113.7,10255763
2021-06-18 11:00:01,113.75,10256065
2021-06-18 11:00:02,113.8,10256997
2021-06-18 11:00:03,113.85,10269721
2021-06-18 11:00:04,113.8,10276610
2021-06-18 11:00:05,113.8,10277811
