timestamp,ltp,volume
2021-06-18 09:18:40,122.25,1728527
2021-06-18 09:18:45,122.35,1733957
2021-06-18 09:18:51,122.4,1744363
2021-06-18 09:18:57,122.45,1759782
2021-06-18 09:19:03,122.4,1773967
2021-06-18 09:19:09,122.4,1795657
2021-06-18 09:19:20,122.3,1812691
2021-06-18 09:19:26,122.45,1819378
2021-06-18 09:19:32,122.45,1827184
2021-06-18 09:19:37,122.3,1892638
2021-06-18 09:19:43,122.3,1929484
2021-06-18 09:19:48,122.4,1961416
2021-06-18 09:19:59,122.45,2054948
2021-06-18 09:20:05,121.95,2333664
2021-06-18 09:20:10,121.9,2416864
2021-06-18 09:20:16,121.65,2481959
2021-06-18 09:20:21,121.85,2517406
2021-06-18 09:20:27,121.95,2532328
2021-06-18 09:20:32,121.9,2543063
2021-06-18 09:20:37,121.9,2554251
2021-06-18 09:20:43,121.8,2580187
2021-06-18 09:20:49,121.8,2604599
2021-06-18 09:20:54,121.7,2630615
2021-06-18 09:21:00,121.75,2646628
2021-06-18 09:21:05,121.55,2721844
2021-06-18 09:21:11,121.5,2815673
2021-06-18 09:21:16,121.6,2908250
2021-06-18 09:21:22,121.6,2927423
2021-06-18 09:21:27,121.6,2934349
2021-06-18 09:21:33,121.6,2943494
2021-06-18 09:21:38,121.75,2964142
2021-06-18 09:21:44,121.6,2986905
2021-06-18 09:21:49,121.5,3042169
2021-06-18 09:21:55,121.45,3070945
2021-06-18 09:22:00,121.5,3081754
2021-06-18 09:22:06,121.5,3087498
2021-06-18 09:22:11,121.7,3127312
2021-06-18 09:22:16,121.7,3173061
2021-06-18 09:22:22,121.7,3179179
2021-06-18 09:22:27,121.7,3186121
2021-06-18 09:22:32,121.7,3204088
2021-06-18 09:22:38,121.7,3244240
2021-06-18 09:22:43,121.7,3259051
2021-06-18 09:22:48,121.75,3261470
2021-06-18 09:22:50,121.75,3262261
2021-06-18 09:22:51,121.85,3265583
2021-06-18 09:22:52,121.95,3268788
2021-06-18 09:22:52,121.85,3269517
2021-06-18 09:22:53,121.95,3270338
2021-06-18 09:22:54,122.0,3274738
2021-06-18 09:22:56,121.95,3275798
2021-06-18 09:22:57,122.0,3276269
2021-06-18 09:22:57,121.8,3306171
2021-06-18 09:22:58,121.9,3307277
2021-06-18 09:22:59,121.95,3308249
2021-06-18 09:23:00,121.9,3312720
2021-06-18 09:23:01,121.95,3316754
2021-06-18 09:23:02,121.95,3317683
2021-06-18 09:23:03,121.95,3317683
2021-06-18 09:23:04,121.95,3317883
2021-06-18 09:23:07,121.95,3346310
2021-06-18 09:23:08,121.95,3347774
2021-06-18 09:23:09,121.95,3348158
2021-06-18 09:23:10,121.75,3388126
2021-06-18 09:23:11,121.85,3389151
2021-06-18 09:23:12,121.85,3390112
2021-06-18 09:23:13,121.75,3408518
2021-06-18 09:23:14,121.7,3408565
2021-06-18 09:23:15,121.75,3409327
2021-06-18 09:23:16,121.65,3409517
2021-06-18 09:23:17,121.7,3409641
2021-06-18 09:23:18,121.5,3481064
2021-06-18 09:23:19,121.5,3489315
2021-06-18 09:23:20,121.5,3492191
2021-06-18 09:23:21,121.5,3492291
2021-06-18 09:23:22,121.5,3507283
2021-06-18 09:23:23,121.6,3509498
2021-06-18 09:23:24,121.6,3512235
2021-06-18 09:23:25,121.7,3513463
2021-06-18 09:23:26,121.6,3518739
2021-06-18 09:23:27,121.6,3520956
2021-06-18 09:23:28,121.65,3521057
2021-06-18 09:23:29,121.65,3521154
2021-06-18 09:23:30,121.6,3521866
2021-06-18 09:23:31,121.6,3521866
2021-06-18 09:23:32,121.55,3533115
2021-06-18 09:23:33,121.6,3533120
2021-06-18 09:23:34,121.6,3533820
2021-06-18 09:23:35,121.55,3534855
2021-06-18 09:23:36,121.6,3535584
2021-06-18 09:23:37,121.6,3535983
2021-06-18 09:23:39,121.6,3541601
2021-06-18 09:23:40,121.65,3541662
2021-06-18 09:23:41,121.6,3542098
2021-06-18 09:23:42,121.65,3543634
2021-06-18 09:23:43,121.6,3547658
2021-06-18 09:23:44,121.65,3552005
2021-06-18 09:23:45,121.7,3552324
2021-06-18 09:23:46,121.7,3552430
2021-06-18 09:23:47,121.7,3552686
2021-06-18 09:23:48,121.7,3553074
2021-06-18 09:23:49,121.65,3554844
2021-06-18 09:23:50,121.75,3557570
2021-06-18 09:23:51,121.7,3557663
2021-06-18 09:23:52,121.65,3566388
2021-06-18 09:23:53,121.75,3566599
2021-06-18 09:23:54,121.65,3566706
2021-06-18 09:23:55,121.75,3567248
2021-06-18 09:23:55,121.7,3567348
2021-06-18 09:23:56,121.75,3567749
2021-06-18 09:23:57,121.75,3569469
2021-06-18 09:23:58,121.7,3577284
2021-06-18 09:23:59,121.8,3578404
2021-06-18 09:24:00,121.7,3578965
2021-06-18 09:24:01,121.75,3591522
2021-06-18 09:24:02,121.8,3592587
2021-06-18 09:24:04,121.75,3594758
2021-06-18 09:24:05,121.8,3606712
2021-06-18 09:24:06,121.9,3607384
2021-06-18 09:24:08,121.85,3610351
2021-06-18 09:24:10,121.9,3611134
2021-06-18 09:24:11,121.9,3617063
2021-06-18 09:24:11,121.85,3617163
2021-06-18 09:24:12,121.95,3617966
2021-06-18 09:24:13,121.95,3618142
2021-06-18 09:24:14,121.95,3618158
2021-06-18 09:24:15,121.9,3620018
2021-06-18 09:24:16,121.9,3620522
2021-06-18 09:24:17,121.9,3622794
2021-06-18 09:24:18,121.95,3623352
2021-06-18 09:24:19,121.95,3623356
2021-06-18 09:24:21,122.0,3624884
2021-06-18 09:24:21,122.0,3624885
2021-06-18 09:24:22,121.95,3625191
2021-06-18 09:24:23,122.0,3627826
2021-06-18 09:24:24,121.95,3638390
2021-06-18 09:24:25,122.0,3638517
2021-06-18 09:24:27,122.1,3646287
2021-06-18 09:24:27,122.05,3646538
2021-06-18 09:24:28,122.1,3647141
2021-06-18 09:24:29,122.1,3647485
2021-06-18 09:24:31,122.05,3649128
2021-06-18 09:24:32,122.1,3652116
2021-06-18 09:24:33,122.1,3653171
2021-06-18 09:24:33,122.0,3653191
2021-06-18 09:24:35,122.1,3665130
2021-06-18 09:24:36,122.15,3677230
2021-06-18 09:24:37,122.1,3677280
2021-06-18 09:24:38,122.1,3684752
2021-06-18 09:24:39,122.1,3687517
2021-06-18 09:24:40,122.15,3689580
2021-06-18 09:24:41,122.2,3690285
2021-06-18 09:24:42,122.2,3691452
2021-06-18 09:24:43,122.2,3692525
2021-06-18 09:24:44,122.2,3692679
2021-06-18 09:24:45,122.2,3693371
2021-06-18 09:24:45,122.2,3693743
2021-06-18 09:24:47,122.2,3694823
2021-06-18 09:24:47,122.2,3694923
2021-06-18 09:24:48,122.2,3696483
2021-06-18 09:24:49,122.2,3697614
2021-06-18 09:24:50,122.1,3698903
2021-06-18 09:24:51,122.2,3700628
2021-06-18 09:24:52,122.2,3700731
2021-06-18 09:24:53,122.2,3721415
2021-06-18 09:24:54,122.2,3726630
2021-06-18 09:24:55,122.2,3727250
2021-06-18 09:24:56,122.2,3727450
2021-06-18 09:24:57,122.15,3727672
2021-06-18 09:24:59,122.0,3778846
2021-06-18 09:25:00,122.0,3796535
2021-06-18 09:25:00,121.9,3796740
2021-06-18 09:25:01,122.1,3799897
2021-06-18 09:25:03,122.1,3799997
2021-06-18 09:25:04,122.1,3800565
2021-06-18 09:25:05,122.0,3812699
2021-06-18 09:25:05,122.1,3812809
2021-06-18 09:25:06,122.2,3821080
2021-06-18 09:25:07,122.2,3821185
2021-06-18 09:25:08,122.2,3821935
2021-06-18 09:25:09,122.1,3822537
2021-06-18 09:25:10,122.2,3822544
2021-06-18 09:25:12,122.15,3824223
2021-06-18 09:25:15,122.4,3846819
2021-06-18 09:25:16,122.3,3847419
2021-06-18 09:25:20,122.35,3866860
2021-06-18 09:25:21,122.4,3869897
2021-06-18 09:25:22,122.35,3870149
2021-06-18 09:25:23,122.45,3870313
2021-06-18 09:25:24,122.35,3873298
2021-06-18 09:25:25,122.45,3873858
2021-06-18 09:25:26,122.45,3874049
2021-06-18 09:25:27,122.4,3874079
2021-06-18 09:25:28,122.45,3874432
2021-06-18 09:25:29,122.35,3893758
2021-06-18 09:25:30,122.35,3895273
2021-06-18 09:25:31,122.35,3895703
2021-06-18 09:25:32,122.4,3896619
2021-06-18 09:25:33,122.35,3897175
2021-06-18 09:25:34,122.35,3897684
2021-06-18 09:25:35,122.35,3898464
2021-06-18 09:25:35,122.35,3898464
2021-06-18 09:25:36,122.35,3899834
2021-06-18 09:25:38,122.3,3916957
2021-06-18 09:25:39,122.4,3920309
2021-06-18 09:25:39,122.3,3920612
2021-06-18 09:25:41,122.35,3922272
2021-06-18 09:25:42,122.35,3924557
2021-06-18 09:25:42,122.35,3924557
2021-06-18 09:25:44,122.4,3925107
2021-06-18 09:25:45,122.35,3926639
2021-06-18 09:25:46,122.3,3927859
2021-06-18 09:25:46,122.3,3928087
2021-06-18 09:25:47,122.15,3944563
2021-06-18 09:25:48,122.05,3944601
2021-06-18 09:25:49,122.15,3944864
2021-06-18 09:25:50,122.1,3945582
2021-06-18 09:25:51,122.2,3955460
2021-06-18 09:25:52,122.2,3956860
2021-06-18 09:25:53,122.2,3957975
2021-06-18 09:25:55,122.15,3958989
2021-06-18 09:25:56,122.2,3959510
2021-06-18 09:25:56,122.25,3962449
2021-06-18 09:25:58,122.2,3965821
2021-06-18 09:25:59,122.3,3978415
2021-06-18 09:26:00,122.25,3984030
2021-06-18 09:26:01,122.25,3984590
2021-06-18 09:26:02,122.3,3984710
2021-06-18 09:26:03,122.35,3984711
2021-06-18 09:26:04,122.35,3984711
2021-06-18 09:26:05,122.35,3984745
2021-06-18 09:26:05,122.3,3985439
2021-06-18 09:26:07,122.25,3995266
2021-06-18 09:26:07,122.25,3995266
2021-06-18 09:26:08,122.3,3996392
2021-06-18 09:26:10,122.25,3996542
2021-06-18 09:26:11,122.25,3996885
2021-06-18 09:26:12,122.3,3996904
2021-06-18 09:26:12,122.25,3996994
2021-06-18 09:26:13,122.3,3998921
2021-06-18 09:26:14,122.25,3999057
2021-06-18 09:26:15,122.3,3999153
2021-06-18 09:26:16,122.25,4000144
2021-06-18 09:26:17,122.3,4001319
2021-06-18 09:26:18,122.3,4001604
2021-06-18 09:26:19,122.3,4001705
2021-06-18 09:26:20,122.25,4003060
2021-06-18 09:26:21,122.3,4003100
2021-06-18 09:26:22,122.3,4004277
2021-06-18 09:26:23,122.25,4004540
2021-06-18 09:26:24,122.3,4004580
2021-06-18 09:26:25,122.3,4004961
2021-06-18 09:26:26,122.2,4083073
2021-06-18 09:26:27,122.2,4084392
2021-06-18 09:26:28,122.15,4091914
2021-06-18 09:26:29,122.2,4097633
2021-06-18 09:26:30,122.25,4097728
2021-06-18 09:26:32,122.2,4097778
2021-06-18 09:26:33,122.2,4101271
2021-06-18 09:26:34,122.2,4101566
2021-06-18 09:26:35,122.35,4110396
2021-06-18 09:26:36,122.4,4112587
2021-06-18 09:26:36,122.3,4111381
2021-06-18 09:26:37,122.4,4131354
2021-06-18 09:26:38,122.4,4132572
2021-06-18 09:26:39,122.55,4153483
2021-06-18 09:26:40,122.55,4155367
2021-06-18 09:26:41,122.5,4155984
2021-06-18 09:26:43,122.55,4157942
2021-06-18 09:26:44,122.55,4161641
2021-06-18 09:26:45,122.5,4161742
2021-06-18 09:26:46,122.5,4167504
2021-06-18 09:26:47,122.6,4168029
2021-06-18 09:26:47,122.5,4168030
2021-06-18 09:26:48,122.5,4173128
2021-06-18 09:26:49,122.5,4173308
2021-06-18 09:26:50,122.6,4173463
2021-06-18 09:26:51,122.55,4175364
2021-06-18 09:26:52,122.55,4176294
2021-06-18 09:26:53,122.55,4176405
2021-06-18 09:26:54,122.55,4177155
2021-06-18 09:26:55,122.5,4177361
2021-06-18 09:26:56,122.55,4181401
2021-06-18 09:26:57,122.55,4181652
2021-06-18 09:26:58,122.55,4185870
2021-06-18 09:27:01,122.5,4191681
2021-06-18 09:27:02,122.55,4200931
2021-06-18 09:27:03,122.6,4206316
2021-06-18 09:27:03,122.55,4206351
2021-06-18 09:27:04,122.5,4206414
2021-06-18 09:27:06,122.55,4209209
2021-06-18 09:27:07,122.45,4211148
2021-06-18 09:27:07,122.45,4211548
2021-06-18 09:27:08,122.5,4213740
2021-06-18 09:27:09,122.5,4213989
2021-06-18 09:27:10,122.5,4219021
2021-06-18 09:27:11,122.5,4219964
2021-06-18 09:27:12,122.55,4221146
2021-06-18 09:27:13,122.5,4221191
2021-06-18 09:27:14,122.5,4221284
2021-06-18 09:27:15,122.5,4222316
2021-06-18 09:27:17,122.45,4225129
2021-06-18 09:27:17,122.25,4246242
2021-06-18 09:27:18,122.3,4249004
2021-06-18 09:27:20,122.3,4251456
2021-06-18 09:27:22,122.35,4253475
2021-06-18 09:27:23,122.35,4253495
2021-06-18 09:27:25,122.4,4268463
2021-06-18 09:27:26,122.3,4268545
2021-06-18 09:27:27,122.4,4270508
2021-06-18 09:27:28,122.4,4270508
2021-06-18 09:27:29,122.4,4270741
2021-06-18 09:27:30,122.4,4271041
2021-06-18 09:27:32,122.4,4271521
2021-06-18 09:27:33,122.35,4271623
2021-06-18 09:27:34,122.4,4272122
2021-06-18 09:27:35,122.35,4272128
2021-06-18 09:27:36,122.35,4274201
2021-06-18 09:27:37,122.35,4274444
2021-06-18 09:27:38,122.4,4275073
2021-06-18 09:27:39,122.4,4276102
2021-06-18 09:27:40,122.4,4278366
2021-06-18 09:27:41,122.4,4278366
2021-06-18 09:27:41,122.4,4278396
2021-06-18 09:27:43,122.3,4329256
2021-06-18 09:27:44,122.4,4329417
2021-06-18 09:27:45,122.35,4335205
2021-06-18 09:27:46,122.35,4335235
2021-06-18 09:27:48,122.35,4336455
2021-06-18 09:27:50,122.35,4337812
2021-06-18 09:27:51,122.45,4340321
2021-06-18 09:27:52,122.4,4340757
2021-06-18 09:27:53,122.45,4340844
2021-06-18 09:27:54,122.45,4341889
2021-06-18 09:27:55,122.45,4342989
2021-06-18 09:27:56,122.45,4342989
2021-06-18 09:27:57,122.4,4343189
2021-06-18 09:27:58,122.45,4345809
2021-06-18 09:27:59,122.4,4346670
2021-06-18 09:28:00,122.4,4347112
2021-06-18 09:28:01,122.45,4347321
2021-06-18 09:28:02,122.45,4347956
2021-06-18 09:28:03,122.35,4348074
2021-06-18 09:28:04,122.4,4348104
2021-06-18 09:28:05,122.4,4349015
2021-06-18 09:28:06,122.35,4361612
2021-06-18 09:28:07,122.3,4366302
2021-06-18 09:28:08,122.3,4366302
2021-06-18 09:28:09,122.25,4366543
2021-06-18 09:28:10,122.25,4366550
2021-06-18 09:28:11,122.25,4366550
2021-06-18 09:28:12,122.3,4366552
2021-06-18 09:28:13,122.25,4367114
2021-06-18 09:28:14,122.3,4368793
2021-06-18 09:28:15,122.3,4369143
2021-06-18 09:28:16,122.3,4371418
2021-06-18 09:28:17,122.3,4371683
2021-06-18 09:28:18,122.3,4371795
2021-06-18 09:28:19,122.3,4371801
2021-06-18 09:28:20,122.3,4372758
2021-06-18 09:28:21,122.3,4373009
2021-06-18 09:28:22,122.25,4373013
2021-06-18 09:28:23,122.3,4374074
2021-06-18 09:28:25,122.3,4377981
2021-06-18 09:28:27,122.3,4378619
2021-06-18 09:28:28,122.3,4379047
2021-06-18 09:28:29,122.25,4379090
2021-06-18 09:28:30,122.3,4379109
2021-06-18 09:28:31,122.3,4379109
2021-06-18 09:28:32,122.25,4389816
2021-06-18 09:28:33,122.2,4390796
2021-06-18 09:28:34,122.25,4390800
2021-06-18 09:28:35,122.25,4391204
2021-06-18 09:28:36,122.25,4391321
2021-06-18 09:28:37,122.25,4391421
2021-06-18 09:28:38,122.25,4395275
2021-06-18 09:28:39,122.25,4401301
2021-06-18 09:28:40,122.2,4407245
2021-06-18 09:28:41,122.25,4407255
2021-06-18 09:28:42,122.25,4407255
2021-06-18 09:28:43,122.25,4407369
2021-06-18 09:28:44,122.25,4411809
2021-06-18 09:28:45,122.25,4413791
2021-06-18 09:28:46,122.15,4415176
2021-06-18 09:28:47,122.25,4419366
2021-06-18 09:28:49,122.25,4420276
2021-06-18 09:28:50,122.2,4430495
2021-06-18 09:28:51,122.25,4433625
2021-06-18 09:28:52,122.15,4436421
2021-06-18 09:28:53,122.15,4438879
2021-06-18 09:28:55,122.1,4438991
2021-06-18 09:28:57,122.15,4439329
2021-06-18 09:28:56,122.15,4439329
2021-06-18 09:28:58,122.15,4446452
2021-06-18 09:28:59,122.15,4446975
2021-06-18 09:29:00,122.15,4447009
2021-06-18 09:29:01,122.15,4447333
2021-06-18 09:29:02,122.1,4471176
2021-06-18 09:29:03,122.1,4472767
2021-06-18 09:29:04,122.05,4480170
2021-06-18 09:29:05,122.05,4482285
2021-06-18 09:29:06,122.05,4482300
2021-06-18 09:29:07,122.0,4483420
2021-06-18 09:29:08,122.05,4484130
2021-06-18 09:29:09,122.05,4491509
2021-06-18 09:29:10,122.05,4494551
2021-06-18 09:29:11,122.05,4495599
2021-06-18 09:29:12,122.0,4497923
2021-06-18 09:29:14,122.05,4498867
2021-06-18 09:29:15,122.0,4498943
2021-06-18 09:29:16,122.0,4507594
2021-06-18 09:29:17,122.0,4517187
2021-06-18 09:29:18,121.85,4564416
2021-06-18 09:29:19,122.0,4571886
2021-06-18 09:29:20,121.95,4572647
2021-06-18 09:29:21,122.0,4572844
2021-06-18 09:29:22,122.0,4573490
2021-06-18 09:29:23,122.0,4573501
2021-06-18 09:29:24,122.0,4575543
2021-06-18 09:29:25,122.0,4576354
2021-06-18 09:29:26,122.0,4577524
2021-06-18 09:29:27,122.0,4577606
2021-06-18 09:29:28,122.0,4579106
2021-06-18 09:29:29,121.95,4580298
2021-06-18 09:29:30,122.0,4581003
2021-06-18 09:29:31,122.0,4582163
2021-06-18 09:29:32,122.0,4583463
2021-06-18 09:29:33,122.0,4583707
2021-06-18 09:29:34,122.0,4585392
2021-06-18 09:29:35,121.95,4585396
2021-06-18 09:29:36,122.0,4586147
2021-06-18 09:29:37,122.0,4587268
2021-06-18 09:29:38,122.0,4588533
2021-06-18 09:29:39,122.0,4588543
2021-06-18 09:29:40,121.95,4594271
2021-06-18 09:29:41,122.0,4597024
2021-06-18 09:29:43,121.95,4599290
2021-06-18 09:29:42,121.95,4599290
2021-06-18 09:29:44,122.0,4599591
2021-06-18 09:29:45,122.0,4600141
2021-06-18 09:29:46,122.0,4601579
2021-06-18 09:29:47,122.0,4601992
2021-06-18 09:29:48,122.0,4608522
2021-06-18 09:29:49,121.95,4608917
2021-06-18 09:29:50,122.0,4612807
2021-06-18 09:29:51,122.0,4613040
2021-06-18 09:29:52,122.05,4613115
2021-06-18 09:29:53,122.0,4616852
2021-06-18 09:29:54,122.0,4617820
2021-06-18 09:29:55,122.05,4620010
2021-06-18 09:29:56,122.05,4631881
2021-06-18 09:29:57,122.1,4632365
2021-06-18 09:29:58,122.1,4635398
2021-06-18 09:29:59,122.1,4635908
2021-06-18 09:30:00,122.0,4636488
2021-06-18 09:30:01,122.0,4637090
2021-06-18 09:30:02,122.05,4637399
2021-06-18 09:30:04,122.05,4637800
2021-06-18 09:30:04,122.05,4638358
2021-06-18 09:30:05,122.05,4638408
2021-06-18 09:30:06,122.05,4638412
2021-06-18 09:30:07,122.0,4651813
2021-06-18 09:30:08,122.0,4652053
2021-06-18 09:30:09,122.0,4657108
2021-06-18 09:30:10,122.0,4659686
2021-06-18 09:30:11,122.0,4666504
2021-06-18 09:30:12,122.0,4666771
2021-06-18 09:30:13,121.95,4666851
2021-06-18 09:30:14,121.95,4667099
2021-06-18 09:30:15,121.9,4702772
2021-06-18 09:30:16,121.95,4704362
2021-06-18 09:30:18,121.95,4704617
2021-06-18 09:30:19,121.85,4704738
2021-06-18 09:30:19,121.9,4704939
2021-06-18 09:30:20,121.9,4706055
2021-06-18 09:30:21,121.9,4706210
2021-06-18 09:30:22,121.9,4707040
2021-06-18 09:30:23,121.9,4707942
2021-06-18 09:30:24,121.9,4708054
2021-06-18 09:30:27,121.9,4708819
2021-06-18 09:30:28,121.75,4765027
2021-06-18 09:30:29,121.8,4784484
2021-06-18 09:30:30,121.75,4785784
2021-06-18 09:30:31,121.75,4787614
2021-06-18 09:30:32,121.8,4787652
2021-06-18 09:30:34,121.85,4790692
2021-06-18 09:30:34,121.85,4790695
2021-06-18 09:30:35,121.85,4790720
2021-06-18 09:30:36,121.9,4791976
2021-06-18 09:30:37,121.9,4797181
2021-06-18 09:30:38,121.85,4801308
2021-06-18 09:30:39,121.8,4808819
2021-06-18 09:30:40,121.8,4808890
2021-06-18 09:30:41,121.9,4809004
2021-06-18 09:30:42,121.9,4809134
2021-06-18 09:30:43,121.8,4809231
2021-06-18 09:30:44,121.9,4810538
2021-06-18 09:30:45,121.9,4811540
2021-06-18 09:30:46,121.8,4812240
2021-06-18 09:30:47,121.8,4812422
2021-06-18 09:30:48,121.9,4813142
2021-06-18 09:30:49,121.9,4813262
2021-06-18 09:30:50,121.85,4813405
2021-06-18 09:30:51,121.9,4813420
2021-06-18 09:30:52,121.9,4813475
2021-06-18 09:30:53,121.85,4822116
2021-06-18 09:30:54,121.85,4822117
2021-06-18 09:30:56,121.85,4822205
2021-06-18 09:30:56,121.9,4822313
2021-06-18 09:30:57,121.85,4823116
2021-06-18 09:30:58,121.95,4827990
2021-06-18 09:30:59,121.85,4828529
2021-06-18 09:31:00,121.95,4828744
2021-06-18 09:31:01,121.95,4836491
2021-06-18 09:31:03,121.85,4867282
2021-06-18 09:31:03,121.95,4867874
2021-06-18 09:31:05,121.95,4868468
2021-06-18 09:31:05,121.95,4868468
2021-06-18 09:31:06,121.95,4868510
2021-06-18 09:31:07,121.9,4868674
2021-06-18 09:31:08,121.95,4869365
2021-06-18 09:31:09,121.95,4870100
2021-06-18 09:31:10,121.9,4870222
2021-06-18 09:31:11,121.95,4870813
2021-06-18 09:31:12,121.9,4870883
2021-06-18 09:31:13,121.95,4870951
2021-06-18 09:31:14,121.95,4871312
2021-06-18 09:31:15,121.95,4872021
2021-06-18 09:31:16,121.95,4872151
2021-06-18 09:31:17,121.95,4872734
2021-06-18 09:31:18,121.95,4872810
2021-06-18 09:31:20,121.95,4873118
2021-06-18 09:31:20,121.95,4873623
2021-06-18 09:31:21,122.0,4879392
2021-06-18 09:31:22,122.0,4885325
2021-06-18 09:31:24,122.05,4886500
2021-06-18 09:31:24,122.05,4886500
2021-06-18 09:31:26,122.05,4918698
2021-06-18 09:31:28,122.1,4919900
2021-06-18 09:31:29,122.1,4920260
2021-06-18 09:31:30,122.1,4920910
2021-06-18 09:31:31,122.1,4924543
2021-06-18 09:31:32,122.15,4925790
2021-06-18 09:31:32,122.05,4937326
2021-06-18 09:31:33,122.0,4937937
2021-06-18 09:31:34,122.1,4939037
2021-06-18 09:31:35,122.1,4939538
2021-06-18 09:31:36,122.15,4941464
2021-06-18 09:31:37,122.1,4941524
2021-06-18 09:31:38,122.05,4943604
2021-06-18 09:31:39,122.05,4943629
2021-06-18 09:31:40,122.1,4943654
2021-06-18 09:31:41,122.1,4944104
2021-06-18 09:31:43,122.1,4944312
2021-06-18 09:31:43,122.1,4944312
2021-06-18 09:31:44,122.1,4944362
2021-06-18 09:31:45,122.1,4944472
2021-06-18 09:31:46,122.1,4947981
2021-06-18 09:31:47,122.1,4950642
2021-06-18 09:31:48,122.1,4951334
2021-06-18 09:31:50,122.05,4951365
2021-06-18 09:31:50,122.05,4951365
2021-06-18 09:31:52,122.05,4953994
2021-06-18 09:31:53,122.1,4954296
2021-06-18 09:31:54,122.1,4954498
2021-06-18 09:31:54,122.1,4954522
2021-06-18 09:31:56,122.05,4954711
2021-06-18 09:31:57,122.0,4964606
2021-06-18 09:31:58,122.0,4964880
2021-06-18 09:31:58,122.0,4964880
2021-06-18 09:31:59,122.05,4965285
2021-06-18 09:32:00,122.05,4965345
2021-06-18 09:32:01,122.05,4966598
2021-06-18 09:32:02,122.05,4966598
2021-06-18 09:32:03,122.0,4968728
2021-06-18 09:32:04,122.05,4968738
2021-06-18 09:32:07,122.1,4969292
2021-06-18 09:32:08,122.1,4970323
2021-06-18 09:32:09,122.1,4971174
2021-06-18 09:32:09,122.15,4971374
2021-06-18 09:32:10,122.1,4971380
2021-06-18 09:32:12,122.1,4974936
2021-06-18 09:32:12,122.1,4974908
2021-06-18 09:32:14,122.15,4975196
2021-06-18 09:32:15,122.05,4975937
2021-06-18 09:32:15,122.1,4976069
2021-06-18 09:32:16,122.05,4976195
2021-06-18 09:32:17,122.1,4976218
2021-06-18 09:32:18,122.05,4976318
2021-06-18 09:32:20,122.1,4977518
2021-06-18 09:32:21,122.1,4977618
2021-06-18 09:32:22,122.05,4978016
2021-06-18 09:32:23,122.05,4978019
2021-06-18 09:32:23,122.05,4978019
2021-06-18 09:32:24,122.1,4978036
2021-06-18 09:32:25,122.1,4979131
2021-06-18 09:32:26,122.05,4979812
2021-06-18 09:32:28,122.1,4979862
2021-06-18 09:32:30,122.05,4988564
2021-06-18 09:32:30,122.1,4988790
2021-06-18 09:32:32,122.1,4989879
2021-06-18 09:32:33,122.1,4990029
2021-06-18 09:32:34,122.1,4990137
2021-06-18 09:32:35,122.1,4991186
2021-06-18 09:32:35,122.1,4991486
2021-06-18 09:32:36,122.1,4993886
2021-06-18 09:32:37,122.0,4994742
2021-06-18 09:32:38,122.05,4994873
2021-06-18 09:32:39,122.05,4994946
2021-06-18 09:32:40,122.05,4995075
2021-06-18 09:32:41,122.0,4995625
2021-06-18 09:32:42,122.05,4996630
2021-06-18 09:32:43,122.0,4996740
2021-06-18 09:32:44,122.05,4996950
2021-06-18 09:32:46,122.0,4997001
2021-06-18 09:32:46,122.05,4997056
2021-06-18 09:32:47,122.0,4997759
2021-06-18 09:32:49,121.85,5028386
2021-06-18 09:32:50,121.9,5034922
2021-06-18 09:32:56,121.95,5039329
2021-06-18 09:33:01,121.9,5045685
2021-06-18 09:33:06,121.9,5047623
2021-06-18 09:33:11,122.0,5048743
2021-06-18 09:33:16,121.9,5100600
2021-06-18 09:33:21,121.95,5101485
2021-06-18 09:33:26,121.95,5103522
2021-06-18 09:33:31,121.95,5109891
2021-06-18 09:33:36,121.95,5111278
2021-06-18 09:33:41,121.95,5114536
2021-06-18 09:33:46,121.95,5115600
2021-06-18 09:33:51,121.9,5129397
2021-06-18 09:33:55,121.9,5131296
2021-06-18 09:34:01,121.9,5136139
2021-06-18 09:34:06,121.9,5138060
2021-06-18 09:34:11,121.75,5162158
2021-06-18 09:34:16,121.75,5171162
2021-06-18 09:34:21,121.85,5177141
2021-06-18 09:34:26,121.9,5178989
2021-06-18 09:34:31,121.8,5180228
2021-06-18 09:34:36,121.75,5183203
2021-06-18 09:34:41,121.75,5188069
2021-06-18 09:34:46,121.7,5205950
2021-06-18 09:34:50,121.7,5210874
2021-06-18 09:34:55,121.6,5213156
2021-06-18 09:35:00,121.65,5215624
2021-06-18 09:35:05,121.7,5219224
2021-06-18 09:35:10,121.65,5228616
2021-06-18 09:35:15,121.65,5247590
2021-06-18 09:35:20,121.5,5261571
2021-06-18 09:35:25,121.65,5268078
2021-06-18 09:35:30,121.65,5279233
2021-06-18 09:35:35,121.6,5283082
2021-06-18 09:35:40,121.65,5284128
2021-06-18 09:35:45,121.6,5288991
2021-06-18 09:35:50,121.65,5291008
2021-06-18 09:35:55,121.65,5299965
2021-06-18 09:36:00,121.6,5364455
2021-06-18 09:36:05,121.6,5366952
2021-06-18 09:36:10,121.55,5370324
2021-06-18 09:36:15,121.5,5374217
2021-06-18 09:36:20,121.55,5376570
2021-06-18 09:36:24,121.7,5409269
2021-06-18 09:36:29,121.6,5417023
2021-06-18 09:36:34,121.6,5424944
2021-06-18 09:36:39,121.55,5427230
2021-06-18 09:36:44,121.55,5438614
2021-06-18 09:36:49,121.5,5443818
2021-06-18 09:36:54,121.55,5446699
2021-06-18 09:36:59,121.4,5597972
2021-06-18 09:37:04,121.4,5605622
2021-06-18 09:37:09,121.3,5611628
2021-06-18 09:37:15,121.25,5618207
2021-06-18 09:37:20,121.2,5666061
2021-06-18 09:37:24,121.3,5684058
2021-06-18 09:37:29,121.35,5720432
2021-06-18 09:37:35,121.25,5728243
2021-06-18 09:37:40,121.3,5734589
2021-06-18 09:37:45,121.25,5744657
2021-06-18 09:37:50,121.3,5749100
2021-06-18 09:37:51,121.3,5750372
2021-06-18 09:37:52,121.3,5750677
2021-06-18 09:37:53,121.25,5751572
2021-06-18 09:37:54,121.3,5752925
2021-06-18 09:37:55,121.3,5754349
2021-06-18 09:37:56,121.35,5754353
2021-06-18 09:37:56,121.35,5754403
2021-06-18 09:37:57,121.25,5754957
2021-06-18 09:37:59,121.35,5755411
2021-06-18 09:38:00,121.25,5760266
2021-06-18 09:38:01,121.35,5765903
2021-06-18 09:38:02,121.4,5766853
2021-06-18 09:38:03,121.25,5769191
2021-06-18 09:38:04,121.35,5772741
2021-06-18 09:38:05,121.4,5776449
2021-06-18 09:38:06,121.4,5776613
2021-06-18 09:38:07,121.3,5777303
2021-06-18 09:38:08,121.35,5777804
2021-06-18 09:38:08,121.35,5777804
2021-06-18 09:38:09,121.35,5779486
2021-06-18 09:38:11,121.3,5783306
2021-06-18 09:38:12,121.3,5784448
2021-06-18 09:38:14,121.3,5785248
2021-06-18 09:38:15,121.25,5785984
2021-06-18 09:38:16,121.3,5792449
2021-06-18 09:38:17,121.35,5792653
2021-06-18 09:38:18,121.3,5792805
2021-06-18 09:38:19,121.4,5792861
2021-06-18 09:38:20,121.3,5793307
2021-06-18 09:38:21,121.4,5793347
2021-06-18 09:38:22,121.4,5793349
2021-06-18 09:38:23,121.35,5796661
2021-06-18 09:38:24,121.4,5797241
2021-06-18 09:38:25,121.4,5805589
2021-06-18 09:38:26,121.35,5806240
2021-06-18 09:38:26,121.35,5806240
2021-06-18 09:38:27,121.35,5809040
2021-06-18 09:38:29,121.3,5809788
2021-06-18 09:38:30,121.45,5817947
2021-06-18 09:38:31,121.4,5821567
2021-06-18 09:38:32,121.5,5824592
2021-06-18 09:38:33,121.4,5826242
2021-06-18 09:38:34,121.5,5826846
2021-06-18 09:38:35,121.5,5827047
2021-06-18 09:38:36,121.5,5828025
2021-06-18 09:38:37,121.5,5830581
2021-06-18 09:38:38,121.4,5830634
2021-06-18 09:38:39,121.4,5830886
2021-06-18 09:38:40,121.5,5830979
2021-06-18 09:38:41,121.5,5831407
2021-06-18 09:38:42,121.4,5833365
2021-06-18 09:38:43,121.5,5833465
2021-06-18 09:38:44,121.5,5836765
2021-06-18 09:38:46,121.3,5864151
2021-06-18 09:38:47,121.35,5865063
2021-06-18 09:38:48,121.35,5866214
2021-06-18 09:38:49,121.5,5876214
2021-06-18 09:38:50,121.5,5876264
2021-06-18 09:38:51,121.5,5876319
2021-06-18 09:38:52,121.5,5876380
2021-06-18 09:38:53,121.5,5876380
2021-06-18 09:38:54,121.4,5876387
2021-06-18 09:38:55,121.5,5876487
2021-06-18 09:38:56,121.5,5877000
2021-06-18 09:38:57,121.5,5877000
2021-06-18 09:38:58,121.45,5877451
2021-06-18 09:39:00,121.45,5877748
2021-06-18 09:38:59,121.45,5877748
2021-06-18 09:39:01,121.5,5896998
2021-06-18 09:39:02,121.55,5897288
2021-06-18 09:39:03,121.55,5897288
2021-06-18 09:39:04,121.55,5898309
2021-06-18 09:39:05,121.55,5898407
2021-06-18 09:39:06,121.5,5899410
2021-06-18 09:39:07,121.55,5902056
2021-06-18 09:39:08,121.6,5905281
2021-06-18 09:39:10,121.6,5906080
2021-06-18 09:39:11,121.6,5906505
2021-06-18 09:39:12,121.6,5906535
2021-06-18 09:39:13,121.55,5907260
2021-06-18 09:39:14,121.55,5907594
2021-06-18 09:39:15,121.55,5907594
2021-06-18 09:39:16,121.55,5908594
2021-06-18 09:39:17,121.6,5909304
2021-06-18 09:39:18,121.6,5909536
2021-06-18 09:39:19,121.6,5909636
2021-06-18 09:39:20,121.65,5913400
2021-06-18 09:39:21,121.65,5913401
2021-06-18 09:39:22,121.65,5913401
2021-06-18 09:39:23,121.65,5913526
2021-06-18 09:39:24,121.65,5915226
2021-06-18 09:39:25,121.7,5916089
2021-06-18 09:39:26,121.65,5916116
2021-06-18 09:39:27,121.7,5916219
2021-06-18 09:39:28,121.7,5916435
2021-06-18 09:39:29,121.7,5918667
2021-06-18 09:39:30,121.55,5922967
2021-06-18 09:39:31,121.7,5924969
2021-06-18 09:39:32,121.65,5925410
2021-06-18 09:39:33,121.7,5925696
2021-06-18 09:39:34,121.55,5933956
2021-06-18 09:39:35,121.65,5933966
2021-06-18 09:39:36,121.65,5933997
2021-06-18 09:39:37,121.65,5934097
2021-06-18 09:39:38,121.65,5935708
2021-06-18 09:39:39,121.65,5935708
2021-06-18 09:39:40,121.65,5936397
2021-06-18 09:39:41,121.65,5937497
2021-06-18 09:39:42,121.65,5941312
2021-06-18 09:39:43,121.65,5942437
2021-06-18 09:39:44,121.65,5942998
2021-06-18 09:39:45,121.65,5943020
2021-06-18 09:39:46,121.65,5943153
2021-06-18 09:39:47,121.65,5943178
2021-06-18 09:39:48,121.65,5943194
2021-06-18 09:39:49,121.65,5944522
2021-06-18 09:39:51,121.65,5945725
2021-06-18 09:39:52,121.65,5946259
2021-06-18 09:39:53,121.6,5946344
2021-06-18 09:39:54,121.65,5946605
2021-06-18 09:39:55,121.6,5950672
2021-06-18 09:39:56,121.65,5953636
2021-06-18 09:39:57,121.7,5955972
2021-06-18 09:39:58,121.65,5956975
2021-06-18 09:39:59,121.7,5958078
2021-06-18 09:40:00,121.7,5959615
2021-06-18 09:40:01,121.65,5959980
2021-06-18 09:40:02,121.7,5962046
2021-06-18 09:40:03,121.7,5962738
2021-06-18 09:40:04,121.7,5962738
2021-06-18 09:40:05,121.65,5963689
2021-06-18 09:40:06,121.65,5967449
2021-06-18 09:40:07,121.7,5967797
2021-06-18 09:40:08,121.75,5970335
2021-06-18 09:40:09,121.8,5970795
2021-06-18 09:40:10,121.75,5971808
2021-06-18 09:40:11,121.8,5973081
2021-06-18 09:40:12,121.8,5974040
2021-06-18 09:40:13,121.75,5974041
2021-06-18 09:40:14,121.75,6006385
2021-06-18 09:40:15,121.85,6006458
2021-06-18 09:40:17,121.75,6022646
2021-06-18 09:40:18,121.75,6028393
2021-06-18 09:40:19,121.85,6031297
2021-06-18 09:40:20,121.85,6031380
2021-06-18 09:40:21,121.9,6033006
2021-06-18 09:40:22,121.85,6033078
2021-06-18 09:40:23,121.9,6040339
2021-06-18 09:40:24,121.9,6040870
2021-06-18 09:40:25,121.9,6043397
2021-06-18 09:40:26,121.9,6045489
2021-06-18 09:40:27,121.85,6046990
2021-06-18 09:40:28,121.9,6050965
2021-06-18 09:40:29,121.85,6053487
2021-06-18 09:40:30,121.85,6053487
2021-06-18 09:40:31,122.0,6057853
2021-06-18 09:40:32,121.95,6058066
2021-06-18 09:40:33,122.0,6062800
2021-06-18 09:40:34,122.0,6063105
2021-06-18 09:40:35,122.05,6080657
2021-06-18 09:40:36,122.0,6081375
2021-06-18 09:40:37,122.1,6081488
2021-06-18 09:40:38,122.1,6081541
2021-06-18 09:40:39,122.1,6081748
2021-06-18 09:40:40,122.0,6081824
2021-06-18 09:40:41,122.1,6081935
2021-06-18 09:40:42,122.1,6081980
2021-06-18 09:40:44,122.05,6082518
2021-06-18 09:40:44,122.0,6083244
2021-06-18 09:40:45,122.05,6083746
2021-06-18 09:40:47,122.1,6084361
2021-06-18 09:40:47,122.1,6084400
2021-06-18 09:40:48,122.0,6084640
2021-06-18 09:40:50,122.1,6085704
2021-06-18 09:40:51,122.1,6085804
2021-06-18 09:40:52,122.1,6085874
2021-06-18 09:40:53,122.05,6085929
2021-06-18 09:40:54,122.05,6085981
2021-06-18 09:40:55,122.05,6086106
2021-06-18 09:40:56,122.05,6086308
2021-06-18 09:40:58,122.1,6087736
2021-06-18 09:40:58,122.1,6087736
2021-06-18 09:40:59,122.1,6087787
2021-06-18 09:41:00,122.05,6088418
2021-06-18 09:41:01,122.05,6088825
2021-06-18 09:41:02,122.05,6088845
2021-06-18 09:41:03,122.05,6089003
2021-06-18 09:41:04,122.1,6093633
2021-06-18 09:41:05,122.05,6094635
2021-06-18 09:41:06,122.05,6094763
2021-06-18 09:41:07,122.1,6096304
2021-06-18 09:41:08,121.95,6111918
2021-06-18 09:41:09,122.05,6112297
2021-06-18 09:41:11,122.0,6112940
2021-06-18 09:41:11,122.05,6112941
2021-06-18 09:41:12,122.05,6112959
2021-06-18 09:41:13,122.05,6113046
2021-06-18 09:41:14,122.0,6113156
2021-06-18 09:41:15,122.0,6113701
2021-06-18 09:41:16,122.05,6113921
2021-06-18 09:41:17,122.05,6114143
2021-06-18 09:41:18,121.9,6121240
2021-06-18 09:41:19,121.9,6122483
2021-06-18 09:41:20,121.9,6125360
2021-06-18 09:41:21,121.95,6127777
2021-06-18 09:41:22,122.0,6128309
2021-06-18 09:41:24,121.9,6129398
2021-06-18 09:41:25,121.9,6133340
2021-06-18 09:41:26,121.95,6133960
2021-06-18 09:41:27,121.95,6135700
2021-06-18 09:41:28,121.9,6136688
2021-06-18 09:41:30,122.0,6145740
2021-06-18 09:41:30,122.0,6145740
2021-06-18 09:41:31,121.95,6166425
2021-06-18 09:41:32,121.9,6166480
2021-06-18 09:41:33,121.95,6166867
2021-06-18 09:41:34,122.0,6179040
2021-06-18 09:41:35,122.0,6192905
2021-06-18 09:41:36,122.0,6192923
2021-06-18 09:41:37,122.0,6193374
2021-06-18 09:41:38,122.1,6194364
2021-06-18 09:41:39,122.1,6194375
2021-06-18 09:41:40,122.05,6194599
2021-06-18 09:41:41,122.1,6194625
2021-06-18 09:41:42,122.05,6197371
2021-06-18 09:41:43,122.1,6200959
2021-06-18 09:41:44,122.05,6201734
2021-06-18 09:41:45,122.05,6201750
2021-06-18 09:41:46,122.05,6201750
2021-06-18 09:41:47,122.05,6201750
2021-06-18 09:41:48,122.05,6202034
2021-06-18 09:41:49,122.1,6203034
2021-06-18 09:41:50,122.1,6209254
2021-06-18 09:41:51,122.05,6209259
2021-06-18 09:41:52,122.05,6209348
2021-06-18 09:41:53,122.1,6209526
2021-06-18 09:41:56,122.1,6212412
2021-06-18 09:41:59,122.05,6213750
2021-06-18 09:41:59,122.0,6215750
2021-06-18 09:42:00,122.1,6216102
2021-06-18 09:42:01,122.15,6262267
2021-06-18 09:42:02,122.15,6265478
2021-06-18 09:42:03,122.1,6265520
2021-06-18 09:42:04,122.1,6265815
2021-06-18 09:42:05,122.1,6265938
2021-06-18 09:42:06,122.05,6267340
2021-06-18 09:42:07,122.0,6269313
2021-06-18 09:42:08,122.0,6270641
2021-06-18 09:42:09,122.05,6271371
2021-06-18 09:42:10,122.0,6271374
2021-06-18 09:42:11,122.0,6271508
2021-06-18 09:42:12,122.05,6271510
2021-06-18 09:42:13,121.95,6276739
2021-06-18 09:42:14,122.05,6281279
2021-06-18 09:42:15,122.0,6345742
2021-06-18 09:42:16,122.0,6352404
2021-06-18 09:42:17,121.95,6368315
2021-06-18 09:42:19,122.05,6368551
2021-06-18 09:42:19,122.0,6368791
2021-06-18 09:42:20,122.0,6368793
2021-06-18 09:42:21,122.05,6368804
2021-06-18 09:42:22,122.05,6369107
2021-06-18 09:42:23,122.0,6369108
2021-06-18 09:42:24,122.0,6372590
2021-06-18 09:42:25,122.0,6372610
2021-06-18 09:42:26,121.85,6429354
2021-06-18 09:42:27,121.85,6430059
2021-06-18 09:42:28,121.85,6432059
2021-06-18 09:42:29,121.85,6435994
2021-06-18 09:42:30,121.8,6441967
2021-06-18 09:42:31,121.8,6442067
2021-06-18 09:42:32,121.8,6442117
2021-06-18 09:42:34,121.75,6450654
2021-06-18 09:42:33,121.7,6450365
2021-06-18 09:42:35,121.8,6451781
2021-06-18 09:42:36,121.7,6458171
2021-06-18 09:42:37,121.65,6462101
2021-06-18 09:42:38,121.75,6464604
2021-06-18 09:42:39,121.75,6464604
2021-06-18 09:42:41,121.75,6465697
2021-06-18 09:42:41,121.7,6465719
2021-06-18 09:42:42,121.7,6465765
2021-06-18 09:42:43,121.7,6466727
2021-06-18 09:42:44,121.75,6466793
2021-06-18 09:42:45,121.65,6475069
2021-06-18 09:42:46,121.7,6476021
2021-06-18 09:42:47,121.7,6476180
2021-06-18 09:42:50,121.7,6479368
2021-06-18 09:42:50,121.8,6481719
2021-06-18 09:42:52,121.65,6494945
2021-06-18 09:42:53,121.65,6505322
2021-06-18 09:42:53,121.6,6505522
2021-06-18 09:42:54,121.65,6509162
2021-06-18 09:42:56,121.7,6517844
2021-06-18 09:42:56,121.7,6517854
2021-06-18 09:42:57,121.75,6523613
2021-06-18 09:42:58,121.75,6526657
2021-06-18 09:42:59,121.7,6527182
2021-06-18 09:43:00,121.7,6528068
2021-06-18 09:43:01,121.75,6528580
2021-06-18 09:43:02,121.65,6536576
2021-06-18 09:43:03,121.65,6537606
2021-06-18 09:43:04,121.7,6546193
2021-06-18 09:43:05,121.75,6552179
2021-06-18 09:43:06,121.7,6559932
2021-06-18 09:43:08,121.8,6560160
2021-06-18 09:43:09,121.8,6570525
2021-06-18 09:43:09,121.8,6570936
2021-06-18 09:43:10,121.8,6571136
2021-06-18 09:43:11,121.75,6571313
2021-06-18 09:43:12,121.8,6571353
2021-06-18 09:43:13,121.8,6571353
2021-06-18 09:43:14,121.85,6573076
2021-06-18 09:43:15,121.8,6573149
2021-06-18 09:43:16,121.8,6573149
2021-06-18 09:43:17,121.85,6573159
2021-06-18 09:43:18,121.8,6573731
2021-06-18 09:43:20,121.9,6573741
2021-06-18 09:43:20,121.85,6574051
2021-06-18 09:43:21,121.9,6575378
2021-06-18 09:43:22,121.9,6576104
2021-06-18 09:43:24,121.9,6576417
2021-06-18 09:43:25,121.85,6576476
2021-06-18 09:43:26,121.85,6576528
2021-06-18 09:43:27,121.9,6576863
2021-06-18 09:43:28,121.9,6578400
2021-06-18 09:43:29,121.9,6580650
2021-06-18 09:43:30,121.9,6580653
2021-06-18 09:43:31,121.85,6581684
2021-06-18 09:43:33,121.9,6582089
2021-06-18 09:43:34,121.9,6582596
2021-06-18 09:43:35,121.9,6582621
2021-06-18 09:43:36,121.9,6582627
2021-06-18 09:43:38,121.9,6583346
2021-06-18 09:43:40,121.9,6584121
2021-06-18 09:43:41,121.9,6584915
2021-06-18 09:43:41,121.9,6585045
2021-06-18 09:43:43,121.9,6585097
2021-06-18 09:43:44,121.85,6585297
2021-06-18 09:43:45,121.9,6586341
2021-06-18 09:43:45,121.9,6586391
2021-06-18 09:43:46,121.9,6586391
2021-06-18 09:43:47,121.9,6586419
2021-06-18 09:43:48,121.85,6586647
2021-06-18 09:43:49,121.9,6588467
2021-06-18 09:43:50,121.85,6588472
2021-06-18 09:43:51,121.85,6588614
2021-06-18 09:43:52,121.85,6589614
2021-06-18 09:43:53,121.85,6592717
2021-06-18 09:43:54,121.7,6618082
2021-06-18 09:43:55,121.75,6618267
2021-06-18 09:43:56,121.7,6618427
2021-06-18 09:43:57,121.7,6618617
2021-06-18 09:43:58,121.8,6618618
2021-06-18 09:43:59,121.8,6618725
2021-06-18 09:44:00,121.75,6618726
2021-06-18 09:44:02,121.75,6621009
2021-06-18 09:44:03,121.8,6621174
2021-06-18 09:44:04,121.8,6621224
2021-06-18 09:44:05,121.7,6630774
2021-06-18 09:44:06,121.7,6630835
2021-06-18 09:44:07,121.7,6631809
2021-06-18 09:44:09,121.7,6632565
2021-06-18 09:44:10,121.7,6632815
2021-06-18 09:44:11,121.65,6634036
2021-06-18 09:44:12,121.7,6634187
2021-06-18 09:44:13,121.7,6637202
2021-06-18 09:44:13,121.7,6637202
2021-06-18 09:44:15,121.7,6645888
2021-06-18 09:44:16,121.7,6646689
2021-06-18 09:44:17,121.7,6647492
2021-06-18 09:44:18,121.7,6648680
2021-06-18 09:44:19,121.65,6649231
2021-06-18 09:44:20,121.65,6649531
2021-06-18 09:44:21,121.7,6649671
2021-06-18 09:44:22,121.7,6649671
2021-06-18 09:44:23,121.75,6652795
2021-06-18 09:44:24,121.7,6653320
2021-06-18 09:44:26,121.7,6653420
2021-06-18 09:44:27,121.65,6653810
2021-06-18 09:44:28,121.6,6653845
2021-06-18 09:44:29,121.65,6654155
2021-06-18 09:44:30,121.65,6656311
2021-06-18 09:44:30,121.65,6656311
2021-06-18 09:44:31,121.75,6659012
2021-06-18 09:44:32,121.8,6659066
2021-06-18 09:44:33,121.8,6659116
2021-06-18 09:44:34,121.65,6661063
2021-06-18 09:44:35,121.75,6661113
2021-06-18 09:44:36,121.85,6689107
2021-06-18 09:44:37,121.85,6691174
2021-06-18 09:44:39,121.9,6702236
2021-06-18 09:44:40,121.9,6702271
2021-06-18 09:44:41,121.95,6705593
2021-06-18 09:44:41,121.95,6705593
2021-06-18 09:44:42,121.85,6710904
2021-06-18 09:44:43,121.95,6710994
2021-06-18 09:44:44,121.75,6761498
2021-06-18 09:44:45,121.8,6829094
2021-06-18 09:44:46,121.9,6851996
2021-06-18 09:44:47,122.0,6857892
2021-06-18 09:44:48,122.0,6874168
2021-06-18 09:44:49,121.95,6875987
2021-06-18 09:44:50,122.0,6881475
2021-06-18 09:44:51,121.95,6881511
2021-06-18 09:44:52,122.0,6883069
2021-06-18 09:44:53,122.0,6884875
2021-06-18 09:44:54,122.1,6885254
2021-06-18 09:44:55,122.1,6885317
2021-06-18 09:44:56,122.15,6894794
2021-06-18 09:44:57,122.1,6902613
2021-06-18 09:44:58,122.1,6902661
2021-06-18 09:44:59,122.1,6902663
2021-06-18 09:45:00,121.95,6918283
2021-06-18 09:45:01,121.9,6918290
2021-06-18 09:45:03,122.0,6920085
2021-06-18 09:45:05,121.9,6931644
2021-06-18 09:45:06,121.9,6931685
2021-06-18 09:45:07,121.95,6933255
2021-06-18 09:45:08,122.0,6935957
2021-06-18 09:45:09,121.9,6937638
2021-06-18 09:45:10,121.9,6937647
2021-06-18 09:45:11,121.95,6948597
2021-06-18 09:45:13,121.9,6957516
2021-06-18 09:45:14,121.95,6960257
2021-06-18 09:45:14,121.95,6960257
2021-06-18 09:45:15,121.9,6961104
2021-06-18 09:45:17,121.95,6961363
2021-06-18 09:45:17,121.9,6961561
2021-06-18 09:45:18,121.95,6961639
2021-06-18 09:45:19,121.9,6962269
2021-06-18 09:45:20,121.95,6962395
2021-06-18 09:45:21,121.95,6963129
2021-06-18 09:45:22,121.95,6963996
2021-06-18 09:45:24,121.95,6964946
2021-06-18 09:45:25,121.95,6965390
2021-06-18 09:45:26,121.95,6966002
2021-06-18 09:45:27,121.9,6976010
2021-06-18 09:45:28,122.0,6976012
2021-06-18 09:45:29,121.95,6979573
2021-06-18 09:45:29,122.0,6980090
2021-06-18 09:45:30,122.0,6981159
2021-06-18 09:45:31,122.0,6981416
2021-06-18 09:45:33,122.0,6983532
2021-06-18 09:45:33,121.95,6983699
2021-06-18 09:45:35,122.05,6985422
2021-06-18 09:45:36,122.05,6986400
2021-06-18 09:45:38,122.1,6988885
2021-06-18 09:45:39,122.1,6989303
2021-06-18 09:45:40,122.1,6989370
2021-06-18 09:45:41,122.1,6990182
2021-06-18 09:45:41,122.1,6990182
2021-06-18 09:45:42,122.1,6990317
2021-06-18 09:45:43,122.1,6995390
2021-06-18 09:45:45,122.1,6996135
2021-06-18 09:45:46,122.1,6996980
2021-06-18 09:45:46,122.05,6996990
2021-06-18 09:45:47,122.1,6997290
2021-06-18 09:45:49,122.05,6997460
2021-06-18 09:45:49,122.05,6997515
2021-06-18 09:45:50,122.1,6999115
2021-06-18 09:45:52,122.05,6999343
2021-06-18 09:45:52,121.95,7007935
2021-06-18 09:45:53,122.0,7008347
2021-06-18 09:45:54,122.0,7010391
2021-06-18 09:45:55,122.05,7011749
2021-06-18 09:45:56,122.05,7013033
2021-06-18 09:45:57,121.95,7015734
2021-06-18 09:45:58,122.05,7017100
2021-06-18 09:45:59,122.05,7017820
2021-06-18 09:46:00,122.05,7018230
2021-06-18 09:46:01,122.0,7018497
2021-06-18 09:46:02,122.0,7019619
2021-06-18 09:46:03,122.05,7021205
2021-06-18 09:46:04,122.05,7029510
2021-06-18 09:46:05,122.0,7029515
2021-06-18 09:46:06,122.1,7032808
2021-06-18 09:46:07,122.1,7032810
2021-06-18 09:46:08,122.05,7034905
2021-06-18 09:46:09,122.05,7035106
2021-06-18 09:46:10,122.1,7035979
2021-06-18 09:46:11,122.05,7036362
2021-06-18 09:46:12,122.05,7036463
2021-06-18 09:46:15,122.0,7036689
2021-06-18 09:46:16,122.1,7037521
2021-06-18 09:46:17,122.1,7037685
2021-06-18 09:46:18,122.1,7037994
2021-06-18 09:46:19,122.1,7040236
2021-06-18 09:46:19,122.0,7047446
2021-06-18 09:46:20,121.9,7068774
2021-06-18 09:46:21,122.0,7068788
2021-06-18 09:46:22,121.9,7082982
2021-06-18 09:46:24,121.9,7083202
2021-06-18 09:46:25,122.0,7083910
2021-06-18 09:46:26,122.0,7083996
2021-06-18 09:46:27,122.0,7084473
2021-06-18 09:46:28,122.0,7084473
2021-06-18 09:46:29,121.95,7085687
2021-06-18 09:46:29,121.95,7086377
2021-06-18 09:46:31,122.0,7087245
2021-06-18 09:46:32,122.05,7087353
2021-06-18 09:46:33,122.05,7087777
2021-06-18 09:46:34,122.05,7087777
2021-06-18 09:46:35,122.05,7092216
2021-06-18 09:46:36,122.0,7095205
2021-06-18 09:46:37,122.1,7097774
2021-06-18 09:46:38,122.05,7103084
2021-06-18 09:46:39,122.1,7103246
2021-06-18 09:46:40,122.15,7120691
2021-06-18 09:46:41,122.1,7129695
2021-06-18 09:46:42,122.2,7132416
2021-06-18 09:46:42,122.1,7134002
2021-06-18 09:46:43,122.15,7135826
2021-06-18 09:46:44,122.1,7144038
2021-06-18 09:46:45,122.1,7144044
2021-06-18 09:46:46,122.0,7146542
2021-06-18 09:46:47,122.0,7146614
2021-06-18 09:46:48,122.0,7147609
2021-06-18 09:46:50,122.05,7147979
2021-06-18 09:46:51,122.0,7148095
2021-06-18 09:46:52,121.95,7149357
2021-06-18 09:46:53,122.0,7149358
2021-06-18 09:46:54,122.0,7149748
2021-06-18 09:46:54,122.0,7149748
2021-06-18 09:46:56,122.0,7149850
2021-06-18 09:46:57,122.05,7151995
2021-06-18 09:46:58,122.05,7152049
2021-06-18 09:46:59,122.05,7152792
2021-06-18 09:47:00,121.95,7153347
2021-06-18 09:47:01,121.95,7153791
2021-06-18 09:47:02,121.95,7155011
2021-06-18 09:47:03,121.95,7155147
2021-06-18 09:47:04,121.95,7156532
2021-06-18 09:47:05,122.05,7156572
2021-06-18 09:47:06,122.05,7157065
2021-06-18 09:47:07,122.0,7157080
2021-06-18 09:47:08,122.05,7157238
2021-06-18 09:47:08,122.05,7157242
2021-06-18 09:47:09,122.05,7157322
2021-06-18 09:47:10,122.05,7157386
2021-06-18 09:47:11,122.05,7157536
2021-06-18 09:47:12,121.95,7167272
2021-06-18 09:47:14,122.0,7168077
2021-06-18 09:47:15,122.05,7171311
2021-06-18 09:47:16,122.05,7174601
2021-06-18 09:47:17,122.05,7174601
2021-06-18 09:47:18,122.1,7175611
2021-06-18 09:47:20,122.1,7175949
2021-06-18 09:47:19,122.05,7175631
2021-06-18 09:47:21,122.05,7176172
2021-06-18 09:47:22,122.0,7194557
2021-06-18 09:47:23,122.05,7203334
2021-06-18 09:47:24,122.05,7203609
2021-06-18 09:47:25,122.05,7204670
2021-06-18 09:47:26,122.1,7206328
2021-06-18 09:47:27,122.1,7207430
2021-06-18 09:47:28,122.1,7207834
2021-06-18 09:47:28,122.1,7208177
2021-06-18 09:47:29,122.05,7211007
2021-06-18 09:47:30,122.1,7211136
2021-06-18 09:47:31,122.05,7212085
2021-06-18 09:47:33,122.1,7213472
2021-06-18 09:47:34,122.1,7214072
2021-06-18 09:47:35,122.1,7214670
2021-06-18 09:47:36,122.1,7215746
2021-06-18 09:47:37,122.1,7216176
2021-06-18 09:47:38,122.1,7216754
2021-06-18 09:47:39,122.15,7217252
2021-06-18 09:47:40,122.05,7218633
2021-06-18 09:47:41,122.15,7218783
2021-06-18 09:47:42,122.15,7219729
2021-06-18 09:47:43,122.1,7220020
2021-06-18 09:47:44,122.15,7220393
2021-06-18 09:47:45,122.15,7220709
2021-06-18 09:47:46,122.15,7220822
2021-06-18 09:47:47,122.15,7221054
2021-06-18 09:47:48,122.15,7221603
2021-06-18 09:47:49,122.15,7221666
2021-06-18 09:47:50,122.15,7221879
2021-06-18 09:47:51,122.1,7222079
2021-06-18 09:47:52,122.15,7225421
2021-06-18 09:47:53,122.1,7228102
2021-06-18 09:47:54,122.1,7229205
2021-06-18 09:47:57,122.15,7235203
2021-06-18 09:47:58,122.15,7235425
2021-06-18 09:47:59,122.15,7236530
2021-06-18 09:48:00,122.15,7236991
2021-06-18 09:48:00,122.15,7236991
2021-06-18 09:48:02,122.05,7241901
2021-06-18 09:48:03,122.05,7243394
2021-06-18 09:48:04,122.1,7243400
2021-06-18 09:48:05,122.0,7248205
2021-06-18 09:48:06,122.0,7248728
2021-06-18 09:48:07,121.95,7252702
2021-06-18 09:48:08,121.95,7255402
2021-06-18 09:48:09,121.95,7256608
2021-06-18 09:48:10,121.95,7258580
2021-06-18 09:48:10,122.0,7258627
2021-06-18 09:48:11,121.95,7259219
2021-06-18 09:48:12,121.9,7259347
2021-06-18 09:48:13,121.85,7289114
2021-06-18 09:48:14,121.85,7289210
2021-06-18 09:48:15,121.85,7298370
2021-06-18 09:48:16,121.85,7299015
2021-06-18 09:48:18,121.85,7302957
2021-06-18 09:48:18,121.75,7303007
2021-06-18 09:48:20,121.75,7304677
2021-06-18 09:48:21,121.75,7305815
2021-06-18 09:48:22,121.85,7306317
2021-06-18 09:48:23,121.8,7307379
2021-06-18 09:48:24,121.85,7307419
2021-06-18 09:48:25,121.75,7308371
2021-06-18 09:48:26,121.75,7311934
2021-06-18 09:48:27,121.85,7312667
2021-06-18 09:48:27,121.9,7313117
2021-06-18 09:48:29,121.8,7318277
2021-06-18 09:48:30,121.8,7318472
2021-06-18 09:48:31,121.9,7320580
2021-06-18 09:48:32,121.9,7320700
2021-06-18 09:48:33,121.85,7321356
2021-06-18 09:48:34,121.9,7321368
2021-06-18 09:48:35,121.9,7322166
2021-06-18 09:48:36,121.9,7322190
2021-06-18 09:48:37,121.9,7322479
2021-06-18 09:48:38,121.85,7322620
2021-06-18 09:48:40,121.9,7325965
2021-06-18 09:48:41,121.95,7326755
2021-06-18 09:48:42,121.9,7327020
2021-06-18 09:48:43,122.0,7328919
2021-06-18 09:48:44,121.9,7331537
2021-06-18 09:48:45,121.9,7331538
2021-06-18 09:48:46,121.9,7332348
2021-06-18 09:48:47,121.85,7334098
2021-06-18 09:48:48,121.85,7334439
2021-06-18 09:48:49,121.9,7344663
2021-06-18 09:48:50,121.9,7345925
2021-06-18 09:48:51,121.9,7346366
2021-06-18 09:48:52,121.95,7346999
2021-06-18 09:48:53,121.9,7347610
2021-06-18 09:48:54,121.85,7349122
2021-06-18 09:48:56,121.95,7349576
2021-06-18 09:48:58,121.95,7349937
2021-06-18 09:48:59,121.95,7350120
2021-06-18 09:49:00,121.9,7350389
2021-06-18 09:49:01,121.8,7351867
2021-06-18 09:49:02,121.85,7352411
2021-06-18 09:49:03,121.8,7355375
2021-06-18 09:49:03,121.8,7355375
2021-06-18 09:49:05,121.85,7355631
2021-06-18 09:49:06,121.85,7356376
2021-06-18 09:49:07,121.85,7357662
2021-06-18 09:49:07,121.85,7357762
2021-06-18 09:49:08,121.85,7358718
2021-06-18 09:49:09,121.85,7358823
2021-06-18 09:49:10,121.85,7359138
2021-06-18 09:49:11,121.8,7359223
2021-06-18 09:49:12,121.85,7359480
2021-06-18 09:49:14,121.8,7360688
2021-06-18 09:49:15,121.85,7361742
2021-06-18 09:49:17,121.85,7363108
2021-06-18 09:49:18,121.8,7364420
2021-06-18 09:49:20,121.8,7365052
2021-06-18 09:49:21,121.85,7366982
2021-06-18 09:49:22,121.85,7379501
2021-06-18 09:49:23,121.75,7379906
2021-06-18 09:49:24,121.85,7381200
2021-06-18 09:49:25,121.85,7384137
2021-06-18 09:49:26,121.85,7385236
2021-06-18 09:49:27,121.9,7393728
2021-06-18 09:49:28,121.75,7395957
2021-06-18 09:49:29,121.75,7396026
2021-06-18 09:49:30,121.85,7396951
2021-06-18 09:49:31,121.85,7397151
2021-06-18 09:49:32,121.85,7397193
2021-06-18 09:49:33,121.85,7397293
2021-06-18 09:49:34,121.8,7397508
2021-06-18 09:49:35,121.85,7403705
2021-06-18 09:49:36,121.9,7403824
2021-06-18 09:49:37,121.9,7404392
2021-06-18 09:49:38,121.9,7404392
2021-06-18 09:49:39,121.9,7404392
2021-06-18 09:49:40,121.85,7404424
2021-06-18 09:49:41,121.9,7404914
2021-06-18 09:49:42,121.9,7405028
2021-06-18 09:49:43,121.9,7405053
2021-06-18 09:49:44,121.9,7406511
2021-06-18 09:49:45,121.9,7414978
2021-06-18 09:49:46,121.9,7414978
2021-06-18 09:49:47,121.9,7415026
2021-06-18 09:49:48,121.95,7415569
2021-06-18 09:49:49,121.95,7415644
2021-06-18 09:49:51,121.9,7415653
2021-06-18 09:49:52,121.95,7415887
2021-06-18 09:49:53,121.9,7415957
2021-06-18 09:49:54,121.9,7416457
2021-06-18 09:49:55,121.95,7416462
2021-06-18 09:49:56,121.95,7416476
2021-06-18 09:49:57,121.85,7417314
2021-06-18 09:49:58,121.85,7417314
2021-06-18 09:49:59,121.95,7417404
2021-06-18 09:50:00,121.95,7417407
2021-06-18 09:50:01,121.9,7417408
2021-06-18 09:50:02,121.85,7417577
2021-06-18 09:50:03,121.9,7417579
2021-06-18 09:50:04,121.9,7417579
2021-06-18 09:50:05,121.9,7417679
2021-06-18 09:50:06,121.9,7417806
2021-06-18 09:50:07,121.85,7417839
2021-06-18 09:50:08,121.85,7417839
2021-06-18 09:50:09,121.9,7417862
2021-06-18 09:50:10,121.9,7417962
2021-06-18 09:50:11,121.85,7418213
2021-06-18 09:50:12,121.85,7418514
2021-06-18 09:50:13,121.85,7421453
2021-06-18 09:50:14,121.9,7432826
2021-06-18 09:50:15,121.95,7432898
2021-06-18 09:50:16,121.95,7432939
2021-06-18 09:50:17,121.95,7434657
2021-06-18 09:50:18,121.9,7434660
2021-06-18 09:50:19,121.9,7434753
2021-06-18 09:50:20,121.9,7434786
2021-06-18 09:50:21,121.9,7435454
2021-06-18 09:50:22,121.9,7435556
2021-06-18 09:50:23,121.9,7435626
2021-06-18 09:50:24,121.8,7446853
2021-06-18 09:50:25,121.75,7448011
2021-06-18 09:50:26,121.7,7448062
2021-06-18 09:50:27,121.8,7448462
2021-06-18 09:50:29,121.8,7449942
2021-06-18 09:50:30,121.7,7450560
2021-06-18 09:50:31,121.8,7452565
2021-06-18 09:50:32,121.8,7453585
2021-06-18 09:50:33,121.7,7453910
2021-06-18 09:50:34,121.8,7454116
2021-06-18 09:50:35,121.75,7454238
2021-06-18 09:50:36,121.7,7454348
2021-06-18 09:50:37,121.8,7454401
2021-06-18 09:50:38,121.75,7454974
2021-06-18 09:50:39,121.8,7455209
2021-06-18 09:50:40,121.8,7455280
2021-06-18 09:50:41,121.75,7455424
2021-06-18 09:50:42,121.7,7455553
2021-06-18 09:50:43,121.7,7455702
2021-06-18 09:50:44,121.8,7456251
2021-06-18 09:50:45,121.8,7456415
2021-06-18 09:50:46,121.7,7457028
2021-06-18 09:50:47,121.8,7458168
2021-06-18 09:50:48,121.7,7458598
2021-06-18 09:50:50,121.7,7458974
2021-06-18 09:50:51,121.75,7459087
2021-06-18 09:50:53,121.75,7459771
2021-06-18 09:50:52,121.75,7459122
2021-06-18 09:50:54,121.75,7459991
2021-06-18 09:50:56,121.75,7460229
2021-06-18 09:50:57,121.75,7460510
2021-06-18 09:50:58,121.8,7461700
2021-06-18 09:50:59,121.7,7462109
2021-06-18 09:51:00,121.7,7462561
2021-06-18 09:51:01,121.7,7463222
2021-06-18 09:51:02,121.8,7463707
2021-06-18 09:51:03,121.8,7463853
2021-06-18 09:51:04,121.8,7463902
2021-06-18 09:51:05,121.8,7468151
2021-06-18 09:51:06,121.85,7469608
2021-06-18 09:51:07,121.9,7471877
2021-06-18 09:51:08,121.8,7472691
2021-06-18 09:51:09,121.9,7472935
2021-06-18 09:51:10,121.9,7473330
2021-06-18 09:51:11,121.9,7488562
2021-06-18 09:51:12,122.0,7493182
2021-06-18 09:51:13,122.0,7493490
2021-06-18 09:51:14,121.95,7493627
2021-06-18 09:51:15,122.0,7493752
2021-06-18 09:51:16,122.0,7493802
2021-06-18 09:51:17,122.0,7493817
2021-06-18 09:51:18,122.0,7493821
2021-06-18 09:51:19,121.95,7493922
2021-06-18 09:51:20,122.0,7494907
2021-06-18 09:51:21,121.95,7495365
2021-06-18 09:51:23,121.95,7496086
2021-06-18 09:51:22,122.0,7495535
2021-06-18 09:51:24,122.0,7496253
2021-06-18 09:51:25,121.95,7496306
2021-06-18 09:51:26,121.95,7496367
2021-06-18 09:51:27,121.95,7497887
2021-06-18 09:51:28,121.95,7499596
2021-06-18 09:51:29,121.95,7500109
2021-06-18 09:51:30,121.95,7500263
2021-06-18 09:51:31,121.95,7500324
2021-06-18 09:51:32,121.9,7500392
2021-06-18 09:51:33,121.95,7500413
2021-06-18 09:51:34,121.95,7500420
2021-06-18 09:51:36,121.95,7500483
2021-06-18 09:51:36,121.95,7500522
2021-06-18 09:51:38,121.95,7500546
2021-06-18 09:51:38,121.9,7500536
2021-06-18 09:51:40,121.9,7500822
2021-06-18 09:51:41,121.9,7501105
2021-06-18 09:51:42,121.95,7501190
2021-06-18 09:51:42,121.9,7501216
2021-06-18 09:51:43,121.95,7503064
2021-06-18 09:51:44,122.0,7503618
2021-06-18 09:51:45,122.0,7504044
2021-06-18 09:51:46,121.95,7504605
2021-06-18 09:51:47,121.9,7504984
2021-06-18 09:51:48,121.95,7515007
2021-06-18 09:51:50,122.1,7522856
2021-06-18 09:51:52,122.1,7525919
2021-06-18 09:51:52,122.1,7526838
2021-06-18 09:51:53,122.1,7528463
2021-06-18 09:51:54,122.05,7528971
2021-06-18 09:51:56,122.05,7529124
2021-06-18 09:51:56,121.9,7556732
2021-06-18 09:51:57,121.9,7573587
2021-06-18 09:51:59,121.9,7587154
2021-06-18 09:51:59,121.9,7591224
2021-06-18 09:52:00,121.8,7597662
2021-06-18 09:52:01,121.9,7607802
2021-06-18 09:52:02,121.9,7611284
2021-06-18 09:52:03,121.9,7611683
2021-06-18 09:52:04,121.95,7611803
2021-06-18 09:52:05,121.95,7611854
2021-06-18 09:52:06,121.95,7611954
2021-06-18 09:52:07,121.95,7611984
2021-06-18 09:52:08,121.95,7611994
2021-06-18 09:52:09,121.9,7612197
2021-06-18 09:52:10,121.85,7616458
2021-06-18 09:52:12,121.95,7617838
2021-06-18 09:52:12,121.9,7618257
2021-06-18 09:52:14,121.9,7618568
2021-06-18 09:52:15,121.9,7618661
2021-06-18 09:52:16,121.9,7618810
2021-06-18 09:52:16,121.85,7618881
2021-06-18 09:52:17,121.9,7619002
2021-06-18 09:52:18,121.9,7619240
2021-06-18 09:52:19,121.85,7619449
2021-06-18 09:52:20,121.85,7619600
2021-06-18 09:52:21,121.85,7621698
2021-06-18 09:52:23,121.85,7644097
2021-06-18 09:52:23,121.7,7638928
2021-06-18 09:52:24,121.85,7645665
2021-06-18 09:52:25,121.85,7646191
2021-06-18 09:52:26,121.85,7646349
2021-06-18 09:52:27,121.8,7646407
2021-06-18 09:52:28,121.8,7646424
2021-06-18 09:52:29,121.8,7646479
2021-06-18 09:52:30,121.75,7646636
2021-06-18 09:52:32,121.8,7646683
2021-06-18 09:52:32,121.8,7646697
2021-06-18 09:52:33,121.75,7646718
2021-06-18 09:52:34,121.7,7649724
2021-06-18 09:52:35,121.8,7650627
2021-06-18 09:52:36,121.8,7652244
2021-06-18 09:52:37,121.7,7653087
2021-06-18 09:52:38,121.7,7653434
2021-06-18 09:52:39,121.8,7653546
2021-06-18 09:52:40,121.7,7653658
2021-06-18 09:52:41,121.8,7653725
2021-06-18 09:52:42,121.8,7653746
2021-06-18 09:52:44,121.7,7653806
2021-06-18 09:52:47,121.75,7654433
2021-06-18 09:52:49,121.75,7654655
2021-06-18 09:52:51,121.75,7655522
2021-06-18 09:52:55,121.7,7700889
2021-06-18 09:53:00,121.75,7715392
2021-06-18 09:53:06,121.7,7730660
2021-06-18 09:53:11,121.65,7761041
2021-06-18 09:53:16,121.65,7771119
2021-06-18 09:53:27,121.55,7779950
2021-06-18 09:53:32,121.6,7783764
2021-06-18 09:53:36,121.6,7786101
2021-06-18 09:53:41,121.6,7793695
2021-06-18 09:53:46,121.6,7797183
2021-06-18 09:53:52,121.5,7868180
2021-06-18 09:53:57,121.5,7869255
2021-06-18 09:54:02,121.45,7888021
2021-06-18 09:54:07,121.45,7892257
2021-06-18 09:54:11,121.5,7895491
2021-06-18 09:54:16,121.5,7897019
2021-06-18 09:54:21,121.5,7898949
2021-06-18 09:54:26,121.5,7901816
2021-06-18 09:54:32,121.45,7916450
2021-06-18 09:54:37,121.35,7922735
2021-06-18 09:54:41,121.45,7932214
2021-06-18 09:54:46,121.35,7941484
2021-06-18 09:54:51,121.4,7944795
2021-06-18 09:54:56,121.35,7977902
2021-06-18 09:55:01,121.25,8057575
2021-06-18 09:55:06,121.3,8061207
2021-06-18 09:55:11,121.3,8185533
2021-06-18 09:55:16,121.3,8275886
2021-06-18 09:55:21,121.3,8350667
2021-06-18 09:55:26,121.35,8451631
2021-06-18 09:55:31,121.1,8471720
2021-06-18 09:55:36,121.25,8473671
2021-06-18 09:55:41,121.15,8483383
2021-06-18 09:55:46,121.2,8492832
2021-06-18 09:55:51,121.2,8513656
2021-06-18 09:55:56,121.1,8585066
2021-06-18 09:56:01,121.1,8592623
2021-06-18 09:56:06,121.1,8599919
2021-06-18 09:56:11,121.0,8634578
2021-06-18 09:56:16,121.05,8661799
2021-06-18 09:56:21,121.05,8670646
2021-06-18 09:56:26,121.05,8684317
2021-06-18 09:56:31,121.1,8697568
2021-06-18 09:56:36,121.15,8710531
2021-06-18 09:56:42,121.15,8721911
2021-06-18 09:56:47,121.2,8727543
2021-06-18 09:56:52,121.15,8735480
2021-06-18 09:56:57,121.2,8740045
2021-06-18 09:57:02,121.05,8760039
2021-06-18 09:57:07,121.05,8780197
2021-06-18 09:57:12,121.05,8784157
2021-06-18 09:57:17,121.05,8838807
2021-06-18 09:57:22,121.15,8866318
2021-06-18 09:57:28,121.05,8889231
2021-06-18 09:57:33,121.15,8897305
2021-06-18 09:57:38,121.1,8901512
2021-06-18 09:57:43,121.1,8970651
2021-06-18 09:57:48,121.1,8976977
2021-06-18 09:57:54,121.15,9002074
2021-06-18 09:57:59,121.2,9002958
2021-06-18 09:58:05,121.2,9012314
2021-06-18 09:58:10,121.2,9058279
2021-06-18 09:58:15,121.15,9146540
2021-06-18 09:58:21,121.3,9158031
2021-06-18 09:58:26,121.3,9164182
2021-06-18 09:58:31,121.4,9169306
2021-06-18 09:58:37,121.3,9171562
2021-06-18 09:58:42,121.3,9175259
2021-06-18 09:58:47,121.25,9202817
2021-06-18 09:58:52,121.25,9316745
2021-06-18 09:58:57,121.3,9316929
2021-06-18 09:59:03,121.3,9319015
2021-06-18 09:59:08,121.45,9324632
2021-06-18 09:59:13,121.5,9326136
2021-06-18 09:59:18,121.4,9327626
2021-06-18 09:59:23,121.4,9340373
2021-06-18 09:59:29,121.4,9371353
2021-06-18 09:59:34,121.4,9371705
2021-06-18 09:59:40,121.4,9381979
2021-06-18 09:59:45,121.35,9382695
2021-06-18 09:59:50,121.4,9394766
2021-06-18 09:59:55,121.35,9404965
2021-06-18 10:00:01,121.45,9406851
2021-06-18 10:00:06,121.35,9408323
2021-06-18 10:00:11,121.35,9422405
2021-06-18 10:00:17,121.1,9456388
2021-06-18 10:00:22,121.2,9467973
2021-06-18 10:00:28,121.15,9471209
2021-06-18 10:00:33,121.15,9488924
2021-06-18 10:00:38,121.15,9490893
2021-06-18 10:00:44,121.2,9504051
2021-06-18 10:00:49,121.15,9507232
2021-06-18 10:00:55,121.2,9515172
2021-06-18 10:01:00,121.25,9523260
2021-06-18 10:01:05,121.2,9527806
2021-06-18 10:01:10,121.2,9540053
2021-06-18 10:01:15,121.2,9570715
2021-06-18 10:01:20,121.25,9594012
2021-06-18 10:01:25,121.4,9605898
2021-06-18 10:01:30,121.4,9606630
2021-06-18 10:01:35,121.4,9615150
2021-06-18 10:01:40,121.4,9615661
2021-06-18 10:01:45,121.4,9619651
2021-06-18 10:01:50,121.35,9620216
2021-06-18 10:01:55,121.4,9628687
2021-06-18 10:02:00,121.25,9648868
2021-06-18 10:02:05,121.3,9657939
2021-06-18 10:02:10,121.3,9663220
2021-06-18 10:02:15,121.3,9664266
2021-06-18 10:02:20,121.4,9667138
2021-06-18 10:02:25,121.35,9667301
2021-06-18 10:02:30,121.6,9705350
2021-06-18 10:02:35,121.55,9706259
2021-06-18 10:02:40,121.6,9709322
2021-06-18 10:02:45,121.65,9710310
2021-06-18 10:02:51,121.65,9712330
2021-06-18 10:02:56,121.55,9716184
2021-06-18 10:03:01,121.55,9716644
2021-06-18 10:03:06,121.5,9717153
2021-06-18 10:03:12,121.5,9719230
2021-06-18 10:03:17,121.55,9721302
2021-06-18 10:03:22,121.5,9724025
2021-06-18 10:03:27,121.5,9737458
2021-06-18 10:03:33,121.5,9744792
2021-06-18 10:03:37,121.5,9747126
2021-06-18 10:03:42,121.5,9754096
2021-06-18 10:03:47,121.45,9755074
2021-06-18 10:03:52,121.45,9765881
2021-06-18 10:03:57,121.6,9777881
2021-06-18 10:04:03,121.6,9780737
2021-06-18 10:04:08,121.6,9785038
2021-06-18 10:04:13,121.55,9788085
2021-06-18 10:04:18,121.6,9797595
2021-06-18 10:04:24,121.6,9807826
2021-06-18 10:04:29,121.65,9809577
2021-06-18 10:04:34,121.65,9811137
2021-06-18 10:04:39,121.6,9840052
2021-06-18 10:04:44,121.55,9844297
2021-06-18 10:04:50,121.4,9853469
2021-06-18 10:04:54,121.6,9859912
2021-06-18 10:04:59,121.55,9860328
2021-06-18 10:05:04,121.55,9873106
2021-06-18 10:05:09,121.6,9873624
2021-06-18 10:05:14,121.7,9881635
2021-06-18 10:05:20,121.65,9887015
2021-06-18 10:05:25,121.6,9890624
2021-06-18 10:05:30,121.65,9894824
2021-06-18 10:05:35,121.5,9937696
2021-06-18 10:05:40,121.55,9947265
2021-06-18 10:05:45,121.6,9947551
2021-06-18 10:05:50,121.5,9948823
2021-06-18 10:05:55,121.55,9973419
2021-06-18 10:06:00,121.55,9982058
2021-06-18 10:06:05,121.55,9983491
2021-06-18 10:06:10,121.65,9988785
2021-06-18 10:06:15,121.65,9990469
2021-06-18 10:06:20,121.55,9992928
2021-06-18 10:06:24,121.55,9993379
2021-06-18 10:06:29,121.5,10001467
2021-06-18 10:06:33,121.55,10002326
2021-06-18 10:06:38,121.55,10004375
2021-06-18 10:06:42,121.6,10014088
2021-06-18 10:06:47,121.55,10014560
2021-06-18 10:06:52,121.7,10018382
2021-06-18 10:06:57,121.7,10018517
2021-06-18 10:07:02,121.7,10021148
2021-06-18 10:07:07,121.55,10026450
2021-06-18 10:07:12,121.6,10031197
2021-06-18 10:07:17,121.55,10032693
2021-06-18 10:07:22,121.5,10037293
2021-06-18 10:07:41,121.45,10085842
2021-06-18 10:07:46,121.4,10087712
2021-06-18 10:07:51,121.35,10092839
2021-06-18 10:07:56,121.3,10094276
2021-06-18 10:08:01,121.4,10095478
2021-06-18 10:08:06,121.1,10163487
2021-06-18 10:08:11,121.15,10180778
2021-06-18 10:08:21,121.15,10244993
2021-06-18 10:08:26,121.15,10262784
2021-06-18 10:08:31,121.15,10301745
2021-06-18 10:08:36,121.2,10302465
2021-06-18 10:08:41,121.15,10335640
2021-06-18 10:08:45,121.25,10337657
2021-06-18 10:08:50,121.2,10344589
2021-06-18 10:08:55,121.05,10365916
2021-06-18 10:09:00,121.0,10382186
2021-06-18 10:09:05,121.05,10407721
2021-06-18 10:09:10,121.1,10426545
2021-06-18 10:09:15,121.15,10431637
2021-06-18 10:09:20,121.25,10433564
2021-06-18 10:09:26,121.15,10435930
2021-06-18 10:09:30,121.25,10438162
2021-06-18 10:09:35,121.25,10438262
2021-06-18 10:09:40,121.25,10438397
2021-06-18 10:09:44,121.25,10439056
2021-06-18 10:09:49,121.2,10443583
2021-06-18 10:09:53,121.2,10444838
2021-06-18 10:09:58,121.2,10446394
2021-06-18 10:10:02,121.15,10450410
2021-06-18 10:10:07,121.1,10451409
2021-06-18 10:10:17,121.0,10543454
2021-06-18 10:10:22,120.95,10548210
2021-06-18 10:10:26,120.95,10557384
2021-06-18 10:10:31,120.9,10570283
2021-06-18 10:10:35,120.8,10579377
2021-06-18 10:10:40,120.85,10588795
2021-06-18 10:10:45,120.8,10618012
2021-06-18 10:10:50,120.7,10662635
2021-06-18 10:10:54,120.85,10688920
2021-06-18 10:10:59,120.8,10707287
2021-06-18 10:11:04,120.8,10714343
2021-06-18 10:11:10,120.85,10718206
2021-06-18 10:11:14,120.8,10740067
2021-06-18 10:11:19,120.8,10754155
2021-06-18 10:11:24,120.9,10767472
2021-06-18 10:11:28,120.9,10768167
2021-06-18 10:11:33,120.9,10793344
2021-06-18 10:11:38,120.95,10797285
2021-06-18 10:11:43,120.95,10798518
2021-06-18 10:11:47,120.95,10801947
2021-06-18 10:11:52,121.0,10808158
2021-06-18 10:11:57,121.0,10816938
2021-06-18 10:12:02,121.05,10838700
2021-06-18 10:12:07,121.05,10842528
2021-06-18 10:12:12,121.05,10844817
2021-06-18 10:12:17,121.15,10850581
2021-06-18 10:12:21,121.15,10855865
2021-06-18 10:12:26,121.1,10856980
2021-06-18 10:12:31,121.2,10860670
2021-06-18 10:12:36,121.1,10867130
2021-06-18 10:12:41,121.2,10867631
2021-06-18 10:12:46,121.2,10881576
2021-06-18 10:12:49,121.2,10883157
2021-06-18 10:12:50,121.2,10883510
2021-06-18 10:12:51,121.2,10883535
2021-06-18 10:12:52,121.2,10883535
2021-06-18 10:12:53,121.2,10883689
2021-06-18 10:12:54,121.2,10883689
2021-06-18 10:12:55,121.15,10883839
2021-06-18 10:12:56,121.15,10884225
2021-06-18 10:12:57,121.15,10884261
2021-06-18 10:12:58,121.15,10894284
2021-06-18 10:12:59,121.05,10894633
2021-06-18 10:13:00,121.1,10894734
2021-06-18 10:13:01,121.1,10894967
2021-06-18 10:13:03,121.1,10895470
2021-06-18 10:13:02,121.15,10895469
2021-06-18 10:13:04,121.15,10895630
2021-06-18 10:13:05,121.15,10896886
2021-06-18 10:13:06,121.15,10896893
2021-06-18 10:13:08,121.15,10897113
2021-06-18 10:13:09,121.15,10898318
2021-06-18 10:13:10,121.1,10900822
2021-06-18 10:13:12,121.1,10900873
2021-06-18 10:13:13,121.1,10901525
2021-06-18 10:13:13,121.1,10901525
2021-06-18 10:13:14,121.2,10901570
2021-06-18 10:13:15,121.15,10901674
2021-06-18 10:13:16,121.2,10902524
2021-06-18 10:13:17,121.15,10914371
2021-06-18 10:13:18,121.25,10914401
2021-06-18 10:13:19,121.15,10914601
2021-06-18 10:13:20,121.25,10914602
2021-06-18 10:13:21,121.25,10914805
2021-06-18 10:13:22,121.2,10914881
2021-06-18 10:13:23,121.2,10916247
2021-06-18 10:13:24,121.2,10916247
2021-06-18 10:13:25,121.25,10916266
2021-06-18 10:13:26,121.2,10916273
2021-06-18 10:13:27,121.2,10916274
2021-06-18 10:13:29,121.2,10947701
2021-06-18 10:13:31,121.2,10948312
2021-06-18 10:13:31,121.2,10948313
2021-06-18 10:13:33,121.2,10948424
2021-06-18 10:13:35,121.15,10948680
2021-06-18 10:13:36,121.2,10948965
2021-06-18 10:13:37,121.2,10949050
2021-06-18 10:13:38,121.2,10957282
2021-06-18 10:13:39,121.2,10957364
2021-06-18 10:13:40,121.2,10957367
2021-06-18 10:13:41,121.15,10957378
2021-06-18 10:13:43,121.2,10957474
2021-06-18 10:13:43,121.2,10957474
2021-06-18 10:13:44,121.2,10957498
2021-06-18 10:13:45,121.15,10958980
2021-06-18 10:13:46,121.15,10960485
2021-06-18 10:13:47,121.2,10960486
2021-06-18 10:13:48,121.15,10961099
2021-06-18 10:13:49,121.2,10962158
2021-06-18 10:13:50,121.15,10963733
2021-06-18 10:13:51,121.2,10963741
2021-06-18 10:13:52,121.2,10963741
2021-06-18 10:13:53,121.15,10963743
2021-06-18 10:13:54,121.2,10963798
2021-06-18 10:13:55,121.2,10963799
2021-06-18 10:13:56,121.2,10963799
2021-06-18 10:13:57,121.2,10963799
2021-06-18 10:13:58,121.15,10964122
2021-06-18 10:13:59,121.15,10964124
2021-06-18 10:14:00,121.2,10968236
2021-06-18 10:14:01,121.15,10968238
2021-06-18 10:14:02,121.15,10976766
2021-06-18 10:14:03,121.2,10978411
2021-06-18 10:14:04,121.15,10978413
2021-06-18 10:14:05,121.15,10979284
2021-06-18 10:14:06,121.2,10979484
2021-06-18 10:14:08,121.2,10981985
2021-06-18 10:14:08,121.2,10981985
2021-06-18 10:14:09,121.2,10983928
2021-06-18 10:14:10,121.2,10984028
2021-06-18 10:14:11,121.2,10985176
2021-06-18 10:14:12,121.2,10985201
2021-06-18 10:14:13,121.15,10985249
2021-06-18 10:14:14,121.2,10985969
2021-06-18 10:14:15,121.2,10986219
2021-06-18 10:14:16,121.2,10987445
2021-06-18 10:14:17,121.2,10987590
2021-06-18 10:14:18,121.2,10991227
2021-06-18 10:14:19,121.2,10991527
2021-06-18 10:14:20,121.2,10991627
2021-06-18 10:14:21,121.2,10991627
2021-06-18 10:14:22,121.15,10993942
2021-06-18 10:14:23,121.15,10993962
2021-06-18 10:14:24,121.2,10993990
2021-06-18 10:14:25,121.2,10994500
2021-06-18 10:14:26,121.15,10994505
2021-06-18 10:14:27,121.15,10994606
2021-06-18 10:14:28,121.15,10994630
2021-06-18 10:14:29,121.2,10994655
2021-06-18 10:14:30,121.2,10995381
2021-06-18 10:14:31,121.15,10995394
2021-06-18 10:14:32,121.15,10995394
2021-06-18 10:14:33,121.0,11015560
2021-06-18 10:14:34,121.0,11027559
2021-06-18 10:14:35,121.0,11027560
2021-06-18 10:14:36,121.15,11035858
2021-06-18 10:14:37,121.1,11035876
2021-06-18 10:14:38,121.15,11036079
2021-06-18 10:14:39,121.15,11036640
2021-06-18 10:14:40,121.15,11036642
2021-06-18 10:14:41,121.1,11036966
2021-06-18 10:14:42,121.15,11037103
2021-06-18 10:14:43,121.1,11044394
2021-06-18 10:14:44,121.2,11045099
2021-06-18 10:14:45,121.2,11045600
2021-06-18 10:14:46,121.2,11045600
2021-06-18 10:14:47,121.2,11045665
2021-06-18 10:14:48,121.2,11045835
2021-06-18 10:14:49,121.1,11056714
2021-06-18 10:14:50,121.1,11059333
2021-06-18 10:14:51,121.1,11059458
2021-06-18 10:14:52,121.15,11059843
2021-06-18 10:14:53,121.1,11059944
2021-06-18 10:14:54,121.1,11059950
2021-06-18 10:14:55,121.05,11060011
2021-06-18 10:14:56,121.1,11060130
2021-06-18 10:14:57,121.1,11060155
2021-06-18 10:14:58,121.1,11060984
2021-06-18 10:14:59,121.05,11061109
2021-06-18 10:15:00,121.1,11061192
2021-06-18 10:15:01,121.05,11061199
2021-06-18 10:15:02,121.05,11061199
2021-06-18 10:15:03,121.05,11061280
2021-06-18 10:15:04,121.0,11080791
2021-06-18 10:15:05,120.95,11081504
2021-06-18 10:15:06,121.0,11081608
2021-06-18 10:15:07,120.95,11082182
2021-06-18 10:15:08,121.05,11082378
2021-06-18 10:15:09,121.05,11082443
2021-06-18 10:15:10,121.0,11083108
2021-06-18 10:15:11,121.0,11083395
2021-06-18 10:15:12,121.0,11083475
2021-06-18 10:15:13,120.95,11083537
2021-06-18 10:15:14,121.05,11084542
2021-06-18 10:15:15,121.05,11086370
2021-06-18 10:15:16,121.0,11086371
2021-06-18 10:15:17,120.95,11086516
2021-06-18 10:15:18,120.95,11086954
2021-06-18 10:15:19,120.95,11088668
2021-06-18 10:15:20,121.0,11088688
2021-06-18 10:15:21,120.9,11096246
2021-06-18 10:15:22,120.9,11096546
2021-06-18 10:15:23,120.9,11098582
2021-06-18 10:15:24,120.9,11101061
2021-06-18 10:15:25,120.95,11101722
2021-06-18 10:15:26,120.95,11102098
2021-06-18 10:15:27,120.95,11102169
2021-06-18 10:15:28,120.9,11103169
2021-06-18 10:15:29,120.9,11103351
2021-06-18 10:15:30,120.95,11104664
2021-06-18 10:15:31,120.9,11104842
2021-06-18 10:15:33,120.95,11104907
2021-06-18 10:15:34,120.9,11104967
2021-06-18 10:15:35,120.9,11105997
2021-06-18 10:15:35,120.9,11105997
2021-06-18 10:15:36,120.95,11106967
2021-06-18 10:15:37,120.9,11107463
2021-06-18 10:15:38,120.95,11113512
2021-06-18 10:15:39,120.9,11113654
2021-06-18 10:15:40,120.95,11114179
2021-06-18 10:15:41,120.95,11115397
2021-06-18 10:15:42,120.9,11115817
2021-06-18 10:15:43,120.9,11115892
2021-06-18 10:15:44,120.95,11117095
2021-06-18 10:15:45,120.9,11117163
2021-06-18 10:15:46,120.85,11117226
2021-06-18 10:15:47,120.95,11122244
2021-06-18 10:15:48,120.95,11123045
2021-06-18 10:15:49,120.9,11123105
2021-06-18 10:15:50,120.9,11123326
2021-06-18 10:15:51,120.9,11123352
2021-06-18 10:15:52,120.9,11123372
2021-06-18 10:15:53,120.95,11124607
2021-06-18 10:15:54,120.95,11124707
2021-06-18 10:15:56,120.95,11132281
2021-06-18 10:15:56,121.0,11132331
2021-06-18 10:15:57,121.0,11133263
2021-06-18 10:15:58,121.0,11134835
2021-06-18 10:15:59,121.0,11134861
2021-06-18 10:16:00,120.95,11135863
2021-06-18 10:16:01,120.95,11135963
2021-06-18 10:16:02,121.0,11140222
2021-06-18 10:16:03,121.0,11140575
2021-06-18 10:16:05,120.95,11142595
2021-06-18 10:16:06,121.0,11150329
2021-06-18 10:16:07,121.0,11150329
2021-06-18 10:16:08,121.0,11150380
2021-06-18 10:16:09,120.9,11150583
2021-06-18 10:16:10,121.0,11151038
2021-06-18 10:16:11,121.0,11151040
2021-06-18 10:16:11,121.0,11151041
2021-06-18 10:16:12,121.0,11151064
2021-06-18 10:16:13,120.95,11151474
2021-06-18 10:16:14,121.0,11151550
2021-06-18 10:16:15,120.95,11151761
2021-06-18 10:16:16,121.0,11151921
2021-06-18 10:16:17,120.95,11151933
2021-06-18 10:16:18,121.0,11152284
2021-06-18 10:16:19,120.9,11165125
2021-06-18 10:16:21,120.95,11165226
2021-06-18 10:16:21,120.95,11165226
2021-06-18 10:16:22,121.0,11165926
2021-06-18 10:16:24,121.0,11186055
2021-06-18 10:16:25,121.0,11188243
2021-06-18 10:16:26,121.0,11188384
2021-06-18 10:16:27,120.9,11188934
2021-06-18 10:16:28,120.95,11191275
2021-06-18 10:16:29,121.0,11195249
2021-06-18 10:16:30,120.95,11195329
2021-06-18 10:16:31,121.05,11196096
2021-06-18 10:16:32,121.05,11196218
2021-06-18 10:16:33,121.05,11196248
2021-06-18 10:16:34,121.0,11196383
2021-06-18 10:16:35,121.0,11196623
2021-06-18 10:16:36,121.05,11196717
2021-06-18 10:16:37,121.05,11196767
2021-06-18 10:16:38,120.95,11205147
2021-06-18 10:16:39,120.95,11212680
2021-06-18 10:16:40,121.0,11212685
2021-06-18 10:16:41,121.1,11212689
2021-06-18 10:16:42,121.1,11212695
2021-06-18 10:16:43,121.1,11214069
2021-06-18 10:16:44,121.0,11214370
2021-06-18 10:16:45,121.15,11219474
2021-06-18 10:16:46,121.15,11220357
2021-06-18 10:16:47,121.15,11220377
2021-06-18 10:16:49,121.15,11222082
2021-06-18 10:16:51,121.15,11224952
2021-06-18 10:16:52,121.2,11225680
2021-06-18 10:16:53,121.1,11225757
2021-06-18 10:16:53,121.1,11225757
2021-06-18 10:16:55,121.25,11233808
2021-06-18 10:16:55,121.25,11233809
2021-06-18 10:16:56,121.2,11235124
2021-06-18 10:16:57,121.25,11235729
2021-06-18 10:16:58,121.25,11235830
2021-06-18 10:16:59,121.25,11235830
2021-06-18 10:17:00,121.25,11235832
2021-06-18 10:17:01,121.2,11235982
2021-06-18 10:17:02,121.0,11260624
2021-06-18 10:17:04,121.1,11260731
2021-06-18 10:17:04,121.05,11260629
2021-06-18 10:17:05,121.05,11261409
2021-06-18 10:17:06,121.1,11261980
2021-06-18 10:17:07,121.05,11262007
2021-06-18 10:17:08,121.15,11262220
2021-06-18 10:17:09,121.15,11262248
2021-06-18 10:17:10,121.05,11262398
2021-06-18 10:17:11,121.15,11263698
2021-06-18 10:17:12,121.15,11271417
2021-06-18 10:17:13,121.15,11271583
2021-06-18 10:17:14,121.15,11271833
2021-06-18 10:17:15,121.15,11273873
2021-06-18 10:17:16,121.15,11273873
2021-06-18 10:17:17,121.1,11273943
2021-06-18 10:17:18,121.1,11273943
2021-06-18 10:17:20,121.1,11275026
2021-06-18 10:17:19,121.1,11274000
2021-06-18 10:17:21,121.1,11275026
2021-06-18 10:17:22,121.1,11275026
2021-06-18 10:17:24,121.1,11277243
2021-06-18 10:17:26,121.1,11280645
2021-06-18 10:17:28,121.1,11281616
2021-06-18 10:17:29,121.1,11281816
2021-06-18 10:17:29,121.1,11281816
2021-06-18 10:17:30,121.05,11282166
2021-06-18 10:17:31,121.1,11282677
2021-06-18 10:17:32,121.1,11282677
2021-06-18 10:17:33,121.15,11283277
2021-06-18 10:17:35,121.15,11283920
2021-06-18 10:17:36,121.1,11286690
2021-06-18 10:17:37,121.1,11286701
2021-06-18 10:17:37,121.1,11286701
2021-06-18 10:17:39,121.15,11287160
2021-06-18 10:17:40,121.1,11287173
2021-06-18 10:17:41,121.15,11287373
2021-06-18 10:17:43,121.1,11289574
2021-06-18 10:17:44,121.1,11290594
2021-06-18 10:17:45,121.1,11290594
2021-06-18 10:17:46,121.15,11290747
2021-06-18 10:17:48,121.15,11290762
2021-06-18 10:17:47,121.15,11290762
2021-06-18 10:17:49,121.15,11290912
2021-06-18 10:17:51,121.1,11292889
2021-06-18 10:17:55,121.25,11296413
2021-06-18 10:17:59,121.25,11301894
2021-06-18 10:18:04,121.25,11302149
2021-06-18 10:18:08,121.25,11303258
2021-06-18 10:18:12,121.3,11323191
2021-06-18 10:18:16,121.2,11326592
2021-06-18 10:18:20,121.3,11327608
2021-06-18 10:18:25,121.25,11345659
2021-06-18 10:18:29,121.2,11347030
2021-06-18 10:18:33,121.3,11347896
2021-06-18 10:18:37,121.2,11355980
2021-06-18 10:18:41,121.25,11356210
2021-06-18 10:18:45,121.25,11356820
2021-06-18 10:18:50,121.1,11362602
2021-06-18 10:18:55,121.15,11363670
2021-06-18 10:18:59,121.1,11364845
2021-06-18 10:19:04,121.05,11368621
2021-06-18 10:19:09,121.05,11369055
2021-06-18 10:19:13,121.1,11381193
2021-06-18 10:19:17,121.05,11381351
2021-06-18 10:19:21,121.05,11384486
2021-06-18 10:19:25,121.0,11386661
2021-06-18 10:19:30,121.0,11388304
2021-06-18 10:19:34,121.0,11389752
2021-06-18 10:19:44,121.05,11394449
2021-06-18 10:19:48,121.0,11395618
2021-06-18 10:19:53,121.05,11399662
2021-06-18 10:19:57,121.05,11401116
2021-06-18 10:20:02,121.05,11403629
2021-06-18 10:20:06,121.05,11421476
2021-06-18 10:20:10,120.95,11421835
2021-06-18 10:20:14,121.05,11422040
2021-06-18 10:20:19,121.05,11423436
2021-06-18 10:20:23,121.0,11427027
2021-06-18 10:20:28,121.05,11427170
2021-06-18 10:20:33,121.05,11427602
2021-06-18 10:20:37,121.0,11427810
2021-06-18 10:20:42,121.0,11428620
2021-06-18 10:20:46,120.95,11444221
2021-06-18 10:20:51,120.95,11446137
2021-06-18 10:20:55,121.05,11446274
2021-06-18 10:21:04,121.05,11449591
2021-06-18 10:21:08,121.05,11451252
2021-06-18 10:21:13,120.95,11489772
2021-06-18 10:21:17,120.95,11497060
2021-06-18 10:21:21,120.95,11497200
2021-06-18 10:21:25,120.95,11498687
2021-06-18 10:21:29,120.95,11500637
2021-06-18 10:21:33,120.95,11501190
2021-06-18 10:21:38,120.95,11501954
2021-06-18 10:21:43,120.95,11504195
2021-06-18 10:21:47,120.95,11504740
2021-06-18 10:21:52,120.9,11509562
2021-06-18 10:21:57,120.95,11511687
2021-06-18 10:22:01,120.95,11512485
2021-06-18 10:22:05,121.0,11513922
2021-06-18 10:22:09,120.95,11514099
2021-06-18 10:22:14,120.95,11520718
2021-06-18 10:22:18,120.95,11522684
2021-06-18 10:22:23,120.9,11524968
2021-06-18 10:22:27,120.95,11531314
2021-06-18 10:22:32,120.95,11532839
2021-06-18 10:22:36,120.95,11533352
2021-06-18 10:22:41,120.95,11534219
2021-06-18 10:22:45,120.95,11534367
2021-06-18 10:22:49,120.95,11535497
2021-06-18 10:22:53,120.85,11543152
2021-06-18 10:22:58,120.9,11544189
2021-06-18 10:23:02,120.85,11558259
2021-06-18 10:23:06,120.85,11558377
2021-06-18 10:23:10,120.8,11560953
2021-06-18 10:23:14,120.9,11562087
2021-06-18 10:23:18,120.9,11563286
2021-06-18 10:23:21,120.8,11563552
2021-06-18 10:23:25,120.9,11567843
2021-06-18 10:23:29,120.8,11568636
2021-06-18 10:23:32,120.9,11568761
2021-06-18 10:23:36,120.8,11570322
2021-06-18 10:23:39,120.8,11570451
2021-06-18 10:23:44,120.8,11571412
2021-06-18 10:23:48,120.8,11571782
2021-06-18 10:23:52,120.9,11572112
2021-06-18 10:23:56,120.8,11572537
2021-06-18 10:23:59,120.8,11581895
2021-06-18 10:24:03,120.9,11586545
2021-06-18 10:24:07,120.9,11588712
2021-06-18 10:24:11,120.9,11589321
2021-06-18 10:24:15,120.9,11591356
2021-06-18 10:24:20,120.9,11591752
2021-06-18 10:24:24,120.9,11591980
2021-06-18 10:24:28,120.8,11594155
2021-06-18 10:24:32,120.85,11604559
2021-06-18 10:24:36,120.8,11628982
2021-06-18 10:24:40,120.75,11629850
2021-06-18 10:24:44,120.8,11630564
2021-06-18 10:24:47,120.75,11644808
2021-06-18 10:24:51,120.85,11645910
2021-06-18 10:24:55,120.85,11648554
2021-06-18 10:24:59,120.8,11653720
2021-06-18 10:25:04,120.9,11655298
2021-06-18 10:25:08,120.8,11659567
2021-06-18 10:25:12,120.8,11659670
2021-06-18 10:25:16,120.8,11666523
2021-06-18 10:25:20,120.85,11666596
2021-06-18 10:25:25,120.85,11669079
2021-06-18 10:25:29,120.8,11674526
2021-06-18 10:25:33,120.8,11674820
2021-06-18 10:25:37,120.8,11675497
2021-06-18 10:25:42,120.9,11676992
2021-06-18 10:25:46,120.85,11677681
2021-06-18 10:25:50,120.7,11697682
2021-06-18 10:25:55,120.75,11711737
2021-06-18 10:26:00,120.75,11722639
2021-06-18 10:26:05,120.7,11726825
2021-06-18 10:26:09,120.8,11728314
2021-06-18 10:26:14,120.7,11729759
2021-06-18 10:26:18,120.8,11743259
2021-06-18 10:26:23,120.85,11757233
2021-06-18 10:26:27,120.9,11759354
2021-06-18 10:26:32,120.85,11759502
2021-06-18 10:26:36,120.85,11766488
2021-06-18 10:26:41,120.85,11767150
2021-06-18 10:26:45,120.9,11769512
2021-06-18 10:26:50,120.85,11769648
2021-06-18 10:26:54,120.85,11770611
2021-06-18 10:26:59,120.85,11771929
2021-06-18 10:27:07,120.8,11773993
2021-06-18 10:27:11,120.85,11776132
2021-06-18 10:27:15,120.8,11776158
2021-06-18 10:27:19,120.8,11780166
2021-06-18 10:27:24,120.75,11786668
2021-06-18 10:27:28,120.8,11789882
2021-06-18 10:27:33,120.7,11790034
2021-06-18 10:27:38,120.7,11791252
2021-06-18 10:27:42,120.7,11798702
2021-06-18 10:27:51,120.75,11823655
2021-06-18 10:27:55,120.65,11864913
2021-06-18 10:28:00,120.65,11867881
2021-06-18 10:28:04,120.65,11871789
2021-06-18 10:28:09,120.65,11876248
2021-06-18 10:28:13,120.65,11877567
2021-06-18 10:28:18,120.65,11878595
2021-06-18 10:28:22,120.7,11883945
2021-06-18 10:28:27,120.65,11885224
2021-06-18 10:28:31,120.65,11891593
2021-06-18 10:28:36,120.6,11895686
2021-06-18 10:28:41,120.6,11896602
2021-06-18 10:28:46,120.65,11898706
2021-06-18 10:28:50,120.6,11900252
2021-06-18 10:28:54,120.65,11901470
2021-06-18 10:28:58,120.7,11907057
2021-06-18 10:29:02,120.75,11914097
2021-06-18 10:29:07,120.7,11915943
2021-06-18 10:29:12,120.75,11920814
2021-06-18 10:29:16,120.75,11921879
2021-06-18 10:29:21,120.7,11926918
2021-06-18 10:29:26,120.75,11928932
2021-06-18 10:29:30,120.7,11938842
2021-06-18 10:29:35,120.7,11939054
2021-06-18 10:29:40,120.65,11942707
2021-06-18 10:29:44,120.65,11960282
2021-06-18 10:29:49,120.6,11963439
2021-06-18 10:29:53,120.6,11963733
2021-06-18 10:29:58,120.55,11964515
2021-06-18 10:30:02,120.55,11966613
2021-06-18 10:30:07,120.55,11967167
2021-06-18 10:30:12,120.65,11970633
2021-06-18 10:30:21,120.65,11977692
2021-06-18 10:30:26,120.8,11991148
2021-06-18 10:30:31,120.7,11991576
2021-06-18 10:30:36,120.75,11995119
2021-06-18 10:30:41,120.75,12001826
2021-06-18 10:30:46,120.75,12006061
2021-06-18 10:30:55,120.8,12008738
2021-06-18 10:31:00,120.75,12010040
2021-06-18 10:31:05,120.85,12031482
2021-06-18 10:31:09,120.9,12032175
2021-06-18 10:31:13,120.9,12033558
2021-06-18 10:31:18,120.85,12040785
2021-06-18 10:31:22,120.95,12097331
2021-06-18 10:31:27,120.95,12113573
2021-06-18 10:31:31,120.95,12115286
2021-06-18 10:31:36,120.95,12121788
2021-06-18 10:31:40,120.9,12125611
2021-06-18 10:31:45,120.9,12127874
2021-06-18 10:31:50,120.9,12130009
2021-06-18 10:31:55,120.85,12145168
2021-06-18 10:32:04,120.9,12156167
2021-06-18 10:32:09,120.9,12164989
2021-06-18 10:32:13,120.85,12165107
2021-06-18 10:32:18,120.9,12167258
2021-06-18 10:32:27,120.85,12168806
2021-06-18 10:32:32,120.9,12171439
2021-06-18 10:32:37,120.9,12174015
2021-06-18 10:32:42,120.85,12174990
2021-06-18 10:32:47,120.95,12186945
2021-06-18 10:32:52,120.95,12187781
2021-06-18 10:32:57,120.95,12188207
2021-06-18 10:33:01,120.85,12191121
2021-06-18 10:33:11,120.95,12198802
2021-06-18 10:33:15,120.9,12199472
2021-06-18 10:33:25,120.9,12207472
2021-06-18 10:33:30,120.85,12231078
2021-06-18 10:33:35,120.85,12233833
2021-06-18 10:33:40,120.85,12235007
2021-06-18 10:33:48,120.85,12236349
2021-06-18 10:33:53,120.8,12237684
2021-06-18 10:33:58,120.8,12242505
2021-06-18 10:34:03,120.8,12242713
2021-06-18 10:34:08,120.85,12245550
2021-06-18 10:34:13,120.8,12249561
2021-06-18 10:34:18,120.8,12255092
2021-06-18 10:34:22,120.8,12256241
2021-06-18 10:34:27,120.7,12259684
2021-06-18 10:34:31,120.75,12260052
2021-06-18 10:34:36,120.6,12309318
2021-06-18 10:34:40,120.7,12313735
2021-06-18 10:34:45,120.65,12314055
2021-06-18 10:34:50,120.6,12315089
2021-06-18 10:34:55,120.7,12317094
2021-06-18 10:35:00,120.75,12319840
2021-06-18 10:35:04,120.75,12321546
2021-06-18 10:35:08,120.7,12322247
2021-06-18 10:35:13,120.65,12323716
2021-06-18 10:35:18,120.75,12328998
2021-06-18 10:35:22,120.75,12334173
2021-06-18 10:35:27,120.7,12334853
2021-06-18 10:35:32,120.75,12336837
2021-06-18 10:35:36,120.7,12340155
2021-06-18 10:35:41,120.75,12341234
2021-06-18 10:35:45,120.7,12342989
2021-06-18 10:35:50,120.75,12344758
2021-06-18 10:35:55,120.7,12352568
2021-06-18 10:35:59,120.7,12356262
2021-06-18 10:36:04,120.75,12357376
2021-06-18 10:36:08,120.7,12359586
2021-06-18 10:36:13,120.7,12362713
2021-06-18 10:36:18,120.7,12364109
2021-06-18 10:36:22,120.7,12368319
2021-06-18 10:36:27,120.8,12379128
2021-06-18 10:36:32,120.75,12382903
2021-06-18 10:36:36,120.75,12383478
2021-06-18 10:36:41,120.8,12398015
2021-06-18 10:36:46,120.8,12398668
2021-06-18 10:36:51,120.8,12400258
2021-06-18 10:36:55,120.8,12401523
2021-06-18 10:37:00,120.8,12402968
2021-06-18 10:37:04,120.8,12403710
2021-06-18 10:37:09,120.75,12408246
2021-06-18 10:37:13,120.7,12410687
2021-06-18 10:37:18,120.7,12411168
2021-06-18 10:37:22,120.65,12413206
2021-06-18 10:37:27,120.65,12423922
2021-06-18 10:37:32,120.6,12425176
2021-06-18 10:37:37,120.55,12431269
2021-06-18 10:37:42,120.55,12438338
2021-06-18 10:37:47,120.55,12495664
2021-06-18 10:37:51,120.55,12503338
2021-06-18 10:37:56,120.6,12503512
2021-06-18 10:38:00,120.55,12507869
2021-06-18 10:38:05,120.6,12521128
2021-06-18 10:38:09,120.5,12521694
2021-06-18 10:38:14,120.6,12524338
2021-06-18 10:38:18,120.55,12528064
2021-06-18 10:38:23,120.55,12536339
2021-06-18 10:38:28,120.55,12537662
2021-06-18 10:38:33,120.65,12537725
2021-06-18 10:38:38,120.55,12540098
2021-06-18 10:38:43,120.55,12541264
2021-06-18 10:38:47,120.55,12543410
2021-06-18 10:38:52,120.6,12546652
2021-06-18 10:38:57,120.75,12547008
2021-06-18 10:39:02,120.7,12549827
2021-06-18 10:39:07,120.7,12551675
2021-06-18 10:39:11,120.65,12553188
2021-06-18 10:39:16,120.65,12560772
2021-06-18 10:39:21,120.7,12561716
2021-06-18 10:39:26,120.65,12562311
2021-06-18 10:39:30,120.7,12566383
2021-06-18 10:39:35,120.65,12567994
2021-06-18 10:39:39,120.65,12568572
2021-06-18 10:39:44,120.6,12574309
2021-06-18 10:39:49,120.65,12574712
2021-06-18 10:39:53,120.7,12575265
2021-06-18 10:39:58,120.65,12575893
2021-06-18 10:40:02,120.7,12577000
2021-06-18 10:40:07,120.65,12579599
2021-06-18 10:40:12,120.7,12580582
2021-06-18 10:40:16,120.65,12580902
2021-06-18 10:40:20,120.75,12586678
2021-06-18 10:40:25,120.7,12586974
2021-06-18 10:40:29,120.7,12596917
2021-06-18 10:40:34,120.7,12598526
2021-06-18 10:40:38,120.65,12605163
2021-06-18 10:40:43,120.6,12609627
2021-06-18 10:40:47,120.65,12609887
2021-06-18 10:40:52,120.65,12610132
2021-06-18 10:40:56,120.65,12613123
2021-06-18 10:41:01,120.65,12615416
2021-06-18 10:41:06,120.6,12622668
2021-06-18 10:41:11,120.55,12624349
2021-06-18 10:41:16,120.6,12629209
2021-06-18 10:41:20,120.6,12630279
2021-06-18 10:41:25,120.65,12645172
2021-06-18 10:41:29,120.75,12647268
2021-06-18 10:41:34,120.75,12647384
2021-06-18 10:41:39,120.65,12647728
2021-06-18 10:41:43,120.7,12648423
2021-06-18 10:41:48,120.7,12656703
2021-06-18 10:41:52,120.7,12658219
2021-06-18 10:42:01,120.85,12665501
2021-06-18 10:42:06,120.85,12667595
2021-06-18 10:42:10,120.85,12668043
2021-06-18 10:42:14,120.85,12668947
2021-06-18 10:42:19,120.8,12673105
2021-06-18 10:42:24,120.8,12674398
2021-06-18 10:42:29,120.7,12675877
2021-06-18 10:42:34,120.75,12676332
2021-06-18 10:42:39,120.75,12677487
2021-06-18 10:42:44,120.75,12678385
2021-06-18 10:42:48,120.75,12678666
2021-06-18 10:42:53,120.7,12678894
2021-06-18 10:42:58,120.75,12683622
2021-06-18 10:43:02,120.65,12684103
2021-06-18 10:43:07,120.7,12686393
2021-06-18 10:43:12,120.75,12687133
2021-06-18 10:43:16,120.65,12689821
2021-06-18 10:43:21,120.7,12690462
2021-06-18 10:43:26,120.65,12690519
2021-06-18 10:43:31,120.7,12690580
2021-06-18 10:43:36,120.7,12691632
2021-06-18 10:43:40,120.7,12693223
2021-06-18 10:43:45,120.7,12694873
2021-06-18 10:43:49,120.7,12695079
2021-06-18 10:43:54,120.7,12700082
2021-06-18 10:43:59,120.6,12700385
2021-06-18 10:44:03,120.65,12701644
2021-06-18 10:44:08,120.6,12703029
2021-06-18 10:44:12,120.6,12733545
2021-06-18 10:44:17,120.65,12738318
2021-06-18 10:44:22,120.65,12739905
2021-06-18 10:44:27,120.6,12741219
2021-06-18 10:44:32,120.65,12744604
2021-06-18 10:44:36,120.65,12745697
2021-06-18 10:44:41,120.65,12749029
2021-06-18 10:44:45,120.6,12749662
2021-06-18 10:44:49,120.6,12751195
2021-06-18 10:44:54,120.6,12751522
2021-06-18 10:44:58,120.65,12751962
2021-06-18 10:45:02,120.65,12755379
2021-06-18 10:45:07,120.6,12766352
2021-06-18 10:45:12,120.6,12769099
2021-06-18 10:45:16,120.7,12769860
2021-06-18 10:45:20,120.6,12771598
2021-06-18 10:45:25,120.65,12771599
2021-06-18 10:45:30,120.6,12773033
2021-06-18 10:45:34,120.7,12773399
2021-06-18 10:45:39,120.7,12774326
2021-06-18 10:45:43,120.6,12775541
2021-06-18 10:45:48,120.6,12778251
2021-06-18 10:45:52,120.6,12780663
2021-06-18 10:45:57,120.7,12780752
2021-06-18 10:46:01,120.65,12792836
2021-06-18 10:46:06,120.6,12793090
2021-06-18 10:46:10,120.65,12795365
2021-06-18 10:46:15,120.6,12798096
2021-06-18 10:46:20,120.65,12798304
2021-06-18 10:46:25,120.55,12800206
2021-06-18 10:46:29,120.55,12801197
2021-06-18 10:46:34,120.6,12804081
2021-06-18 10:46:38,120.7,12812919
2021-06-18 10:46:43,120.65,12813056
2021-06-18 10:46:47,120.6,12814845
2021-06-18 10:46:52,120.7,12818431
2021-06-18 10:46:56,120.6,12818973
2021-06-18 10:47:01,120.7,12827973
2021-06-18 10:47:05,120.65,12828025
2021-06-18 10:47:10,120.7,12847751
2021-06-18 10:47:15,120.7,12848293
2021-06-18 10:47:19,120.7,12849020
2021-06-18 10:47:24,120.7,12849970
2021-06-18 10:47:28,120.5,12881513
2021-06-18 10:47:33,120.6,12912590
2021-06-18 10:47:37,120.5,12914597
2021-06-18 10:47:41,120.55,12914843
2021-06-18 10:47:46,120.6,12925984
2021-06-18 10:47:50,120.5,12928744
2021-06-18 10:47:55,120.55,12930057
2021-06-18 10:47:59,120.6,12935052
2021-06-18 10:48:03,120.45,12950725
2021-06-18 10:48:08,120.5,12951384
2021-06-18 10:48:12,120.5,12961159
2021-06-18 10:48:17,120.4,12971346
2021-06-18 10:48:22,120.45,12974086
2021-06-18 10:48:27,120.45,12986443
2021-06-18 10:48:32,120.4,12990640
2021-06-18 10:48:37,120.5,12992011
2021-06-18 10:48:42,120.45,13002586
2021-06-18 10:48:46,120.5,13004994
2021-06-18 10:48:51,120.45,13013149
2021-06-18 10:48:56,120.45,13013473
2021-06-18 10:49:00,120.4,13013568
2021-06-18 10:49:05,120.6,13020046
2021-06-18 10:49:10,120.55,13021923
2021-06-18 10:49:15,120.45,13031795
2021-06-18 10:49:19,120.5,13035451
2021-06-18 10:49:24,120.5,13039787
2021-06-18 10:49:29,120.45,13041762
2021-06-18 10:49:34,120.5,13043773
2021-06-18 10:49:38,120.4,13044171
2021-06-18 10:49:43,120.4,13049731
2021-06-18 10:49:48,120.45,13050654
2021-06-18 10:49:53,120.4,13053479
2021-06-18 10:49:58,120.45,13054590
2021-06-18 10:50:03,120.4,13059280
2021-06-18 10:50:13,120.45,13068743
2021-06-18 10:50:18,120.45,13071521
2021-06-18 10:50:23,120.4,13073467
2021-06-18 10:50:27,120.45,13073878
2021-06-18 10:50:32,120.35,13077585
2021-06-18 10:50:37,120.3,13095412
2021-06-18 10:50:41,120.4,13099008
2021-06-18 10:50:46,120.35,13100264
2021-06-18 10:50:51,120.3,13108805
2021-06-18 10:50:56,120.4,13113740
2021-06-18 10:51:04,120.4,13131503
2021-06-18 10:51:09,120.3,13132306
2021-06-18 10:51:14,120.3,13135201
2021-06-18 10:51:19,120.3,13135267
2021-06-18 10:51:24,120.25,13139714
2021-06-18 10:51:28,120.25,13140643
2021-06-18 10:51:33,120.3,13150364
2021-06-18 10:51:38,120.25,13155929
2021-06-18 10:51:43,120.3,13158962
2021-06-18 10:51:48,120.25,13167261
2021-06-18 10:51:52,120.2,13176420
2021-06-18 10:51:57,120.3,13177792
2021-06-18 10:52:02,120.2,13179305
2021-06-18 10:52:06,120.25,13181704
2021-06-18 10:52:11,120.2,13183049
2021-06-18 10:52:16,120.2,13205798
2021-06-18 10:52:21,120.15,13257458
2021-06-18 10:52:26,120.25,13267371
2021-06-18 10:52:31,120.3,13272770
2021-06-18 10:52:35,120.25,13273217
2021-06-18 10:52:40,120.3,13298743
2021-06-18 10:52:44,120.25,13301194
2021-06-18 10:52:49,120.25,13308596
2021-06-18 10:52:54,120.15,13313813
2021-06-18 10:52:59,120.25,13318923
2021-06-18 10:53:04,120.2,13323723
2021-06-18 10:53:08,120.15,13326765
2021-06-18 10:53:13,120.2,13330681
2021-06-18 10:53:18,120.15,13331422
2021-06-18 10:53:23,120.15,13334197
2021-06-18 10:53:27,120.15,13338309
2021-06-18 10:53:32,120.15,13350033
2021-06-18 10:53:37,120.15,13355500
2021-06-18 10:53:42,120.0,13408223
2021-06-18 10:53:51,120.0,13478003
2021-06-18 10:53:56,120.0,13572247
2021-06-18 10:54:01,119.95,13578158
2021-06-18 10:54:06,119.8,13594630
2021-06-18 10:54:11,119.8,13598806
2021-06-18 10:54:16,119.8,13622970
2021-06-18 10:54:20,119.8,13645088
2021-06-18 10:54:25,119.85,13647876
2021-06-18 10:54:30,119.85,13652789
2021-06-18 10:54:34,119.75,13654016
2021-06-18 10:54:39,119.85,13673110
2021-06-18 10:54:44,119.8,13676681
2021-06-18 10:54:49,119.85,13683790
2021-06-18 10:54:54,119.9,13689255
2021-06-18 10:54:58,119.85,13697777
2021-06-18 10:55:03,119.85,13700039
2021-06-18 10:55:08,119.85,13711417
2021-06-18 10:55:13,119.85,13717984
2021-06-18 10:55:17,119.85,13720242
2021-06-18 10:55:22,119.95,13727074
2021-06-18 10:55:27,120.15,13747346
2021-06-18 10:55:32,119.95,13752449
2021-06-18 10:55:37,120.0,13756949
2021-06-18 10:55:42,119.95,13757860
2021-06-18 10:55:47,120.0,13759101
2021-06-18 10:55:51,120.0,13763643
2021-06-18 10:55:57,119.9,13766072
2021-06-18 10:56:02,119.8,13783122
2021-06-18 10:56:07,119.85,13787586
2021-06-18 10:56:11,119.85,13788261
2021-06-18 10:56:16,119.8,13790919
2021-06-18 10:56:21,119.95,13795306
2021-06-18 10:56:26,120.0,13798562
2021-06-18 10:56:31,119.95,13799645
2021-06-18 10:56:40,120.0,13802728
2021-06-18 10:56:45,119.9,13804710
2021-06-18 10:56:50,120.0,13805364
2021-06-18 10:56:55,119.9,13840136
2021-06-18 10:57:00,119.85,13845096
2021-06-18 10:57:05,119.8,13864471
2021-06-18 10:57:10,119.8,13865104
2021-06-18 10:57:14,119.8,13869893
2021-06-18 10:57:19,119.8,13882127
2021-06-18 10:57:23,119.85,13889009
2021-06-18 10:57:28,119.8,13892265
2021-06-18 10:57:33,119.8,13892970
2021-06-18 10:57:37,119.8,13897152
2021-06-18 10:57:42,119.8,13898740
2021-06-18 10:57:47,119.8,13902577
2021-06-18 10:57:49,119.75,13904320
2021-06-18 10:57:50,119.8,13905435
2021-06-18 10:57:51,119.8,13905755
2021-06-18 10:57:53,119.75,13923096
2021-06-18 10:57:54,119.8,13923224
2021-06-18 10:57:55,119.8,13923562
2021-06-18 10:57:56,119.8,13924725
2021-06-18 10:57:57,119.75,13935033
2021-06-18 10:57:59,119.75,13935061
2021-06-18 10:58:02,119.8,13963091
2021-06-18 10:58:05,119.9,13964226
2021-06-18 10:58:06,119.85,13964248
2021-06-18 10:58:07,119.9,13965389
2021-06-18 10:58:08,119.9,13965509
2021-06-18 10:58:09,119.85,13967113
2021-06-18 10:58:10,119.95,13967473
2021-06-18 10:58:11,119.95,13967624
2021-06-18 10:58:12,119.85,13967751
2021-06-18 10:58:13,119.85,13967971
2021-06-18 10:58:15,119.85,13968288
2021-06-18 10:58:15,119.85,13968538
2021-06-18 10:58:17,119.85,13968658
2021-06-18 10:58:18,119.95,13968949
2021-06-18 10:58:19,119.9,13970214
2021-06-18 10:58:19,119.9,13970214
2021-06-18 10:58:20,119.95,13970290
2021-06-18 10:58:21,119.95,13982821
2021-06-18 10:58:23,119.95,13983321
2021-06-18 10:58:24,120.0,13983755
2021-06-18 10:58:24,119.95,13984255
2021-06-18 10:58:26,119.95,13987628
2021-06-18 10:58:27,120.0,13987630
2021-06-18 10:58:28,119.95,13990781
2021-06-18 10:58:29,119.95,13990822
2021-06-18 10:58:29,120.0,13991072
2021-06-18 10:58:30,119.95,13992477
2021-06-18 10:58:31,120.0,13993308
2021-06-18 10:58:32,119.95,14022435
2021-06-18 10:58:33,119.95,14022635
2021-06-18 10:58:35,120.0,14031836
2021-06-18 10:58:35,119.95,14036379
2021-06-18 10:58:36,119.8,14052111
2021-06-18 10:58:37,119.9,14054205
2021-06-18 10:58:38,119.9,14054256
2021-06-18 10:58:39,119.9,14054406
2021-06-18 10:58:40,119.9,14054412
2021-06-18 10:58:41,119.85,14056089
2021-06-18 10:58:42,119.8,14063089
2021-06-18 10:58:43,119.8,14063304
2021-06-18 10:58:44,119.8,14063993
2021-06-18 10:58:45,119.85,14065251
2021-06-18 10:58:46,119.8,14065754
2021-06-18 10:58:51,119.65,14078068
2021-06-18 10:58:51,119.65,14078318
2021-06-18 10:58:53,119.7,14084410
2021-06-18 10:58:54,119.8,14086825
2021-06-18 10:58:56,119.75,14121113
2021-06-18 10:58:57,119.7,14121658
2021-06-18 10:58:58,119.8,14122189
2021-06-18 10:59:00,119.8,14122691
2021-06-18 10:59:01,119.7,14122960
2021-06-18 10:59:03,119.7,14123370
2021-06-18 10:59:04,119.7,14126152
2021-06-18 10:59:05,119.75,14127208
2021-06-18 10:59:05,119.7,14128773
2021-06-18 10:59:07,119.7,14132598
2021-06-18 10:59:08,119.7,14132598
2021-06-18 10:59:09,119.8,14135136
2021-06-18 10:59:10,119.7,14135356
2021-06-18 10:59:11,119.7,14135360
2021-06-18 10:59:12,119.75,14135695
2021-06-18 10:59:13,119.75,14135904
2021-06-18 10:59:14,119.75,14137107
2021-06-18 10:59:15,119.7,14137757
2021-06-18 10:59:17,119.75,14140890
2021-06-18 10:59:18,119.7,14141865
2021-06-18 10:59:19,119.75,14142190
2021-06-18 10:59:21,119.6,14144955
2021-06-18 10:59:22,119.7,14145860
2021-06-18 10:59:23,119.7,14146570
2021-06-18 10:59:24,119.6,14147072
2021-06-18 10:59:25,119.6,14147335
2021-06-18 10:59:26,119.65,14172429
2021-06-18 10:59:27,119.65,14172436
2021-06-18 10:59:28,119.65,14172517
2021-06-18 10:59:29,119.65,14172575
2021-06-18 10:59:30,119.65,14172576
2021-06-18 10:59:31,119.6,14174175
2021-06-18 10:59:32,119.6,14174183
2021-06-18 10:59:33,119.65,14174608
2021-06-18 10:59:34,119.7,14175078
2021-06-18 10:59:35,119.6,14175684
2021-06-18 10:59:36,119.7,14176495
2021-06-18 10:59:37,119.7,14178796
2021-06-18 10:59:39,119.6,14179297
2021-06-18 10:59:40,119.6,14180636
2021-06-18 10:59:41,119.6,14180636
2021-06-18 10:59:42,119.6,14180653
2021-06-18 10:59:43,119.65,14181289
2021-06-18 10:59:44,119.55,14181894
2021-06-18 10:59:45,119.65,14183899
2021-06-18 10:59:46,119.65,14184662
2021-06-18 10:59:47,119.55,14185155
2021-06-18 10:59:49,119.6,14186426
2021-06-18 10:59:51,119.65,14207486
2021-06-18 10:59:52,119.6,14208736
2021-06-18 10:59:54,119.65,14214068
2021-06-18 10:59:55,119.7,14214069
2021-06-18 10:59:55,119.7,14214069
2021-06-18 10:59:56,119.7,14214089
2021-06-18 10:59:57,119.65,14214674
2021-06-18 10:59:58,119.6,14215615
2021-06-18 10:59:59,119.6,14215669
2021-06-18 11:00:00,119.6,14217788
2021-06-18 11:00:01,119.6,14217902
2021-06-18 11:00:02,119.7,14221599
2021-06-18 11:00:03,119.65,14221658
2021-06-18 11:00:04,119.7,14222408
2021-06-18 11:00:05,119.7,14222909
2021-06-18 11:00:06,119.65,14223059
2021-06-18 11:00:07,119.65,14225521
2021-06-18 11:00:08,119.75,14234580
2021-06-18 11:00:09,119.95,14244045
2021-06-18 11:00:11,119.8,14244978
2021-06-18 11:00:11,119.8,14244978
2021-06-18 11:00:12,119.8,14244990
2021-06-18 11:00:13,119.8,14245593
2021-06-18 11:00:14,119.75,14253210
2021-06-18 11:00:15,119.75,14253639
2021-06-18 11:00:16,119.75,14253639
2021-06-18 11:00:17,119.75,14253862
2021-06-18 11:00:18,119.75,14254785
2021-06-18 11:00:19,119.75,14256690
2021-06-18 11:00:20,119.75,14258830
2021-06-18 11:00:21,119.7,14258837
2021-06-18 11:00:24,119.8,14258848
2021-06-18 11:00:25,119.8,14259048
2021-06-18 11:00:26,119.8,14259290
2021-06-18 11:00:26,119.8,14259310
2021-06-18 11:00:28,119.8,14266519
2021-06-18 11:00:29,119.9,14266619
2021-06-18 11:00:30,119.9,14266619
2021-06-18 11:00:31,119.95,14268800
2021-06-18 11:00:32,119.85,14268886
2021-06-18 11:00:33,119.95,14272926
2021-06-18 11:00:34,119.95,14273476
2021-06-18 11:00:35,119.9,14273496
2021-06-18 11:00:36,119.95,14273696
2021-06-18 11:00:37,119.9,14273784
2021-06-18 11:00:38,119.9,14274077
2021-06-18 11:00:39,119.9,14274453
2021-06-18 11:00:41,120.0,14281370
2021-06-18 11:00:42,119.95,14288305
2021-06-18 11:00:43,119.95,14288445
2021-06-18 11:00:44,120.0,14306304
2021-06-18 11:00:45,119.95,14306535
2021-06-18 11:00:46,120.0,14309658
2021-06-18 11:00:47,120.1,14310590
2021-06-18 11:00:48,120.1,14310808
2021-06-18 11:00:49,120.15,14320461
2021-06-18 11:00:50,120.15,14320564
2021-06-18 11:00:50,120.15,14320769
2021-06-18 11:00:51,120.1,14328546
2021-06-18 11:00:52,120.05,14328666
2021-06-18 11:00:53,120.15,14330666
2021-06-18 11:00:55,120.05,14331368
2021-06-18 11:00:56,120.25,14335581
2021-06-18 11:00:56,120.25,14335608
2021-06-18 11:00:57,120.1,14339090
2021-06-18 11:00:58,120.1,14340212
2021-06-18 11:01:00,120.1,14340735
2021-06-18 11:01:01,120.2,14344898
2021-06-18 11:01:02,120.15,14345340
2021-06-18 11:01:03,120.15,14345340
2021-06-18 11:01:04,120.25,14345999
2021-06-18 11:01:05,120.2,14346015
2021-06-18 11:01:06,120.25,14348556
2021-06-18 11:01:07,120.25,14348689
2021-06-18 11:01:09,120.25,14351984
2021-06-18 11:01:11,120.25,14353778
2021-06-18 11:01:12,120.25,14353795
2021-06-18 11:01:13,120.2,14353866
2021-06-18 11:01:13,120.2,14353866
2021-06-18 11:01:15,120.2,14356629
2021-06-18 11:01:15,120.2,14356629
2021-06-18 11:01:17,120.2,14357200
2021-06-18 11:01:19,120.2,14357655
2021-06-18 11:01:20,120.2,14358248
2021-06-18 11:01:20,120.25,14359810
2021-06-18 11:01:21,120.25,14359870
2021-06-18 11:01:22,120.25,14360292
2021-06-18 11:01:24,120.2,14363210
2021-06-18 11:01:25,120.2,14363262
2021-06-18 11:01:26,120.2,14364037
2021-06-18 11:01:27,120.25,14364201
2021-06-18 11:01:28,120.25,14367113
2021-06-18 11:01:29,120.25,14373795
2021-06-18 11:01:30,120.2,14383171
2021-06-18 11:01:31,120.2,14383234
2021-06-18 11:01:32,120.25,14383754
2021-06-18 11:01:33,120.25,14383820
2021-06-18 11:01:34,120.25,14383820
2021-06-18 11:01:35,120.25,14384020
2021-06-18 11:01:37,120.3,14390133
2021-06-18 11:01:38,120.25,14391155
2021-06-18 11:01:39,120.35,14399959
2021-06-18 11:01:40,120.3,14399998
2021-06-18 11:01:41,120.25,14400108
2021-06-18 11:01:42,120.35,14402255
2021-06-18 11:01:43,120.25,14402356
2021-06-18 11:01:44,120.3,14402401
2021-06-18 11:01:45,120.3,14403344
2021-06-18 11:01:46,120.4,14404503
2021-06-18 11:01:47,120.3,14406658
2021-06-18 11:01:48,120.3,14407067
2021-06-18 11:01:49,120.4,14407167
2021-06-18 11:01:50,120.3,14407738
2021-06-18 11:01:51,120.35,14408116
2021-06-18 11:01:52,120.3,14410054
2021-06-18 11:01:53,120.3,14415130
2021-06-18 11:01:54,120.3,14415142
2021-06-18 11:01:55,120.3,14417142
2021-06-18 11:01:56,120.3,14417863
2021-06-18 11:01:57,120.25,14417968
2021-06-18 11:01:58,120.25,14425880
2021-06-18 11:01:58,120.15,14424728
2021-06-18 11:02:00,120.25,14428925
2021-06-18 11:02:01,120.25,14432665
2021-06-18 11:02:02,120.3,14432773
2021-06-18 11:02:03,120.3,14432986
2021-06-18 11:02:04,120.3,14433492
2021-06-18 11:02:05,120.3,14433698
2021-06-18 11:02:06,120.3,14435243
2021-06-18 11:02:07,120.3,14435339
2021-06-18 11:02:07,120.3,14435339
2021-06-18 11:02:10,120.2,14438715
2021-06-18 11:02:11,120.2,14438817
2021-06-18 11:02:11,120.2,14438817
2021-06-18 11:02:13,120.2,14438943
2021-06-18 11:02:14,120.2,14444167
2021-06-18 11:02:14,120.2,14444167
2021-06-18 11:02:16,120.3,14444470
2021-06-18 11:02:16,120.3,14444470
2021-06-18 11:02:18,120.3,14444629
2021-06-18 11:02:19,120.3,14444634
2021-06-18 11:02:20,120.3,14445651
2021-06-18 11:02:21,120.35,14447704
2021-06-18 11:02:21,120.35,14447704
2021-06-18 11:02:22,120.35,14447706
2021-06-18 11:02:23,120.25,14447792
2021-06-18 11:02:24,120.3,14447944
2021-06-18 11:02:25,120.3,14447950
2021-06-18 11:02:26,120.35,14448455
2021-06-18 11:02:28,120.3,14448810
2021-06-18 11:02:29,120.3,14449260
2021-06-18 11:02:29,120.2,14449570
2021-06-18 11:02:30,120.2,14449570
2021-06-18 11:02:31,120.3,14449672
2021-06-18 11:02:32,120.35,14449922
2021-06-18 11:02:33,120.2,14449938
2021-06-18 11:02:34,120.25,14450419
2021-06-18 11:02:35,120.2,14450424
2021-06-18 11:02:37,120.25,14450931
2021-06-18 11:02:38,120.3,14450946
2021-06-18 11:02:40,120.3,14451751
2021-06-18 11:02:41,120.3,14456516
2021-06-18 11:02:41,120.3,14456516
2021-06-18 11:02:42,120.3,14456521
2021-06-18 11:02:43,120.3,14456704
2021-06-18 11:02:45,120.3,14457480
2021-06-18 11:02:46,120.3,14457884
2021-06-18 11:02:47,120.3,14458036
2021-06-18 11:02:48,120.3,14458144
2021-06-18 11:02:49,120.3,14458196
2021-06-18 11:02:55,120.3,14461923
2021-06-18 11:03:00,120.3,14466110
2021-06-18 11:03:05,120.25,14469276
2021-06-18 11:03:10,120.3,14471193
2021-06-18 11:03:16,120.2,14476798
2021-06-18 11:03:21,120.25,14477720
2021-06-18 11:03:27,120.15,14478539
2021-06-18 11:03:32,120.1,14481769
2021-06-18 11:03:37,120.15,14484423
2021-06-18 11:03:43,120.2,14489245
2021-06-18 11:03:48,120.1,14500829
2021-06-18 11:03:53,120.1,14505618
2021-06-18 11:03:58,120.1,14506057
2021-06-18 11:04:03,120.0,14507049
2021-06-18 11:04:09,120.0,14537116
2021-06-18 11:04:14,119.9,14541738
2021-06-18 11:04:19,119.9,14543966
2021-06-18 11:04:24,119.85,14546600
2021-06-18 11:04:29,119.85,14548255
