timestamp,ltp,volume
2021-06-18 09:18:37,240.9,4303878
2021-06-18 09:18:49,240.7,4389879
2021-06-18 09:18:54,240.45,4502027
2021-06-18 09:19:00,240.25,4576804
2021-06-18 09:19:06,240.0,4753998
2021-06-18 09:19:12,240.0,4782539
2021-06-18 09:19:18,239.95,4856750
2021-06-18 09:19:23,239.85,4901867
2021-06-18 09:19:29,239.7,4950620
2021-06-18 09:19:35,239.3,4991285
2021-06-18 09:19:40,239.65,5025946
2021-06-18 09:19:46,239.7,5052012
2021-06-18 09:19:51,239.95,5064492
2021-06-18 09:19:57,240.3,5101464
2021-06-18 09:20:02,240.35,5125321
2021-06-18 09:20:08,240.2,5143201
2021-06-18 09:20:13,240.05,5182111
2021-06-18 09:20:19,239.8,5213964
2021-06-18 09:20:25,239.9,5240878
2021-06-18 09:20:30,239.9,5254101
2021-06-18 09:20:35,239.8,5261161
2021-06-18 09:20:41,240.15,5285031
2021-06-18 09:20:46,239.85,5303599
2021-06-18 09:20:52,240.0,5317755
2021-06-18 09:20:57,240.2,5341655
2021-06-18 09:21:03,240.25,5351134
2021-06-18 09:21:08,240.2,5363012
2021-06-18 09:21:14,240.7,5393777
2021-06-18 09:21:19,240.65,5408926
2021-06-18 09:21:25,240.8,5422223
2021-06-18 09:21:30,240.75,5435006
2021-06-18 09:21:36,240.8,5446748
2021-06-18 09:21:41,240.6,5474799
2021-06-18 09:21:47,240.3,5517253
2021-06-18 09:21:52,240.35,5571731
2021-06-18 09:21:58,240.2,5597729
2021-06-18 09:22:03,240.15,5610780
2021-06-18 09:22:09,240.15,5620968
2021-06-18 09:22:14,240.35,5626801
2021-06-18 09:22:19,240.35,5630718
2021-06-18 09:22:25,240.25,5638418
2021-06-18 09:22:30,240.15,5653861
2021-06-18 09:22:35,240.25,5673225
2021-06-18 09:22:41,240.3,5705487
2021-06-18 09:22:46,240.15,5717346
2021-06-18 09:22:49,240.05,5721012
2021-06-18 09:22:50,240.05,5721655
2021-06-18 09:22:51,240.05,5722012
2021-06-18 09:22:52,240.1,5722788
2021-06-18 09:22:53,240.15,5724506
2021-06-18 09:22:54,240.15,5725780
2021-06-18 09:22:55,240.15,5726346
2021-06-18 09:22:57,240.1,5727620
2021-06-18 09:22:58,240.1,5728378
2021-06-18 09:22:59,240.1,5728748
2021-06-18 09:23:00,240.1,5729693
2021-06-18 09:23:01,240.1,5730045
2021-06-18 09:23:02,240.05,5735788
2021-06-18 09:23:03,240.0,5739986
2021-06-18 09:23:04,239.95,5740141
2021-06-18 09:23:05,239.85,5764362
2021-06-18 09:23:06,239.8,5774976
2021-06-18 09:23:07,239.75,5780288
2021-06-18 09:23:08,239.7,5782166
2021-06-18 09:23:09,239.5,5797004
2021-06-18 09:23:10,239.6,5797944
2021-06-18 09:23:11,239.5,5808058
2021-06-18 09:23:12,239.45,5810443
2021-06-18 09:23:13,239.15,5869650
2021-06-18 09:23:14,239.0,5875417
2021-06-18 09:23:15,238.7,5940504
2021-06-18 09:23:15,238.8,5946309
2021-06-18 09:23:16,238.6,5962540
2021-06-18 09:23:17,238.45,5976360
2021-06-18 09:23:18,238.35,5978859
2021-06-18 09:23:19,238.15,6054110
2021-06-18 09:23:20,238.25,6069674
2021-06-18 09:23:21,238.7,6074841
2021-06-18 09:23:22,238.7,6076255
2021-06-18 09:23:23,238.7,6093954
2021-06-18 09:23:25,238.6,6100482
2021-06-18 09:23:26,238.6,6101733
2021-06-18 09:23:26,238.7,6101894
2021-06-18 09:23:27,238.55,6111266
2021-06-18 09:23:28,238.65,6112648
2021-06-18 09:23:29,238.5,6117705
2021-06-18 09:23:30,238.5,6120386
2021-06-18 09:23:31,238.5,6124526
2021-06-18 09:23:32,238.55,6135130
2021-06-18 09:23:33,238.5,6140988
2021-06-18 09:23:34,238.6,6143636
2021-06-18 09:23:35,238.55,6145053
2021-06-18 09:23:36,238.6,6149373
2021-06-18 09:23:38,238.65,6152491
2021-06-18 09:23:39,238.7,6153950
2021-06-18 09:23:40,238.8,6158518
2021-06-18 09:23:41,238.95,6159806
2021-06-18 09:23:42,238.85,6168410
2021-06-18 09:23:43,239.1,6172634
2021-06-18 09:23:44,239.05,6173393
2021-06-18 09:23:45,239.05,6175204
2021-06-18 09:23:46,238.95,6177767
2021-06-18 09:23:47,238.95,6178126
2021-06-18 09:23:48,238.95,6178358
2021-06-18 09:23:49,238.95,6179845
2021-06-18 09:23:49,238.95,6179735
2021-06-18 09:23:50,238.95,6180392
2021-06-18 09:23:51,238.95,6181532
2021-06-18 09:23:53,238.95,6183479
2021-06-18 09:23:54,238.85,6184935
2021-06-18 09:23:55,238.85,6186881
2021-06-18 09:23:56,238.95,6189391
2021-06-18 09:23:57,238.85,6190614
2021-06-18 09:23:58,238.75,6198100
2021-06-18 09:23:59,238.8,6205252
2021-06-18 09:23:59,238.75,6205402
2021-06-18 09:24:00,238.55,6216380
2021-06-18 09:24:01,238.7,6224448
2021-06-18 09:24:02,238.5,6225050
2021-06-18 09:24:03,238.7,6225997
2021-06-18 09:24:04,238.7,6227132
2021-06-18 09:24:05,238.55,6229631
2021-06-18 09:24:07,238.7,6232552
2021-06-18 09:24:08,238.7,6233500
2021-06-18 09:24:09,238.7,6234421
2021-06-18 09:24:13,238.5,6257578
2021-06-18 09:24:14,238.5,6261391
2021-06-18 09:24:15,238.4,6265597
2021-06-18 09:24:16,238.45,6267191
2021-06-18 09:24:17,238.35,6271322
2021-06-18 09:24:18,238.3,6273494
2021-06-18 09:24:19,238.25,6281714
2021-06-18 09:24:20,238.25,6286663
2021-06-18 09:24:21,238.3,6287012
2021-06-18 09:24:22,238.4,6287687
2021-06-18 09:24:23,238.3,6292054
2021-06-18 09:24:24,238.45,6295729
2021-06-18 09:24:25,238.4,6312495
2021-06-18 09:24:26,238.45,6319792
2021-06-18 09:24:27,238.6,6323665
2021-06-18 09:24:28,238.5,6329586
2021-06-18 09:24:29,238.45,6335568
2021-06-18 09:24:30,238.55,6346282
2021-06-18 09:24:31,238.55,6347755
2021-06-18 09:24:32,238.75,6362694
2021-06-18 09:24:33,238.85,6362917
2021-06-18 09:24:34,239.0,6377814
2021-06-18 09:24:35,239.15,6378746
2021-06-18 09:24:36,239.05,6379456
2021-06-18 09:24:37,239.1,6381881
2021-06-18 09:24:38,239.2,6384422
2021-06-18 09:24:39,239.1,6387253
2021-06-18 09:24:40,239.15,6393696
2021-06-18 09:24:41,239.15,6395187
2021-06-18 09:24:42,239.1,6399603
2021-06-18 09:24:43,239.1,6415423
2021-06-18 09:24:44,239.0,6417162
2021-06-18 09:24:45,239.0,6419692
2021-06-18 09:24:46,239.05,6423934
2021-06-18 09:24:47,239.0,6425737
2021-06-18 09:24:48,239.0,6430207
2021-06-18 09:24:49,239.1,6432610
2021-06-18 09:24:50,239.0,6436502
2021-06-18 09:24:51,239.0,6436947
2021-06-18 09:24:52,239.15,6438078
2021-06-18 09:24:53,239.0,6442729
2021-06-18 09:24:54,238.95,6449918
2021-06-18 09:24:55,238.8,6451020
2021-06-18 09:24:55,238.9,6451070
2021-06-18 09:24:56,238.8,6452523
2021-06-18 09:24:57,238.85,6454153
2021-06-18 09:24:58,238.65,6454853
2021-06-18 09:25:00,238.85,6455205
2021-06-18 09:25:01,238.7,6460688
2021-06-18 09:25:02,238.7,6462299
2021-06-18 09:25:03,238.5,6468888
2021-06-18 09:25:04,238.45,6471590
2021-06-18 09:25:05,238.4,6475279
2021-06-18 09:25:06,238.4,6478691
2021-06-18 09:25:06,238.35,6479164
2021-06-18 09:25:07,238.3,6480722
2021-06-18 09:25:08,238.45,6481582
2021-06-18 09:25:09,238.45,6484347
2021-06-18 09:25:10,238.45,6485052
2021-06-18 09:25:11,238.45,6485597
2021-06-18 09:25:12,238.25,6490056
2021-06-18 09:25:13,238.5,6493913
2021-06-18 09:25:14,238.35,6497116
2021-06-18 09:25:15,238.5,6503342
2021-06-18 09:25:16,238.45,6505133
2021-06-18 09:25:17,238.45,6508978
2021-06-18 09:25:18,238.45,6511772
2021-06-18 09:25:20,238.45,6523051
2021-06-18 09:25:21,238.55,6524848
2021-06-18 09:25:22,238.45,6525126
2021-06-18 09:25:23,238.5,6525484
2021-06-18 09:25:25,238.45,6543922
2021-06-18 09:25:26,238.4,6549958
2021-06-18 09:25:27,238.4,6553641
2021-06-18 09:25:28,238.4,6556490
2021-06-18 09:25:29,238.4,6559017
2021-06-18 09:25:30,238.4,6561172
2021-06-18 09:25:31,238.45,6569015
2021-06-18 09:25:32,238.4,6573263
2021-06-18 09:25:33,238.35,6579964
2021-06-18 09:25:34,238.35,6580818
2021-06-18 09:25:35,238.25,6586854
2021-06-18 09:25:36,238.35,6589623
2021-06-18 09:25:36,238.4,6591674
2021-06-18 09:25:38,238.4,6597824
2021-06-18 09:25:39,238.4,6598486
2021-06-18 09:25:42,238.3,6603528
2021-06-18 09:25:43,238.35,6603851
2021-06-18 09:25:44,238.45,6604063
2021-06-18 09:25:45,238.45,6605467
2021-06-18 09:25:46,238.45,6605807
2021-06-18 09:25:47,238.25,6615112
2021-06-18 09:25:48,238.25,6616479
2021-06-18 09:25:49,238.2,6624117
2021-06-18 09:25:50,238.2,6637025
2021-06-18 09:25:51,238.2,6638456
2021-06-18 09:25:52,238.15,6640583
2021-06-18 09:25:53,238.1,6643156
2021-06-18 09:25:54,238.15,6646393
2021-06-18 09:25:55,238.05,6648831
2021-06-18 09:25:55,238.1,6649064
2021-06-18 09:25:56,238.05,6651504
2021-06-18 09:25:57,238.1,6656154
2021-06-18 09:25:58,238.15,6656561
2021-06-18 09:25:59,238.2,6659256
2021-06-18 09:26:00,238.2,6659778
2021-06-18 09:26:01,238.15,6660098
2021-06-18 09:26:02,238.1,6662728
2021-06-18 09:26:04,238.2,6675656
2021-06-18 09:26:05,238.1,6676421
2021-06-18 09:26:06,238.2,6677446
2021-06-18 09:26:07,238.25,6679296
2021-06-18 09:26:08,238.25,6682112
2021-06-18 09:26:09,238.05,6690972
2021-06-18 09:26:10,238.25,6691300
2021-06-18 09:26:11,238.25,6693385
2021-06-18 09:26:12,238.2,6693978
2021-06-18 09:26:13,238.1,6696349
2021-06-18 09:26:14,238.2,6696656
2021-06-18 09:26:15,238.1,6697114
2021-06-18 09:26:16,238.2,6697619
2021-06-18 09:26:17,238.15,6700272
2021-06-18 09:26:18,238.25,6702122
2021-06-18 09:26:19,238.25,6703479
2021-06-18 09:26:20,238.3,6709125
2021-06-18 09:26:21,238.25,6709737
2021-06-18 09:26:22,238.2,6711228
2021-06-18 09:26:23,238.2,6712123
2021-06-18 09:26:24,238.2,6713279
2021-06-18 09:26:25,238.1,6716805
2021-06-18 09:26:26,238.2,6718208
2021-06-18 09:26:27,238.1,6721925
2021-06-18 09:26:28,238.1,6723450
2021-06-18 09:26:29,238.1,6725184
2021-06-18 09:26:30,238.1,6726443
2021-06-18 09:26:31,238.1,6731613
2021-06-18 09:26:32,238.2,6733827
2021-06-18 09:26:32,238.2,6733838
2021-06-18 09:26:34,238.2,6733999
2021-06-18 09:26:35,238.25,6735203
2021-06-18 09:26:36,238.35,6738399
2021-06-18 09:26:37,238.35,6738992
2021-06-18 09:26:38,238.3,6739736
2021-06-18 09:26:39,238.35,6741851
2021-06-18 09:26:40,238.35,6747091
2021-06-18 09:26:41,238.35,6747617
2021-06-18 09:26:42,238.25,6748657
2021-06-18 09:26:42,238.25,6748657
2021-06-18 09:26:43,238.35,6748884
2021-06-18 09:26:44,238.5,6751172
2021-06-18 09:26:46,238.55,6763191
2021-06-18 09:26:47,238.7,6764392
2021-06-18 09:26:48,238.7,6765175
2021-06-18 09:26:49,238.7,6766757
2021-06-18 09:26:50,238.6,6769477
2021-06-18 09:26:51,238.7,6773301
2021-06-18 09:26:52,238.75,6775515
2021-06-18 09:26:53,238.75,6776215
2021-06-18 09:26:54,238.85,6782834
2021-06-18 09:26:55,238.8,6785344
2021-06-18 09:26:56,238.65,6786034
2021-06-18 09:26:57,238.75,6788316
2021-06-18 09:26:58,238.75,6788641
2021-06-18 09:26:59,238.75,6790212
2021-06-18 09:27:00,238.75,6790609
2021-06-18 09:27:01,238.75,6791638
2021-06-18 09:27:02,238.6,6793640
2021-06-18 09:27:03,238.65,6793871
2021-06-18 09:27:04,238.75,6794754
2021-06-18 09:27:04,238.65,6794634
2021-06-18 09:27:06,238.65,6799276
2021-06-18 09:27:07,238.75,6800359
2021-06-18 09:27:08,238.75,6801834
2021-06-18 09:27:09,238.85,6804170
2021-06-18 09:27:10,238.85,6804901
2021-06-18 09:27:11,238.8,6806399
2021-06-18 09:27:12,238.8,6807054
2021-06-18 09:27:13,238.75,6811955
2021-06-18 09:27:14,238.65,6814447
2021-06-18 09:27:15,238.35,6823466
2021-06-18 09:27:16,238.5,6823997
2021-06-18 09:27:17,238.3,6828948
2021-06-18 09:27:18,238.25,6947919
2021-06-18 09:27:19,238.05,6948529
2021-06-18 09:27:20,238.0,6962299
2021-06-18 09:27:21,238.15,6963558
2021-06-18 09:27:22,238.1,6966664
2021-06-18 09:27:23,238.0,6968983
2021-06-18 09:27:24,238.1,6970234
2021-06-18 09:27:25,238.1,7008466
2021-06-18 09:27:26,238.15,7011016
2021-06-18 09:27:27,238.15,7011775
2021-06-18 09:27:28,238.2,7012000
2021-06-18 09:27:29,238.05,7014593
2021-06-18 09:27:30,238.3,7015593
2021-06-18 09:27:31,238.2,7015715
2021-06-18 09:27:32,238.2,7017665
2021-06-18 09:27:33,238.35,7020388
2021-06-18 09:27:34,238.25,7020987
2021-06-18 09:27:35,238.25,7021085
2021-06-18 09:27:36,238.35,7021333
2021-06-18 09:27:37,238.3,7024310
2021-06-18 09:27:38,238.35,7024962
2021-06-18 09:27:39,238.3,7025308
2021-06-18 09:27:40,238.35,7025688
2021-06-18 09:27:41,238.35,7029448
2021-06-18 09:27:42,238.55,7031429
2021-06-18 09:27:43,238.5,7032766
2021-06-18 09:27:44,238.35,7033174
2021-06-18 09:27:45,238.5,7034388
2021-06-18 09:27:46,238.4,7034458
2021-06-18 09:27:47,238.5,7035057
2021-06-18 09:27:48,238.5,7035685
2021-06-18 09:27:49,238.5,7035952
2021-06-18 09:27:50,238.5,7036447
2021-06-18 09:27:51,238.5,7038284
2021-06-18 09:27:52,238.5,7039708
2021-06-18 09:27:53,238.5,7039791
2021-06-18 09:27:54,238.5,7052832
2021-06-18 09:27:55,238.4,7055850
2021-06-18 09:27:56,238.4,7055853
2021-06-18 09:27:57,238.4,7056668
2021-06-18 09:27:58,238.45,7059986
2021-06-18 09:27:59,238.4,7060551
2021-06-18 09:28:00,238.45,7061089
2021-06-18 09:28:01,238.4,7062199
2021-06-18 09:28:02,238.45,7062324
2021-06-18 09:28:03,238.4,7062762
2021-06-18 09:28:04,238.4,7063407
2021-06-18 09:28:05,238.4,7063408
2021-06-18 09:28:06,238.45,7067598
2021-06-18 09:28:07,238.5,7069716
2021-06-18 09:28:08,238.5,7070412
2021-06-18 09:28:09,238.5,7070872
2021-06-18 09:28:10,238.5,7071662
2021-06-18 09:28:11,238.5,7072957
2021-06-18 09:28:12,238.4,7074020
2021-06-18 09:28:13,238.4,7074678
2021-06-18 09:28:14,238.5,7075581
2021-06-18 09:28:15,238.5,7084787
2021-06-18 09:28:16,238.5,7084953
2021-06-18 09:28:17,238.5,7085853
2021-06-18 09:28:18,238.45,7087430
2021-06-18 09:28:19,238.45,7088671
2021-06-18 09:28:20,238.35,7092102
2021-06-18 09:28:21,238.3,7092519
2021-06-18 09:28:22,238.35,7092717
2021-06-18 09:28:23,238.35,7093003
2021-06-18 09:28:24,238.3,7093023
2021-06-18 09:28:25,238.25,7093353
2021-06-18 09:28:26,238.05,7102698
2021-06-18 09:28:27,238.1,7107111
2021-06-18 09:28:28,237.95,7158421
2021-06-18 09:28:29,237.95,7167553
2021-06-18 09:28:30,237.95,7181951
2021-06-18 09:28:31,238.0,7183857
2021-06-18 09:28:32,238.0,7187038
2021-06-18 09:28:33,237.9,7188243
2021-06-18 09:28:34,238.0,7189334
2021-06-18 09:28:35,237.85,7214321
2021-06-18 09:28:36,237.85,7214321
2021-06-18 09:28:37,237.8,7214923
2021-06-18 09:28:38,237.95,7215639
2021-06-18 09:28:39,237.95,7216963
2021-06-18 09:28:40,237.95,7216998
2021-06-18 09:28:41,237.95,7217677
2021-06-18 09:28:42,237.95,7220595
2021-06-18 09:28:43,237.9,7221683
2021-06-18 09:28:44,238.0,7225693
2021-06-18 09:28:45,237.9,7241351
2021-06-18 09:28:46,237.85,7242380
2021-06-18 09:28:47,237.95,7243816
2021-06-18 09:28:49,237.95,7246322
2021-06-18 09:28:50,237.95,7247625
2021-06-18 09:28:51,237.85,7249225
2021-06-18 09:28:52,237.85,7249225
2021-06-18 09:28:53,237.95,7249703
2021-06-18 09:28:54,237.95,7251146
2021-06-18 09:28:55,237.95,7251757
2021-06-18 09:28:56,237.85,7252027
2021-06-18 09:28:58,237.95,7256431
2021-06-18 09:28:57,237.85,7256421
2021-06-18 09:28:59,237.9,7260098
2021-06-18 09:29:00,237.95,7260449
2021-06-18 09:29:01,237.9,7262731
2021-06-18 09:29:02,237.95,7269165
2021-06-18 09:29:03,237.8,7270555
2021-06-18 09:29:04,237.9,7271160
2021-06-18 09:29:05,237.8,7283363
2021-06-18 09:29:06,237.75,7284077
2021-06-18 09:29:07,237.7,7287203
2021-06-18 09:29:08,237.8,7288199
2021-06-18 09:29:09,237.85,7289839
2021-06-18 09:29:10,237.7,7291266
2021-06-18 09:29:11,237.7,7292132
2021-06-18 09:29:12,237.85,7296389
2021-06-18 09:29:13,237.85,7297589
2021-06-18 09:29:14,237.85,7298691
2021-06-18 09:29:15,237.85,7302501
2021-06-18 09:29:16,237.85,7302501
2021-06-18 09:29:17,237.85,7303277
2021-06-18 09:29:18,237.7,7304216
2021-06-18 09:29:19,237.7,7305158
2021-06-18 09:29:20,237.75,7306458
2021-06-18 09:29:21,237.75,7308462
2021-06-18 09:29:22,237.7,7309780
2021-06-18 09:29:23,237.75,7315729
2021-06-18 09:29:24,237.7,7318002
2021-06-18 09:29:25,237.7,7323745
2021-06-18 09:29:26,237.75,7323777
2021-06-18 09:29:28,237.75,7328454
2021-06-18 09:29:27,237.85,7325308
2021-06-18 09:29:29,237.7,7330538
2021-06-18 09:29:30,237.8,7331731
2021-06-18 09:29:31,237.75,7333502
2021-06-18 09:29:32,237.6,7335950
2021-06-18 09:29:33,237.75,7337464
2021-06-18 09:29:34,237.7,7338177
2021-06-18 09:29:35,237.75,7339840
2021-06-18 09:29:36,237.75,7341605
2021-06-18 09:29:37,237.6,7341940
2021-06-18 09:29:38,237.7,7345498
2021-06-18 09:29:39,237.7,7345748
2021-06-18 09:29:40,237.7,7349958
2021-06-18 09:29:41,237.65,7351536
2021-06-18 09:29:42,237.55,7354044
2021-06-18 09:29:43,237.55,7368413
2021-06-18 09:29:44,237.5,7368538
2021-06-18 09:29:45,237.5,7370923
2021-06-18 09:29:46,237.5,7372634
2021-06-18 09:29:48,237.65,7380041
2021-06-18 09:29:49,237.55,7380737
2021-06-18 09:29:52,237.55,7397746
2021-06-18 09:29:54,237.65,7398799
2021-06-18 09:29:55,237.5,7399904
2021-06-18 09:29:55,237.5,7399904
2021-06-18 09:29:56,237.55,7400588
2021-06-18 09:29:57,237.6,7401494
2021-06-18 09:29:58,237.55,7403284
2021-06-18 09:29:59,237.65,7404633
2021-06-18 09:30:00,237.65,7408050
2021-06-18 09:30:02,237.65,7409158
2021-06-18 09:30:03,237.7,7412711
2021-06-18 09:30:04,237.65,7413103
2021-06-18 09:30:05,237.65,7415855
2021-06-18 09:30:07,237.65,7420109
2021-06-18 09:30:07,237.65,7420109
2021-06-18 09:30:08,237.65,7421468
2021-06-18 09:30:09,237.6,7458589
2021-06-18 09:30:10,237.7,7460268
2021-06-18 09:30:11,237.65,7460523
2021-06-18 09:30:12,237.6,7462170
2021-06-18 09:30:13,237.65,7463240
2021-06-18 09:30:14,237.6,7466346
2021-06-18 09:30:16,237.55,7468935
2021-06-18 09:30:16,237.7,7473440
2021-06-18 09:30:17,237.6,7473551
2021-06-18 09:30:18,237.7,7474069
2021-06-18 09:30:19,237.65,7476069
2021-06-18 09:30:20,237.6,7476380
2021-06-18 09:30:21,237.7,7480832
2021-06-18 09:30:22,237.65,7481369
2021-06-18 09:30:24,237.65,7484734
2021-06-18 09:30:25,237.65,7486010
2021-06-18 09:30:26,237.6,7486562
2021-06-18 09:30:27,237.6,7489127
2021-06-18 09:30:27,237.55,7489847
2021-06-18 09:30:29,237.6,7493173
2021-06-18 09:30:30,237.5,7494050
2021-06-18 09:30:31,237.5,7500319
2021-06-18 09:30:32,237.4,7504156
2021-06-18 09:30:34,237.35,7504629
2021-06-18 09:30:35,237.35,7506922
2021-06-18 09:30:36,237.4,7509066
2021-06-18 09:30:37,237.3,7511763
2021-06-18 09:30:38,237.3,7512310
2021-06-18 09:30:39,237.4,7513762
2021-06-18 09:30:39,237.3,7514212
2021-06-18 09:30:40,237.4,7515517
2021-06-18 09:30:41,237.3,7516972
2021-06-18 09:30:42,237.4,7518847
2021-06-18 09:30:43,237.35,7519842
2021-06-18 09:30:44,237.4,7521849
2021-06-18 09:30:45,237.4,7522491
2021-06-18 09:30:46,237.4,7523103
2021-06-18 09:30:47,237.4,7525608
2021-06-18 09:30:48,237.3,7527236
2021-06-18 09:30:49,237.25,7528010
2021-06-18 09:30:50,237.25,7528362
2021-06-18 09:30:51,237.2,7532168
2021-06-18 09:30:52,237.2,7534629
2021-06-18 09:30:53,237.2,7535450
2021-06-18 09:30:54,237.3,7537959
2021-06-18 09:30:55,237.3,7538594
2021-06-18 09:30:56,237.35,7539003
2021-06-18 09:30:57,237.2,7539671
2021-06-18 09:30:58,237.2,7543696
2021-06-18 09:31:00,237.3,7544001
2021-06-18 09:31:01,237.35,7551284
2021-06-18 09:31:01,237.4,7560366
2021-06-18 09:31:02,237.4,7577380
2021-06-18 09:31:03,237.55,7583880
2021-06-18 09:31:04,237.6,7584740
2021-06-18 09:31:05,237.65,7593951
2021-06-18 09:31:06,237.7,7597333
2021-06-18 09:31:07,237.6,7597734
2021-06-18 09:31:08,237.7,7598129
2021-06-18 09:31:10,237.65,7599019
2021-06-18 09:31:11,237.65,7599961
2021-06-18 09:31:12,237.7,7610114
2021-06-18 09:31:12,237.85,7611710
2021-06-18 09:31:13,237.7,7612349
2021-06-18 09:31:14,237.8,7614005
2021-06-18 09:31:15,237.7,7614115
2021-06-18 09:31:17,237.65,7616263
2021-06-18 09:31:18,237.65,7616683
2021-06-18 09:31:20,237.75,7619333
2021-06-18 09:31:21,237.8,7620871
2021-06-18 09:31:23,237.75,7621849
2021-06-18 09:31:25,237.75,7622810
2021-06-18 09:31:26,237.7,7623937
2021-06-18 09:31:26,237.7,7623935
2021-06-18 09:31:27,237.65,7631102
2021-06-18 09:31:28,237.65,7631527
2021-06-18 09:31:29,237.65,7632142
2021-06-18 09:31:30,237.7,7634310
2021-06-18 09:31:31,237.7,7634987
2021-06-18 09:31:32,237.65,7636819
2021-06-18 09:31:33,237.7,7637074
2021-06-18 09:31:34,237.7,7637933
2021-06-18 09:31:35,237.7,7638543
2021-06-18 09:31:36,237.7,7640057
2021-06-18 09:31:37,237.65,7640610
2021-06-18 09:31:38,237.7,7641172
2021-06-18 09:31:39,237.7,7641643
2021-06-18 09:31:40,237.7,7642946
2021-06-18 09:31:41,237.75,7646739
2021-06-18 09:31:43,237.75,7651621
2021-06-18 09:31:44,237.7,7652559
2021-06-18 09:31:45,237.75,7652942
2021-06-18 09:31:46,237.75,7653099
2021-06-18 09:31:46,237.7,7653549
2021-06-18 09:31:47,237.75,7656178
2021-06-18 09:31:48,237.65,7656328
2021-06-18 09:31:49,237.75,7656849
2021-06-18 09:31:50,237.75,7657125
2021-06-18 09:31:51,237.75,7657535
2021-06-18 09:31:52,237.7,7658733
2021-06-18 09:31:53,237.7,7660966
2021-06-18 09:31:54,237.75,7661288
2021-06-18 09:31:55,237.7,7661298
2021-06-18 09:31:56,237.75,7662578
2021-06-18 09:31:57,237.7,7663050
2021-06-18 09:31:58,237.7,7664237
2021-06-18 09:31:59,237.6,7666521
2021-06-18 09:32:00,237.6,7669880
2021-06-18 09:32:02,237.65,7677002
2021-06-18 09:32:02,237.65,7677002
2021-06-18 09:32:03,237.5,7679643
2021-06-18 09:32:04,237.55,7686940
2021-06-18 09:32:05,237.35,7698603
2021-06-18 09:32:07,237.35,7699123
2021-06-18 09:32:08,237.3,7700620
2021-06-18 09:32:09,237.4,7702906
2021-06-18 09:32:10,237.4,7703111
2021-06-18 09:32:11,237.4,7705486
2021-06-18 09:32:11,237.4,7705541
2021-06-18 09:32:12,237.3,7705941
2021-06-18 09:32:13,237.4,7706656
2021-06-18 09:32:14,237.4,7707281
2021-06-18 09:32:15,237.35,7710178
2021-06-18 09:32:16,237.35,7710230
2021-06-18 09:32:17,237.3,7710980
2021-06-18 09:32:18,237.35,7711568
2021-06-18 09:32:19,237.3,7712230
2021-06-18 09:32:21,237.35,7712358
2021-06-18 09:32:22,237.25,7712875
2021-06-18 09:32:22,237.35,7713076
2021-06-18 09:32:23,237.35,7714389
2021-06-18 09:32:24,237.35,7715797
2021-06-18 09:32:25,237.3,7716427
2021-06-18 09:32:26,237.35,7717444
2021-06-18 09:32:28,237.3,7718584
2021-06-18 09:32:30,237.25,7722272
2021-06-18 09:32:31,237.25,7723312
2021-06-18 09:32:31,237.25,7723332
2021-06-18 09:32:32,237.1,7730098
2021-06-18 09:32:33,237.15,7731222
2021-06-18 09:32:35,237.15,7732366
2021-06-18 09:32:36,237.15,7733545
2021-06-18 09:32:37,237.1,7735276
2021-06-18 09:32:37,237.1,7735276
2021-06-18 09:32:38,237.15,7736827
2021-06-18 09:32:39,237.1,7737043
2021-06-18 09:32:40,237.15,7737731
2021-06-18 09:32:41,237.1,7737828
2021-06-18 09:32:42,237.15,7738902
2021-06-18 09:32:43,237.15,7742509
2021-06-18 09:32:45,237.15,7743305
2021-06-18 09:32:46,237.1,7745771
2021-06-18 09:32:47,237.15,7746826
2021-06-18 09:32:47,237.1,7748668
2021-06-18 09:32:48,237.1,7750661
2021-06-18 09:32:49,237.15,7751517
2021-06-18 09:32:50,237.15,7753350
2021-06-18 09:32:51,237.15,7762783
2021-06-18 09:32:52,237.15,7763810
2021-06-18 09:32:53,237.15,7763972
2021-06-18 09:32:55,237.1,7766909
2021-06-18 09:32:56,237.15,7771454
2021-06-18 09:32:57,237.15,7773190
2021-06-18 09:32:58,237.15,7774204
2021-06-18 09:32:59,237.1,7774943
2021-06-18 09:33:00,237.15,7776891
2021-06-18 09:33:00,237.15,7776908
2021-06-18 09:33:02,237.1,7778282
2021-06-18 09:33:03,237.15,7778972
2021-06-18 09:33:05,237.1,7780992
2021-06-18 09:33:06,237.15,7781094
2021-06-18 09:33:06,237.15,7781501
2021-06-18 09:33:08,237.15,7782075
2021-06-18 09:33:09,237.15,7785396
2021-06-18 09:33:10,237.1,7786842
2021-06-18 09:33:10,237.1,7787278
2021-06-18 09:33:11,237.1,7788767
2021-06-18 09:33:12,237.1,7790142
2021-06-18 09:33:13,236.9,7857454
2021-06-18 09:33:15,236.8,7867911
2021-06-18 09:33:16,236.9,7875374
2021-06-18 09:33:17,236.75,7878173
2021-06-18 09:33:18,236.85,7878556
2021-06-18 09:33:19,236.85,7884164
2021-06-18 09:33:19,236.9,7885664
2021-06-18 09:33:20,236.8,7890404
2021-06-18 09:33:21,236.75,7891832
2021-06-18 09:33:22,236.7,7893373
2021-06-18 09:33:23,236.7,7896639
2021-06-18 09:33:24,236.7,7898902
2021-06-18 09:33:25,236.7,7900657
2021-06-18 09:33:26,236.7,7907702
2021-06-18 09:33:27,236.8,7911795
2021-06-18 09:33:28,236.75,7920543
2021-06-18 09:33:29,236.7,7922204
2021-06-18 09:33:30,236.7,7922781
2021-06-18 09:33:31,236.7,7923783
2021-06-18 09:33:32,236.55,7935063
2021-06-18 09:33:33,236.5,7937563
2021-06-18 09:33:35,236.6,7949385
2021-06-18 09:33:36,236.55,7951335
2021-06-18 09:33:36,236.55,7951351
2021-06-18 09:33:37,236.55,7953381
2021-06-18 09:33:38,236.5,7955313
2021-06-18 09:33:39,236.5,7959997
2021-06-18 09:33:40,236.45,7967939
2021-06-18 09:33:41,236.35,7970874
2021-06-18 09:33:42,236.35,7974353
2021-06-18 09:33:44,236.3,7975565
2021-06-18 09:33:45,236.35,7978503
2021-06-18 09:33:46,236.35,7984234
2021-06-18 09:33:46,236.45,7984986
2021-06-18 09:33:47,236.4,7986817
2021-06-18 09:33:48,236.35,7988021
2021-06-18 09:33:49,236.2,8012024
2021-06-18 09:33:51,236.35,8037408
2021-06-18 09:33:52,236.4,8048849
2021-06-18 09:33:53,236.5,8060789
2021-06-18 09:33:54,236.5,8062147
2021-06-18 09:33:55,236.35,8065104
2021-06-18 09:33:56,236.3,8067253
2021-06-18 09:33:57,236.4,8070017
2021-06-18 09:33:58,236.3,8070492
2021-06-18 09:33:59,236.4,8077393
2021-06-18 09:34:00,236.2,8081399
2021-06-18 09:34:00,236.2,8081399
2021-06-18 09:34:01,236.4,8082741
2021-06-18 09:34:02,236.35,8085969
2021-06-18 09:34:03,236.2,8087295
2021-06-18 09:34:04,236.3,8089942
2021-06-18 09:34:05,236.35,8094910
2021-06-18 09:34:06,236.3,8095663
2021-06-18 09:34:07,236.35,8105790
2021-06-18 09:34:08,236.2,8107138
2021-06-18 09:34:09,236.2,8109275
2021-06-18 09:34:10,236.25,8112741
2021-06-18 09:34:11,236.1,8115003
2021-06-18 09:34:13,236.2,8116742
2021-06-18 09:34:14,236.15,8120019
2021-06-18 09:34:15,236.2,8121582
2021-06-18 09:34:16,236.1,8122127
2021-06-18 09:34:16,236.1,8122127
2021-06-18 09:34:17,236.05,8129233
2021-06-18 09:34:18,236.1,8132270
2021-06-18 09:34:19,236.1,8145308
2021-06-18 09:34:20,236.15,8151220
2021-06-18 09:34:21,236.0,8197658
2021-06-18 09:34:22,236.05,8204048
2021-06-18 09:34:23,235.95,8289227
2021-06-18 09:34:24,236.0,8293269
2021-06-18 09:34:25,236.05,8302536
2021-06-18 09:34:26,236.05,8308334
2021-06-18 09:34:28,235.85,8310980
2021-06-18 09:34:29,235.85,8325558
2021-06-18 09:34:30,235.75,8327727
2021-06-18 09:34:31,235.85,8332494
2021-06-18 09:34:32,235.65,8342261
2021-06-18 09:34:33,235.65,8361218
2021-06-18 09:34:34,235.75,8378471
2021-06-18 09:34:35,235.65,8393447
2021-06-18 09:34:36,235.85,8396272
2021-06-18 09:34:37,235.75,8401519
2021-06-18 09:34:38,235.8,8403033
2021-06-18 09:34:39,235.65,8406466
2021-06-18 09:34:40,235.75,8407794
2021-06-18 09:34:40,235.7,8407954
2021-06-18 09:34:41,235.85,8418360
2021-06-18 09:34:42,235.75,8425634
2021-06-18 09:34:44,235.85,8428174
2021-06-18 09:34:45,235.85,8439932
2021-06-18 09:34:46,235.85,8451182
2021-06-18 09:34:47,235.8,8458259
2021-06-18 09:34:48,235.8,8464927
2021-06-18 09:34:48,235.7,8465207
2021-06-18 09:34:49,235.85,8470093
2021-06-18 09:34:50,235.8,8471916
2021-06-18 09:34:51,235.85,8473162
2021-06-18 09:34:53,235.85,8478889
2021-06-18 09:34:55,235.85,8491070
2021-06-18 09:34:56,235.8,8496348
2021-06-18 09:34:57,235.75,8498917
2021-06-18 09:34:58,235.75,8508149
2021-06-18 09:34:58,235.75,8508351
2021-06-18 09:34:59,235.75,8509955
2021-06-18 09:35:00,235.55,8530107
2021-06-18 09:35:01,235.45,8531037
2021-06-18 09:35:02,235.5,8534660
2021-06-18 09:35:03,235.4,8537851
2021-06-18 09:35:05,235.25,8550120
2021-06-18 09:35:06,235.15,8562463
2021-06-18 09:35:07,235.2,8568501
2021-06-18 09:35:08,235.25,8577930
2021-06-18 09:35:10,235.35,8590465
2021-06-18 09:35:11,235.35,8595374
2021-06-18 09:35:12,235.65,8605721
2021-06-18 09:35:13,235.7,8609676
2021-06-18 09:35:14,235.5,8614604
2021-06-18 09:35:15,235.6,8619744
2021-06-18 09:35:16,235.4,8627086
2021-06-18 09:35:17,235.6,8632061
2021-06-18 09:35:19,235.5,8640140
2021-06-18 09:35:20,235.5,8644155
2021-06-18 09:35:21,235.55,8652427
2021-06-18 09:35:22,235.6,8658590
2021-06-18 09:35:23,235.6,8660334
2021-06-18 09:35:23,235.6,8660343
2021-06-18 09:35:24,235.6,8664103
2021-06-18 09:35:25,235.6,8668194
2021-06-18 09:35:26,235.75,8682495
2021-06-18 09:35:28,235.6,8691425
2021-06-18 09:35:29,235.65,8693397
2021-06-18 09:35:30,235.8,8701939
2021-06-18 09:35:31,235.8,8707719
2021-06-18 09:35:32,235.95,8715531
2021-06-18 09:35:33,235.8,8721894
2021-06-18 09:35:34,235.9,8726329
2021-06-18 09:35:35,236.1,8741055
2021-06-18 09:35:36,235.85,8747376
2021-06-18 09:35:36,235.95,8748012
2021-06-18 09:35:37,235.95,8749014
2021-06-18 09:35:38,236.0,8750257
2021-06-18 09:35:39,235.95,8753726
2021-06-18 09:35:40,236.0,8755887
2021-06-18 09:35:44,236.0,8766399
2021-06-18 09:35:45,236.0,8770059
2021-06-18 09:35:45,236.1,8771287
2021-06-18 09:35:46,236.05,8776040
2021-06-18 09:35:47,236.05,8776378
2021-06-18 09:35:48,236.0,8779061
2021-06-18 09:35:50,236.0,8781007
2021-06-18 09:35:51,236.1,8784156
2021-06-18 09:35:52,236.05,8787624
2021-06-18 09:35:52,236.05,8787624
2021-06-18 09:35:53,236.25,8803476
2021-06-18 09:35:54,236.25,8807241
2021-06-18 09:35:55,236.1,8808627
2021-06-18 09:35:56,236.3,8810179
2021-06-18 09:35:58,236.15,8811460
2021-06-18 09:35:58,236.2,8814977
2021-06-18 09:36:00,236.3,8817004
2021-06-18 09:36:01,236.3,8818421
2021-06-18 09:36:02,236.2,8820558
2021-06-18 09:36:02,236.15,8820808
2021-06-18 09:36:03,236.1,8826502
2021-06-18 09:36:04,236.15,8830312
2021-06-18 09:36:05,236.2,8831382
2021-06-18 09:36:06,236.2,8832905
2021-06-18 09:36:07,236.15,8835586
2021-06-18 09:36:08,236.15,8837062
2021-06-18 09:36:10,236.15,8839377
2021-06-18 09:36:11,236.2,8842855
2021-06-18 09:36:12,236.15,8844142
2021-06-18 09:36:14,236.25,8847386
2021-06-18 09:36:15,236.2,8858636
2021-06-18 09:36:16,236.2,8861007
2021-06-18 09:36:16,236.25,8861114
2021-06-18 09:36:17,236.2,8861185
2021-06-18 09:36:18,236.4,8875230
2021-06-18 09:36:19,236.3,8876221
2021-06-18 09:36:21,236.4,8876632
2021-06-18 09:36:22,236.45,8880121
2021-06-18 09:36:23,236.45,8888115
2021-06-18 09:36:24,236.5,8891098
2021-06-18 09:36:25,236.5,8892746
2021-06-18 09:36:26,236.6,8902592
2021-06-18 09:36:26,236.5,8901247
2021-06-18 09:36:27,236.5,8903853
2021-06-18 09:36:28,236.5,8906352
2021-06-18 09:36:29,236.6,8910726
2021-06-18 09:36:31,236.6,8911583
2021-06-18 09:36:32,236.65,8914700
2021-06-18 09:36:33,236.55,8918211
2021-06-18 09:36:34,236.6,8920400
2021-06-18 09:36:35,236.6,8921698
2021-06-18 09:36:36,236.55,8922074
2021-06-18 09:36:37,236.6,8922755
2021-06-18 09:36:37,236.6,8923856
2021-06-18 09:36:39,236.6,8926365
2021-06-18 09:36:40,236.6,8928875
2021-06-18 09:36:41,236.75,8934743
2021-06-18 09:36:42,236.7,8935757
2021-06-18 09:36:43,236.7,8936140
2021-06-18 09:36:44,236.7,8937697
2021-06-18 09:36:45,236.75,8943989
2021-06-18 09:36:45,236.65,8944150
2021-06-18 09:36:47,236.75,8944986
2021-06-18 09:36:48,236.75,8945736
2021-06-18 09:36:49,236.7,8949631
2021-06-18 09:36:50,236.75,8956357
2021-06-18 09:36:51,236.7,8958030
2021-06-18 09:36:52,236.65,8964023
2021-06-18 09:36:53,236.7,8965478
2021-06-18 09:36:54,236.65,8967883
2021-06-18 09:36:54,236.65,8967919
2021-06-18 09:36:55,236.7,8969220
2021-06-18 09:36:56,236.7,8970678
2021-06-18 09:36:57,236.7,8971046
2021-06-18 09:36:58,236.6,8971748
2021-06-18 09:36:59,236.55,8973736
2021-06-18 09:37:00,236.65,8975680
2021-06-18 09:37:01,236.65,8976223
2021-06-18 09:37:03,236.65,8976567
2021-06-18 09:37:04,236.7,8979796
2021-06-18 09:37:05,236.65,8979853
2021-06-18 09:37:06,236.7,8980358
2021-06-18 09:37:07,236.7,8982823
2021-06-18 09:37:08,236.7,8983391
2021-06-18 09:37:09,236.7,8986916
2021-06-18 09:37:10,236.7,8987988
2021-06-18 09:37:11,236.7,8988043
2021-06-18 09:37:12,236.7,8988560
2021-06-18 09:37:13,236.7,8989442
2021-06-18 09:37:14,236.7,8989905
2021-06-18 09:37:15,236.5,9000098
2021-06-18 09:37:17,236.5,9000162
2021-06-18 09:37:18,236.55,9000665
2021-06-18 09:37:19,236.6,9001748
2021-06-18 09:37:20,236.45,9003318
2021-06-18 09:37:21,236.6,9003510
2021-06-18 09:37:22,236.6,9004094
2021-06-18 09:37:23,236.6,9004223
2021-06-18 09:37:24,236.55,9004998
2021-06-18 09:37:25,236.55,9006218
2021-06-18 09:37:26,236.55,9007010
2021-06-18 09:37:27,236.6,9023368
2021-06-18 09:37:28,236.5,9024848
2021-06-18 09:37:29,236.6,9025478
2021-06-18 09:37:30,236.6,9025998
2021-06-18 09:37:31,236.55,9026837
2021-06-18 09:37:32,236.6,9027118
2021-06-18 09:37:33,236.6,9027746
2021-06-18 09:37:34,236.65,9028287
2021-06-18 09:37:35,236.55,9028959
2021-06-18 09:37:36,236.65,9029153
2021-06-18 09:37:37,236.65,9029888
2021-06-18 09:37:38,236.6,9031657
2021-06-18 09:37:39,236.75,9032515
2021-06-18 09:37:40,236.75,9033874
2021-06-18 09:37:40,236.75,9033874
2021-06-18 09:37:41,236.65,9034901
2021-06-18 09:37:42,236.75,9035696
2021-06-18 09:37:44,236.75,9036180
2021-06-18 09:37:45,236.75,9036450
2021-06-18 09:37:46,236.85,9056916
2021-06-18 09:37:47,236.9,9061344
2021-06-18 09:37:47,236.7,9065881
2021-06-18 09:37:49,236.6,9072938
2021-06-18 09:37:50,236.6,9074674
2021-06-18 09:37:51,236.55,9082779
2021-06-18 09:37:52,236.5,9084143
2021-06-18 09:37:53,236.4,9084711
2021-06-18 09:37:53,236.4,9088005
2021-06-18 09:37:55,236.35,9092536
2021-06-18 09:37:56,236.3,9098990
2021-06-18 09:37:57,236.3,9102462
2021-06-18 09:37:58,236.35,9102843
2021-06-18 09:37:59,236.2,9103433
2021-06-18 09:38:00,236.25,9107115
2021-06-18 09:38:01,236.15,9108812
2021-06-18 09:38:01,236.3,9108835
2021-06-18 09:38:02,236.15,9110529
2021-06-18 09:38:04,236.1,9115091
2021-06-18 09:38:05,236.15,9115825
2021-06-18 09:38:06,236.05,9115973
2021-06-18 09:38:07,236.05,9117660
2021-06-18 09:38:07,236.1,9117694
2021-06-18 09:38:08,236.1,9121996
2021-06-18 09:38:10,236.1,9126527
2021-06-18 09:38:11,236.05,9127178
2021-06-18 09:38:12,236.0,9127918
2021-06-18 09:38:12,236.05,9128200
2021-06-18 09:38:13,236.05,9129145
2021-06-18 09:38:15,236.25,9129344
2021-06-18 09:38:16,236.2,9130511
2021-06-18 09:38:17,236.2,9131572
2021-06-18 09:38:18,236.25,9131820
2021-06-18 09:38:18,236.25,9131820
2021-06-18 09:38:20,236.25,9134178
2021-06-18 09:38:21,236.4,9134832
2021-06-18 09:38:22,236.4,9135957
2021-06-18 09:38:23,236.45,9136831
2021-06-18 09:38:23,236.45,9136831
2021-06-18 09:38:24,236.5,9136921
2021-06-18 09:38:26,236.45,9137296
2021-06-18 09:38:27,236.5,9139500
2021-06-18 09:38:28,236.65,9146479
2021-06-18 09:38:29,236.6,9146719
2021-06-18 09:38:30,236.65,9146914
2021-06-18 09:38:31,236.6,9151179
2021-06-18 09:38:32,236.6,9151349
2021-06-18 09:38:33,236.65,9152429
2021-06-18 09:38:34,236.65,9152625
2021-06-18 09:38:35,236.65,9152629
2021-06-18 09:38:36,236.6,9155147
2021-06-18 09:38:37,236.5,9156158
2021-06-18 09:38:38,236.45,9157825
2021-06-18 09:38:39,236.45,9160207
2021-06-18 09:38:40,236.65,9160391
2021-06-18 09:38:41,236.7,9160797
2021-06-18 09:38:42,236.7,9160865
2021-06-18 09:38:43,236.75,9165265
2021-06-18 09:38:44,236.65,9165992
2021-06-18 09:38:46,236.65,9167126
2021-06-18 09:38:47,236.6,9168404
2021-06-18 09:38:48,236.75,9168632
2021-06-18 09:38:49,236.75,9168832
2021-06-18 09:38:50,236.75,9169369
2021-06-18 09:38:51,236.95,9178075
2021-06-18 09:38:52,236.8,9178810
2021-06-18 09:38:54,236.9,9179820
2021-06-18 09:38:55,236.95,9180887
2021-06-18 09:38:56,236.95,9183036
2021-06-18 09:38:57,236.95,9183654
2021-06-18 09:38:58,236.8,9184346
2021-06-18 09:38:59,236.9,9184356
2021-06-18 09:39:00,236.9,9184760
2021-06-18 09:39:01,236.95,9190709
2021-06-18 09:39:02,236.95,9191553
2021-06-18 09:39:03,237.0,9193741
2021-06-18 09:39:04,236.95,9195575
2021-06-18 09:39:05,236.9,9196285
2021-06-18 09:39:06,236.9,9196424
2021-06-18 09:39:07,236.9,9199945
2021-06-18 09:39:08,236.85,9205192
2021-06-18 09:39:09,236.85,9207421
2021-06-18 09:39:10,236.8,9208047
2021-06-18 09:39:11,236.9,9211161
2021-06-18 09:39:12,236.85,9214084
2021-06-18 09:39:13,237.0,9218756
2021-06-18 09:39:14,236.9,9218909
2021-06-18 09:39:15,237.0,9220445
2021-06-18 09:39:16,236.9,9225300
2021-06-18 09:39:17,236.95,9227462
2021-06-18 09:39:18,236.85,9230124
2021-06-18 09:39:19,236.85,9230124
2021-06-18 09:39:20,237.05,9236004
2021-06-18 09:39:21,237.05,9236156
2021-06-18 09:39:22,237.15,9237910
2021-06-18 09:39:23,237.1,9241639
2021-06-18 09:39:24,237.1,9241691
2021-06-18 09:39:25,237.1,9241805
2021-06-18 09:39:26,237.1,9244606
2021-06-18 09:39:27,237.1,9244606
2021-06-18 09:39:28,237.05,9245814
2021-06-18 09:39:29,237.05,9247040
2021-06-18 09:39:30,237.05,9247347
2021-06-18 09:39:31,237.0,9250437
2021-06-18 09:39:32,237.05,9250658
2021-06-18 09:39:33,237.05,9251953
2021-06-18 09:39:34,237.05,9252283
2021-06-18 09:39:35,237.05,9252386
2021-06-18 09:39:36,237.0,9255856
2021-06-18 09:39:37,237.0,9256058
2021-06-18 09:39:38,237.0,9261433
2021-06-18 09:39:39,237.0,9262396
2021-06-18 09:39:40,236.95,9272039
2021-06-18 09:39:41,236.85,9276836
2021-06-18 09:39:42,236.75,9278670
2021-06-18 09:39:43,236.75,9278670
2021-06-18 09:39:44,236.65,9281276
2021-06-18 09:39:45,236.75,9282535
2021-06-18 09:39:46,236.6,9284656
2021-06-18 09:39:47,236.75,9285151
2021-06-18 09:39:48,236.75,9286878
2021-06-18 09:39:49,236.7,9287037
2021-06-18 09:39:50,236.7,9287043
2021-06-18 09:39:51,236.7,9287255
2021-06-18 09:39:52,236.7,9287290
2021-06-18 09:39:53,236.7,9287709
2021-06-18 09:39:54,236.7,9288854
2021-06-18 09:39:55,236.75,9288959
2021-06-18 09:39:56,236.6,9289436
2021-06-18 09:39:58,236.65,9289598
2021-06-18 09:39:57,236.65,9289497
2021-06-18 09:39:59,236.65,9289975
2021-06-18 09:40:00,236.65,9291011
2021-06-18 09:40:01,236.6,9291396
2021-06-18 09:40:02,236.8,9292195
2021-06-18 09:40:04,236.8,9294306
2021-06-18 09:40:03,236.8,9294256
2021-06-18 09:40:05,236.8,9294661
2021-06-18 09:40:06,236.75,9295635
2021-06-18 09:40:07,236.75,9295660
2021-06-18 09:40:08,236.7,9295720
2021-06-18 09:40:09,236.8,9298530
2021-06-18 09:40:10,236.8,9298913
2021-06-18 09:40:11,236.9,9299589
2021-06-18 09:40:12,236.9,9302334
2021-06-18 09:40:13,236.9,9303510
2021-06-18 09:40:14,236.9,9303787
2021-06-18 09:40:15,236.9,9303798
2021-06-18 09:40:16,237.0,9308995
2021-06-18 09:40:17,237.0,9309421
2021-06-18 09:40:19,237.0,9309973
2021-06-18 09:40:21,237.0,9310157
2021-06-18 09:40:22,237.1,9313260
2021-06-18 09:40:23,237.1,9314356
2021-06-18 09:40:24,237.3,9321681
2021-06-18 09:40:25,237.3,9325116
2021-06-18 09:40:26,237.35,9326555
2021-06-18 09:40:27,237.25,9327790
2021-06-18 09:40:28,237.45,9337743
2021-06-18 09:40:29,237.3,9343001
2021-06-18 09:40:30,237.35,9343174
2021-06-18 09:40:32,237.45,9346839
2021-06-18 09:40:31,237.5,9346710
2021-06-18 09:40:34,237.5,9349482
2021-06-18 09:40:35,237.5,9353624
2021-06-18 09:40:36,237.65,9356132
2021-06-18 09:40:37,237.7,9358522
2021-06-18 09:40:38,237.7,9361542
2021-06-18 09:40:39,237.9,9375656
2021-06-18 09:40:40,237.75,9377632
2021-06-18 09:40:41,237.9,9382803
2021-06-18 09:40:42,237.9,9383825
2021-06-18 09:40:43,237.95,9393688
2021-06-18 09:40:44,237.9,9402755
2021-06-18 09:40:45,237.85,9404019
2021-06-18 09:40:47,237.9,9405704
2021-06-18 09:40:47,237.95,9406454
2021-06-18 09:40:48,237.95,9407783
2021-06-18 09:40:50,237.95,9414384
2021-06-18 09:40:51,237.9,9415663
2021-06-18 09:40:53,237.85,9424212
2021-06-18 09:40:53,237.85,9424387
2021-06-18 09:40:54,237.7,9427589
2021-06-18 09:40:55,237.8,9433130
2021-06-18 09:40:56,237.6,9436316
2021-06-18 09:40:57,237.7,9438610
2021-06-18 09:40:58,237.55,9439288
2021-06-18 09:41:00,237.65,9442094
2021-06-18 09:41:00,237.6,9442149
2021-06-18 09:41:01,237.6,9442699
2021-06-18 09:41:02,237.6,9444929
2021-06-18 09:41:03,237.5,9447374
2021-06-18 09:41:04,237.65,9447582
2021-06-18 09:41:05,237.45,9449173
2021-06-18 09:41:06,237.65,9449566
2021-06-18 09:41:07,237.75,9452981
2021-06-18 09:41:08,237.75,9454195
2021-06-18 09:41:10,237.75,9454304
2021-06-18 09:41:10,237.75,9454304
2021-06-18 09:41:11,237.6,9456349
2021-06-18 09:41:12,237.6,9456681
2021-06-18 09:41:13,237.65,9457396
2021-06-18 09:41:14,237.65,9457534
2021-06-18 09:41:16,237.65,9459258
2021-06-18 09:41:16,237.65,9459258
2021-06-18 09:41:17,237.65,9459404
2021-06-18 09:41:18,237.7,9462058
2021-06-18 09:41:19,237.75,9462724
2021-06-18 09:41:20,237.75,9465040
2021-06-18 09:41:21,237.8,9466309
2021-06-18 09:41:22,237.8,9469005
2021-06-18 09:41:24,237.9,9478352
2021-06-18 09:41:25,237.95,9478522
2021-06-18 09:41:25,237.95,9478522
2021-06-18 09:41:26,237.95,9480077
2021-06-18 09:41:27,237.95,9481992
2021-06-18 09:41:28,237.85,9483785
2021-06-18 09:41:29,237.8,9485660
2021-06-18 09:41:30,237.95,9488351
2021-06-18 09:41:31,237.9,9489832
2021-06-18 09:41:32,237.9,9493468
2021-06-18 09:41:33,237.75,9494877
2021-06-18 09:41:35,237.85,9497297
2021-06-18 09:41:35,237.85,9497297
2021-06-18 09:41:36,237.75,9498267
2021-06-18 09:41:37,237.9,9499983
2021-06-18 09:41:38,237.85,9504023
2021-06-18 09:41:39,237.8,9505832
2021-06-18 09:41:41,237.85,9506787
2021-06-18 09:41:41,237.85,9506827
2021-06-18 09:41:42,237.7,9507159
2021-06-18 09:41:43,237.75,9508203
2021-06-18 09:41:44,237.75,9509617
2021-06-18 09:41:45,237.65,9516357
2021-06-18 09:41:46,237.6,9520168
2021-06-18 09:41:47,237.6,9521167
2021-06-18 09:41:48,237.7,9522091
2021-06-18 09:41:49,237.7,9522484
2021-06-18 09:41:51,237.7,9523451
2021-06-18 09:41:51,237.7,9523481
2021-06-18 09:41:52,237.7,9523674
2021-06-18 09:41:53,237.7,9523900
2021-06-18 09:41:54,237.7,9524488
2021-06-18 09:41:55,237.7,9524641
2021-06-18 09:41:56,237.75,9524653
2021-06-18 09:41:57,237.75,9524830
2021-06-18 09:41:58,237.8,9524887
2021-06-18 09:41:59,237.8,9525447
2021-06-18 09:42:00,237.8,9525497
2021-06-18 09:42:02,237.8,9525497
2021-06-18 09:42:02,237.8,9525547
2021-06-18 09:42:03,237.75,9525820
2021-06-18 09:42:04,237.75,9526254
2021-06-18 09:42:05,237.8,9526652
2021-06-18 09:42:06,237.8,9529538
2021-06-18 09:42:08,237.75,9533180
2021-06-18 09:42:09,238.0,9564854
2021-06-18 09:42:10,237.85,9574215
2021-06-18 09:42:11,237.95,9575365
2021-06-18 09:42:13,238.0,9578183
2021-06-18 09:42:14,238.0,9578682
2021-06-18 09:42:15,237.85,9578784
2021-06-18 09:42:17,238.0,9580117
2021-06-18 09:42:17,238.0,9580115
2021-06-18 09:42:18,237.95,9580497
2021-06-18 09:42:19,238.0,9582242
2021-06-18 09:42:20,238.0,9582934
2021-06-18 09:42:21,238.0,9588190
2021-06-18 09:42:22,238.0,9588326
2021-06-18 09:42:23,237.95,9588376
2021-06-18 09:42:24,238.0,9588711
2021-06-18 09:42:25,237.95,9589792
2021-06-18 09:42:26,237.9,9590445
2021-06-18 09:42:27,238.0,9592239
2021-06-18 09:42:28,237.85,9594075
2021-06-18 09:42:29,237.95,9594177
2021-06-18 09:42:30,238.0,9599779
2021-06-18 09:42:31,237.95,9599926
2021-06-18 09:42:32,238.0,9600280
2021-06-18 09:42:33,237.9,9602994
2021-06-18 09:42:34,237.95,9604717
2021-06-18 09:42:35,237.65,9621293
2021-06-18 09:42:36,237.7,9622531
2021-06-18 09:42:38,237.65,9623593
2021-06-18 09:42:38,237.65,9623593
2021-06-18 09:42:39,237.6,9626060
2021-06-18 09:42:40,237.6,9627186
2021-06-18 09:42:41,237.6,9627191
2021-06-18 09:42:42,237.6,9628803
2021-06-18 09:42:43,237.55,9629994
2021-06-18 09:42:44,237.6,9631015
2021-06-18 09:42:45,237.6,9632623
2021-06-18 09:42:46,237.6,9633125
2021-06-18 09:42:47,237.6,9633666
2021-06-18 09:42:48,237.6,9634922
2021-06-18 09:42:50,237.5,9636438
2021-06-18 09:42:50,237.55,9635236
2021-06-18 09:42:51,237.6,9637544
2021-06-18 09:42:52,237.65,9639249
2021-06-18 09:42:53,237.75,9639417
2021-06-18 09:42:54,237.75,9640412
2021-06-18 09:42:55,237.75,9640553
2021-06-18 09:42:56,237.75,9640783
2021-06-18 09:42:57,237.75,9641207
2021-06-18 09:42:58,237.8,9643838
2021-06-18 09:42:59,237.7,9644099
2021-06-18 09:43:00,237.7,9644350
2021-06-18 09:43:01,237.7,9644435
2021-06-18 09:43:02,237.7,9644556
2021-06-18 09:43:04,237.7,9645169
2021-06-18 09:43:05,237.7,9645203
2021-06-18 09:43:06,237.7,9645821
2021-06-18 09:43:07,237.45,9656918
2021-06-18 09:43:08,237.5,9657344
2021-06-18 09:43:09,237.5,9658097
2021-06-18 09:43:10,237.55,9659111
2021-06-18 09:43:11,237.4,9659725
2021-06-18 09:43:12,237.5,9659831
2021-06-18 09:43:12,237.5,9659931
2021-06-18 09:43:13,237.3,9660989
2021-06-18 09:43:14,237.4,9661393
2021-06-18 09:43:15,237.3,9662592
2021-06-18 09:43:16,237.25,9663220
2021-06-18 09:43:18,237.35,9663952
2021-06-18 09:43:19,237.3,9664112
2021-06-18 09:43:19,237.3,9664112
2021-06-18 09:43:20,237.25,9666564
2021-06-18 09:43:21,237.25,9666753
2021-06-18 09:43:22,237.2,9667420
2021-06-18 09:43:23,237.25,9667723
2021-06-18 09:43:25,237.25,9668743
2021-06-18 09:43:26,237.25,9674123
2021-06-18 09:43:27,237.2,9674409
2021-06-18 09:43:27,237.2,9674409
2021-06-18 09:43:28,237.25,9675735
2021-06-18 09:43:29,237.25,9675877
2021-06-18 09:43:30,237.25,9677567
2021-06-18 09:43:31,237.25,9677669
2021-06-18 09:43:32,237.25,9678756
2021-06-18 09:43:33,237.25,9678891
2021-06-18 09:43:35,237.25,9682147
2021-06-18 09:43:36,237.1,9682255
2021-06-18 09:43:37,237.25,9683038
2021-06-18 09:43:38,237.05,9683927
2021-06-18 09:43:39,237.05,9684049
2021-06-18 09:43:40,237.2,9685394
2021-06-18 09:43:41,237.1,9685398
2021-06-18 09:43:42,237.1,9685517
2021-06-18 09:43:43,237.2,9687358
2021-06-18 09:43:45,237.1,9687908
2021-06-18 09:43:46,237.2,9688525
2021-06-18 09:43:47,237.25,9690652
2021-06-18 09:43:47,237.25,9690662
2021-06-18 09:43:48,237.3,9693782
2021-06-18 09:43:49,237.05,9699660
2021-06-18 09:43:50,237.15,9702515
2021-06-18 09:43:51,237.1,9703233
2021-06-18 09:43:52,237.1,9703485
2021-06-18 09:43:54,237.1,9703518
2021-06-18 09:43:54,237.1,9703881
2021-06-18 09:43:55,237.1,9704825
2021-06-18 09:43:58,237.2,9706832
2021-06-18 09:43:58,237.1,9707034
2021-06-18 09:43:59,237.1,9707881
2021-06-18 09:44:00,237.05,9709266
2021-06-18 09:44:04,237.2,9710001
2021-06-18 09:44:05,237.1,9710203
2021-06-18 09:44:05,237.1,9710203
2021-06-18 09:44:06,237.2,9710262
2021-06-18 09:44:07,237.1,9710517
2021-06-18 09:44:09,237.15,9711033
2021-06-18 09:44:10,237.15,9711037
2021-06-18 09:44:10,237.15,9711036
2021-06-18 09:44:11,237.3,9717014
2021-06-18 09:44:12,237.35,9718992
2021-06-18 09:44:13,237.35,9721654
2021-06-18 09:44:15,237.45,9722006
2021-06-18 09:44:16,237.45,9724556
2021-06-18 09:44:17,237.4,9725733
2021-06-18 09:44:18,237.45,9725743
2021-06-18 09:44:19,237.35,9725814
2021-06-18 09:44:20,237.5,9726842
2021-06-18 09:44:21,237.4,9727808
2021-06-18 09:44:23,237.5,9727930
2021-06-18 09:44:24,237.5,9729503
2021-06-18 09:44:24,237.5,9729503
2021-06-18 09:44:25,237.5,9729904
2021-06-18 09:44:26,237.5,9729905
2021-06-18 09:44:27,237.45,9734698
2021-06-18 09:44:28,237.55,9734992
2021-06-18 09:44:30,237.45,9735087
2021-06-18 09:44:32,237.55,9736892
2021-06-18 09:44:33,237.55,9736982
2021-06-18 09:44:33,237.55,9736982
2021-06-18 09:44:34,237.5,9737577
2021-06-18 09:44:35,237.5,9737915
2021-06-18 09:44:36,237.45,9738341
2021-06-18 09:44:37,237.45,9738341
2021-06-18 09:44:38,237.45,9738597
2021-06-18 09:44:39,237.35,9739897
2021-06-18 09:44:40,237.45,9740944
2021-06-18 09:44:43,237.4,9742591
2021-06-18 09:44:43,237.4,9742886
2021-06-18 09:44:44,237.4,9742892
2021-06-18 09:44:45,237.4,9742918
2021-06-18 09:44:46,237.3,9743027
2021-06-18 09:44:47,237.4,9744056
2021-06-18 09:44:48,237.3,9744103
2021-06-18 09:44:49,237.4,9744643
2021-06-18 09:44:51,237.4,9744643
2021-06-18 09:44:52,237.4,9744927
2021-06-18 09:44:52,237.4,9745042
2021-06-18 09:44:53,237.4,9745131
2021-06-18 09:44:54,237.4,9745236
2021-06-18 09:44:55,237.4,9750579
2021-06-18 09:44:56,237.5,9751181
2021-06-18 09:44:57,237.5,9751681
2021-06-18 09:44:59,237.45,9752234
2021-06-18 09:45:00,237.45,9754479
2021-06-18 09:45:01,237.4,9755009
2021-06-18 09:45:02,237.3,9755209
2021-06-18 09:45:02,237.4,9755254
2021-06-18 09:45:03,237.3,9755972
2021-06-18 09:45:05,237.15,9756468
2021-06-18 09:45:06,237.25,9756517
2021-06-18 09:45:07,237.2,9758808
2021-06-18 09:45:08,237.15,9759581
2021-06-18 09:45:09,237.2,9760041
2021-06-18 09:45:11,237.15,9764354
2021-06-18 09:45:11,237.15,9764354
2021-06-18 09:45:12,237.15,9764617
2021-06-18 09:45:13,237.1,9764638
2021-06-18 09:45:14,237.05,9764938
2021-06-18 09:45:15,237.1,9765533
2021-06-18 09:45:16,237.1,9765533
2021-06-18 09:45:17,236.8,9782084
2021-06-18 09:45:18,236.95,9782349
2021-06-18 09:45:19,236.8,9782945
2021-06-18 09:45:20,236.75,9789008
2021-06-18 09:45:21,236.8,9789944
2021-06-18 09:45:24,236.8,9792076
2021-06-18 09:45:25,236.85,9792412
2021-06-18 09:45:26,236.95,9794076
2021-06-18 09:45:27,236.85,9796658
2021-06-18 09:45:28,236.95,9796723
2021-06-18 09:45:29,236.85,9796883
2021-06-18 09:45:30,236.95,9797604
2021-06-18 09:45:31,236.85,9797851
2021-06-18 09:45:31,236.85,9797851
2021-06-18 09:45:32,236.95,9798068
2021-06-18 09:45:33,236.9,9798159
2021-06-18 09:45:34,236.95,9798240
2021-06-18 09:45:35,236.95,9798354
2021-06-18 09:45:36,236.85,9799261
2021-06-18 09:45:37,236.9,9799290
2021-06-18 09:45:39,236.8,9800897
2021-06-18 09:45:39,236.85,9801341
2021-06-18 09:45:41,236.75,9801891
2021-06-18 09:45:42,236.85,9801969
2021-06-18 09:45:43,236.85,9802031
2021-06-18 09:45:44,236.8,9802557
2021-06-18 09:45:45,236.8,9803228
2021-06-18 09:45:45,236.8,9803228
2021-06-18 09:45:46,236.75,9803725
2021-06-18 09:45:47,236.7,9803883
2021-06-18 09:45:49,236.75,9805331
2021-06-18 09:45:50,236.8,9805477
2021-06-18 09:45:51,236.9,9809469
2021-06-18 09:45:52,236.95,9810282
2021-06-18 09:45:53,236.8,9811941
2021-06-18 09:45:54,236.8,9812758
2021-06-18 09:45:55,236.8,9812852
2021-06-18 09:45:56,236.75,9842271
2021-06-18 09:45:57,236.7,9842744
2021-06-18 09:45:58,236.7,9843372
2021-06-18 09:45:58,236.7,9843372
2021-06-18 09:45:59,236.75,9844803
2021-06-18 09:46:00,236.7,9847056
2021-06-18 09:46:01,236.7,9847856
2021-06-18 09:46:03,236.6,9848514
2021-06-18 09:46:04,236.6,9849221
2021-06-18 09:46:05,236.7,9849316
2021-06-18 09:46:06,236.7,9849576
2021-06-18 09:46:07,236.55,9851097
2021-06-18 09:46:08,236.7,9852445
2021-06-18 09:46:09,236.6,9855143
2021-06-18 09:46:10,236.55,9855348
2021-06-18 09:46:11,236.45,9868183
2021-06-18 09:46:11,236.5,9868783
2021-06-18 09:46:12,236.25,9869783
2021-06-18 09:46:14,236.35,9870914
2021-06-18 09:46:15,236.3,9872510
2021-06-18 09:46:16,236.35,9875194
2021-06-18 09:46:16,236.35,9875194
2021-06-18 09:46:18,236.55,9877711
2021-06-18 09:46:19,236.4,9879743
2021-06-18 09:46:20,236.4,9880197
2021-06-18 09:46:21,236.35,9880698
2021-06-18 09:46:22,236.25,9884145
2021-06-18 09:46:24,236.35,9884850
2021-06-18 09:46:25,236.25,9889770
2021-06-18 09:46:26,236.35,9891840
2021-06-18 09:46:27,236.25,9892260
2021-06-18 09:46:28,236.35,9892559
2021-06-18 09:46:29,236.35,9893074
2021-06-18 09:46:30,236.3,9894262
2021-06-18 09:46:31,236.35,9894693
2021-06-18 09:46:32,236.45,9895147
2021-06-18 09:46:33,236.3,9895272
2021-06-18 09:46:34,236.45,9895412
2021-06-18 09:46:34,236.3,9895892
2021-06-18 09:46:35,236.45,9897614
2021-06-18 09:46:36,236.3,9899164
2021-06-18 09:46:38,236.35,9901005
2021-06-18 09:46:39,236.35,9902333
2021-06-18 09:46:40,236.4,9904482
2021-06-18 09:46:41,236.55,9920602
2021-06-18 09:46:41,236.6,9923602
2021-06-18 09:46:42,236.7,9926561
2021-06-18 09:46:43,236.75,9927670
2021-06-18 09:46:44,236.6,9927857
2021-06-18 09:46:45,236.75,9928477
2021-06-18 09:46:46,236.6,9928557
2021-06-18 09:46:48,236.7,9931139
2021-06-18 09:46:49,236.55,9931140
2021-06-18 09:46:50,236.6,9931291
2021-06-18 09:46:51,236.65,9931296
2021-06-18 09:46:52,236.7,9931552
2021-06-18 09:46:53,236.55,9932278
2021-06-18 09:46:54,236.65,9932713
2021-06-18 09:46:54,236.65,9932713
2021-06-18 09:46:55,236.65,9932734
2021-06-18 09:46:56,236.65,9932939
2021-06-18 09:46:58,236.7,9933149
2021-06-18 09:46:59,236.65,9933262
2021-06-18 09:47:00,236.7,9933263
2021-06-18 09:47:01,236.65,9935661
2021-06-18 09:47:02,236.65,9935859
2021-06-18 09:47:03,236.65,9936218
2021-06-18 09:47:04,236.7,9937234
2021-06-18 09:47:04,236.7,9937234
2021-06-18 09:47:05,236.6,9937248
2021-06-18 09:47:06,236.6,9937875
2021-06-18 09:47:08,236.7,9937886
2021-06-18 09:47:09,236.7,9937898
2021-06-18 09:47:10,236.7,9938533
2021-06-18 09:47:11,236.65,9938881
2021-06-18 09:47:14,236.65,9940153
2021-06-18 09:47:15,236.7,9940900
2021-06-18 09:47:15,236.7,9941400
2021-06-18 09:47:17,236.7,9941446
2021-06-18 09:47:18,236.75,9941452
2021-06-18 09:47:19,236.7,9941462
2021-06-18 09:47:20,236.7,9941462
2021-06-18 09:47:21,236.7,9942172
2021-06-18 09:47:22,236.65,9943271
2021-06-18 09:47:23,236.75,9943421
2021-06-18 09:47:24,236.6,9947332
2021-06-18 09:47:25,236.6,9947507
2021-06-18 09:47:25,236.65,9947512
2021-06-18 09:47:27,236.7,9948562
2021-06-18 09:47:28,236.5,9948645
2021-06-18 09:47:29,236.6,9948965
2021-06-18 09:47:30,236.6,9949331
2021-06-18 09:47:31,236.6,9949381
2021-06-18 09:47:32,236.5,9949406
2021-06-18 09:47:33,236.6,9949626
2021-06-18 09:47:34,236.6,9949790
2021-06-18 09:47:35,236.55,9950060
2021-06-18 09:47:36,236.6,9950188
2021-06-18 09:47:37,236.5,9950338
2021-06-18 09:47:38,236.6,9950398
2021-06-18 09:47:39,236.6,9952117
2021-06-18 09:47:40,236.6,9952213
2021-06-18 09:47:41,236.6,9952213
2021-06-18 09:47:42,236.55,9952466
2021-06-18 09:47:43,236.75,9956458
2021-06-18 09:47:44,236.65,9956588
2021-06-18 09:47:45,236.75,9956600
2021-06-18 09:47:46,236.7,9956710
2021-06-18 09:47:47,236.7,9957033
2021-06-18 09:47:48,236.7,9957043
2021-06-18 09:47:49,236.7,9957299
2021-06-18 09:47:49,236.7,9957459
2021-06-18 09:47:50,236.65,9957485
2021-06-18 09:47:52,236.65,9957485
2021-06-18 09:47:52,236.6,9957661
2021-06-18 09:47:54,236.65,9957968
2021-06-18 09:47:55,236.65,9958043
2021-06-18 09:47:56,236.65,9958084
2021-06-18 09:47:57,236.65,9958099
2021-06-18 09:47:58,236.6,9958136
2021-06-18 09:47:59,236.6,9958428
2021-06-18 09:48:00,236.65,9958548
2021-06-18 09:48:01,236.65,9959228
2021-06-18 09:48:02,236.6,9960477
2021-06-18 09:48:03,236.6,9960902
2021-06-18 09:48:04,236.6,9960911
2021-06-18 09:48:05,236.6,9961145
2021-06-18 09:48:06,236.6,9962556
2021-06-18 09:48:07,236.5,9967511
2021-06-18 09:48:08,236.6,9972567
2021-06-18 09:48:09,236.5,9972697
2021-06-18 09:48:10,236.5,9973509
2021-06-18 09:48:11,236.45,9974019
2021-06-18 09:48:12,236.4,9980380
2021-06-18 09:48:13,236.4,9984633
2021-06-18 09:48:14,236.4,9984945
2021-06-18 09:48:15,236.25,9988634
2021-06-18 09:48:16,236.2,9988734
2021-06-18 09:48:17,236.2,9990983
2021-06-18 09:48:18,236.25,9994645
2021-06-18 09:48:19,236.25,9994794
2021-06-18 09:48:20,236.25,9994794
2021-06-18 09:48:21,236.15,9994945
2021-06-18 09:48:22,236.1,9998833
2021-06-18 09:48:23,236.15,9999008
2021-06-18 09:48:24,236.05,9999652
2021-06-18 09:48:25,236.25,9999921
2021-06-18 09:48:26,236.05,10006095
2021-06-18 09:48:27,236.2,10006204
2021-06-18 09:48:28,236.2,10006225
2021-06-18 09:48:29,236.2,10006290
2021-06-18 09:48:30,236.2,10007090
2021-06-18 09:48:31,236.05,10007609
2021-06-18 09:48:32,236.2,10008013
2021-06-18 09:48:33,236.05,10008948
2021-06-18 09:48:34,236.15,10008950
2021-06-18 09:48:35,236.2,10009643
2021-06-18 09:48:36,236.0,10018207
2021-06-18 09:48:37,236.0,10018357
2021-06-18 09:48:38,236.1,10018925
2021-06-18 09:48:39,236.15,10025093
2021-06-18 09:48:40,236.15,10025093
2021-06-18 09:48:41,236.15,10025283
2021-06-18 09:48:42,236.15,10025403
2021-06-18 09:48:43,236.15,10025812
2021-06-18 09:48:44,236.25,10038825
2021-06-18 09:48:45,236.25,10038875
2021-06-18 09:48:46,236.2,10039985
2021-06-18 09:48:47,236.2,10040115
2021-06-18 09:48:48,236.25,10041174
2021-06-18 09:48:49,236.35,10042553
2021-06-18 09:48:50,236.35,10043244
2021-06-18 09:48:51,236.35,10043718
2021-06-18 09:48:52,236.3,10043743
2021-06-18 09:48:53,236.35,10043823
2021-06-18 09:48:54,236.35,10043932
2021-06-18 09:48:55,236.35,10045188
2021-06-18 09:48:56,236.35,10045216
2021-06-18 09:48:57,236.4,10045281
2021-06-18 09:48:58,236.35,10045285
2021-06-18 09:48:59,236.35,10045602
2021-06-18 09:49:00,236.3,10047154
2021-06-18 09:49:01,236.35,10047576
2021-06-18 09:49:02,236.35,10049386
2021-06-18 09:49:03,236.35,10049450
2021-06-18 09:49:04,236.3,10049691
2021-06-18 09:49:05,236.35,10049706
2021-06-18 09:49:06,236.35,10050540
2021-06-18 09:49:08,236.35,10051458
2021-06-18 09:49:09,236.35,10051503
2021-06-18 09:49:10,236.35,10051603
2021-06-18 09:49:11,236.35,10052127
2021-06-18 09:49:12,236.3,10056389
2021-06-18 09:49:13,236.4,10061811
2021-06-18 09:49:14,236.4,10062559
2021-06-18 09:49:15,236.45,10063625
2021-06-18 09:49:16,236.4,10063950
2021-06-18 09:49:17,236.5,10065375
2021-06-18 09:49:18,236.5,10065375
2021-06-18 09:49:18,236.5,10066514
2021-06-18 09:49:20,236.35,10067806
2021-06-18 09:49:21,236.4,10067961
2021-06-18 09:49:22,236.4,10069038
2021-06-18 09:49:23,236.5,10069092
2021-06-18 09:49:24,236.4,10069093
2021-06-18 09:49:25,236.4,10069128
2021-06-18 09:49:26,236.5,10070230
2021-06-18 09:49:27,236.5,10070390
2021-06-18 09:49:28,236.5,10070395
2021-06-18 09:49:29,236.35,10070738
2021-06-18 09:49:30,236.5,10071345
2021-06-18 09:49:31,236.5,10071368
2021-06-18 09:49:32,236.5,10071378
2021-06-18 09:49:33,236.5,10071423
2021-06-18 09:49:34,236.5,10071423
2021-06-18 09:49:35,236.5,10071511
2021-06-18 09:49:36,236.5,10072444
2021-06-18 09:49:37,236.5,10073249
2021-06-18 09:49:38,236.5,10073249
2021-06-18 09:49:39,236.5,10073350
2021-06-18 09:49:40,236.5,10074647
2021-06-18 09:49:41,236.45,10075465
2021-06-18 09:49:42,236.65,10077564
2021-06-18 09:49:43,236.5,10077910
2021-06-18 09:49:44,236.65,10077914
2021-06-18 09:49:45,236.7,10090211
2021-06-18 09:49:46,236.7,10090512
2021-06-18 09:49:47,236.8,10090537
2021-06-18 09:49:48,236.8,10090604
2021-06-18 09:49:49,236.8,10090630
2021-06-18 09:49:50,236.8,10091042
2021-06-18 09:49:51,236.8,10091692
2021-06-18 09:49:52,236.7,10092721
2021-06-18 09:49:53,236.6,10093029
2021-06-18 09:49:54,236.7,10093150
2021-06-18 09:49:55,236.55,10095010
2021-06-18 09:49:56,236.6,10095065
2021-06-18 09:49:57,236.5,10097459
2021-06-18 09:49:59,236.5,10098669
2021-06-18 09:50:03,236.4,10102032
2021-06-18 09:50:04,236.45,10112247
2021-06-18 09:50:05,236.45,10114463
2021-06-18 09:50:06,236.3,10127938
2021-06-18 09:50:07,236.4,10128150
2021-06-18 09:50:08,236.25,10128306
2021-06-18 09:50:10,236.4,10130297
2021-06-18 09:50:11,236.4,10130330
2021-06-18 09:50:12,236.2,10131080
2021-06-18 09:50:13,236.2,10131111
2021-06-18 09:50:14,236.2,10131111
2021-06-18 09:50:15,236.2,10131231
2021-06-18 09:50:16,236.2,10131861
2021-06-18 09:50:17,236.3,10132095
2021-06-18 09:50:18,236.25,10133432
2021-06-18 09:50:19,236.25,10133692
2021-06-18 09:50:20,236.2,10133837
2021-06-18 09:50:21,236.2,10134008
2021-06-18 09:50:22,236.2,10134913
2021-06-18 09:50:23,236.15,10139236
2021-06-18 09:50:24,236.1,10139407
2021-06-18 09:50:25,236.1,10139407
2021-06-18 09:50:26,236.0,10146121
2021-06-18 09:50:27,236.1,10146360
2021-06-18 09:50:28,236.1,10146596
2021-06-18 09:50:29,236.0,10147803
2021-06-18 09:50:30,236.1,10148616
2021-06-18 09:50:31,236.1,10148634
2021-06-18 09:50:32,236.0,10149425
2021-06-18 09:50:33,236.0,10149535
2021-06-18 09:50:34,236.05,10149604
2021-06-18 09:50:35,236.1,10157305
2021-06-18 09:50:36,236.1,10157768
2021-06-18 09:50:37,236.1,10163328
2021-06-18 09:50:38,236.15,10163556
2021-06-18 09:50:39,236.15,10163600
2021-06-18 09:50:40,236.15,10163960
2021-06-18 09:50:41,236.15,10164104
2021-06-18 09:50:42,236.2,10164403
2021-06-18 09:50:43,236.2,10164592
2021-06-18 09:50:44,236.15,10164692
2021-06-18 09:50:45,236.2,10165236
2021-06-18 09:50:46,236.2,10165941
2021-06-18 09:50:47,236.2,10166417
2021-06-18 09:50:48,236.15,10166634
2021-06-18 09:50:49,236.15,10166861
2021-06-18 09:50:50,236.2,10167061
2021-06-18 09:50:51,236.15,10167311
2021-06-18 09:50:52,236.2,10167355
2021-06-18 09:50:53,236.2,10167505
2021-06-18 09:50:54,236.2,10167631
2021-06-18 09:50:55,236.15,10167638
2021-06-18 09:50:56,236.2,10171144
2021-06-18 09:50:57,236.2,10171152
2021-06-18 09:50:58,236.2,10171515
2021-06-18 09:50:59,236.2,10171686
2021-06-18 09:51:00,236.05,10173272
2021-06-18 09:51:01,236.15,10173305
2021-06-18 09:51:02,236.2,10173439
2021-06-18 09:51:03,236.15,10177724
2021-06-18 09:51:04,236.1,10179144
2021-06-18 09:51:05,236.2,10179188
2021-06-18 09:51:06,236.2,10179843
2021-06-18 09:51:07,236.2,10179982
2021-06-18 09:51:08,236.15,10179984
2021-06-18 09:51:09,236.15,10180206
2021-06-18 09:51:10,236.2,10180226
2021-06-18 09:51:11,236.25,10180979
2021-06-18 09:51:12,236.15,10181529
2021-06-18 09:51:13,236.2,10182263
2021-06-18 09:51:14,236.2,10182503
2021-06-18 09:51:15,236.45,10183972
2021-06-18 09:51:16,236.3,10184197
2021-06-18 09:51:17,236.3,10184350
2021-06-18 09:51:18,236.45,10184361
2021-06-18 09:51:19,236.4,10184412
2021-06-18 09:51:20,236.3,10184546
2021-06-18 09:51:21,236.55,10188328
2021-06-18 09:51:22,236.55,10188567
2021-06-18 09:51:23,236.6,10189871
2021-06-18 09:51:24,236.6,10189971
2021-06-18 09:51:25,236.55,10191658
2021-06-18 09:51:26,236.5,10191678
2021-06-18 09:51:27,236.5,10191679
2021-06-18 09:51:28,236.5,10191690
2021-06-18 09:51:29,236.5,10191794
2021-06-18 09:51:30,236.45,10192983
2021-06-18 09:51:31,236.4,10193067
2021-06-18 09:51:32,236.4,10194123
2021-06-18 09:51:33,236.35,10195126
2021-06-18 09:51:34,236.45,10195247
2021-06-18 09:51:35,236.35,10196497
2021-06-18 09:51:36,236.5,10196518
2021-06-18 09:51:37,236.45,10196634
2021-06-18 09:51:38,236.25,10196734
2021-06-18 09:51:39,236.25,10198085
2021-06-18 09:51:40,236.4,10198348
2021-06-18 09:51:41,236.35,10198448
2021-06-18 09:51:42,236.4,10198698
2021-06-18 09:51:43,236.35,10198798
2021-06-18 09:51:44,236.45,10199319
2021-06-18 09:51:45,236.35,10200009
2021-06-18 09:51:46,236.5,10200371
2021-06-18 09:51:47,236.4,10201940
2021-06-18 09:51:48,236.5,10202272
2021-06-18 09:51:50,236.55,10204646
2021-06-18 09:51:50,236.65,10204762
2021-06-18 09:51:51,236.65,10204762
2021-06-18 09:51:52,236.55,10204783
2021-06-18 09:51:53,236.7,10204876
2021-06-18 09:51:55,236.55,10205232
2021-06-18 09:51:55,236.55,10205246
2021-06-18 09:51:56,236.6,10205456
2021-06-18 09:51:57,236.55,10206651
2021-06-18 09:51:58,236.5,10206716
2021-06-18 09:51:59,236.55,10208276
2021-06-18 09:52:00,236.5,10208724
2021-06-18 09:52:01,236.5,10208986
2021-06-18 09:52:02,236.5,10209968
2021-06-18 09:52:03,236.55,10209969
2021-06-18 09:52:04,236.5,10210407
2021-06-18 09:52:05,236.55,10210408
2021-06-18 09:52:06,236.4,10210823
2021-06-18 09:52:07,236.4,10211185
2021-06-18 09:52:08,236.5,10211749
2021-06-18 09:52:09,236.45,10211955
2021-06-18 09:52:10,236.5,10213003
2021-06-18 09:52:11,236.5,10215005
2021-06-18 09:52:12,236.4,10215006
2021-06-18 09:52:14,236.5,10215406
2021-06-18 09:52:15,236.35,10217364
2021-06-18 09:52:16,236.4,10217372
2021-06-18 09:52:17,236.4,10218183
2021-06-18 09:52:18,236.35,10218899
2021-06-18 09:52:19,236.4,10219599
2021-06-18 09:52:20,236.3,10221162
2021-06-18 09:52:21,236.3,10221212
2021-06-18 09:52:22,236.2,10229190
2021-06-18 09:52:23,236.25,10230654
2021-06-18 09:52:24,236.25,10230883
2021-06-18 09:52:25,236.25,10231065
2021-06-18 09:52:27,236.25,10231613
2021-06-18 09:52:27,236.25,10231623
2021-06-18 09:52:28,236.1,10232479
2021-06-18 09:52:29,236.2,10232591
2021-06-18 09:52:30,236.1,10234713
2021-06-18 09:52:31,236.2,10236363
2021-06-18 09:52:32,236.2,10237199
2021-06-18 09:52:33,236.15,10237203
2021-06-18 09:52:34,236.15,10237318
2021-06-18 09:52:35,236.1,10239329
2021-06-18 09:52:36,236.15,10239330
2021-06-18 09:52:37,236.1,10239331
2021-06-18 09:52:38,236.1,10239622
2021-06-18 09:52:39,236.15,10239722
2021-06-18 09:52:40,236.15,10239722
2021-06-18 09:52:41,236.15,10240595
2021-06-18 09:52:42,236.15,10241106
2021-06-18 09:52:43,236.1,10241206
2021-06-18 09:52:44,236.15,10243460
2021-06-18 09:52:45,236.05,10246565
2021-06-18 09:52:46,236.0,10247863
2021-06-18 09:52:47,236.1,10247909
2021-06-18 09:52:48,236.15,10248601
2021-06-18 09:52:50,236.1,10248690
2021-06-18 09:52:51,236.1,10249315
2021-06-18 09:52:52,236.0,10251765
2021-06-18 09:52:53,236.0,10252345
2021-06-18 09:52:55,236.2,10253746
2021-06-18 09:52:56,236.2,10254048
2021-06-18 09:52:57,236.15,10254809
2021-06-18 09:52:58,236.05,10255089
2021-06-18 09:52:59,236.05,10255199
2021-06-18 09:53:00,236.15,10255635
2021-06-18 09:53:02,236.15,10255635
2021-06-18 09:53:02,236.15,10255657
2021-06-18 09:53:03,236.15,10256232
2021-06-18 09:53:04,236.1,10256405
2021-06-18 09:53:05,236.15,10256408
2021-06-18 09:53:06,236.15,10257024
2021-06-18 09:53:07,236.15,10257148
2021-06-18 09:53:08,236.2,10257150
2021-06-18 09:53:09,236.2,10257416
2021-06-18 09:53:10,236.2,10257483
2021-06-18 09:53:11,236.15,10258508
2021-06-18 09:53:12,236.15,10259066
2021-06-18 09:53:13,236.25,10259266
2021-06-18 09:53:15,236.15,10260296
2021-06-18 09:53:16,236.2,10260384
2021-06-18 09:53:16,236.2,10260384
2021-06-18 09:53:17,236.2,10260645
2021-06-18 09:53:18,236.2,10260645
2021-06-18 09:53:19,236.15,10260716
2021-06-18 09:53:20,236.2,10262325
2021-06-18 09:53:21,236.2,10263276
2021-06-18 09:53:22,236.25,10263316
2021-06-18 09:53:23,236.25,10263668
2021-06-18 09:53:24,236.2,10263698
2021-06-18 09:53:25,236.25,10263708
2021-06-18 09:53:26,236.25,10263713
2021-06-18 09:53:27,236.3,10264251
2021-06-18 09:53:28,236.2,10264327
2021-06-18 09:53:29,236.2,10264358
2021-06-18 09:53:30,236.15,10266178
2021-06-18 09:53:31,236.2,10266316
2021-06-18 09:53:32,236.15,10266609
2021-06-18 09:53:33,236.2,10266652
2021-06-18 09:53:34,236.3,10271652
2021-06-18 09:53:35,236.2,10271661
2021-06-18 09:53:36,236.2,10271677
2021-06-18 09:53:37,236.15,10272323
2021-06-18 09:53:38,235.9,10355258
2021-06-18 09:53:39,235.9,10355348
2021-06-18 09:53:40,235.85,10355901
2021-06-18 09:53:41,235.95,10374113
2021-06-18 09:53:42,235.95,10375147
2021-06-18 09:53:43,235.9,10375664
2021-06-18 09:53:45,236.05,10376460
2021-06-18 09:53:46,235.95,10376845
2021-06-18 09:53:47,235.85,10377499
2021-06-18 09:53:47,235.8,10378786
2021-06-18 09:53:48,235.7,10379182
2021-06-18 09:53:49,235.85,10381425
2021-06-18 09:53:50,235.65,10383534
2021-06-18 09:53:51,235.8,10384693
2021-06-18 09:53:52,235.8,10384808
2021-06-18 09:53:54,235.8,10385570
2021-06-18 09:53:55,235.8,10387477
2021-06-18 09:53:56,235.9,10387589
2021-06-18 09:53:57,235.9,10387709
2021-06-18 09:53:58,235.8,10388484
2021-06-18 09:53:59,235.65,10388594
2021-06-18 09:54:00,235.75,10388713
2021-06-18 09:54:01,235.6,10389794
2021-06-18 09:54:02,235.75,10389984
2021-06-18 09:54:03,235.7,10390043
2021-06-18 09:54:04,235.8,10390383
2021-06-18 09:54:05,235.8,10391033
2021-06-18 09:54:06,235.65,10391310
2021-06-18 09:54:07,235.75,10391330
2021-06-18 09:54:08,235.75,10391883
2021-06-18 09:54:09,235.75,10393514
2021-06-18 09:54:11,235.8,10395392
2021-06-18 09:54:12,235.8,10395727
2021-06-18 09:54:13,235.75,10396601
2021-06-18 09:54:14,235.75,10397366
2021-06-18 09:54:15,235.8,10402161
2021-06-18 09:54:16,235.75,10402724
2021-06-18 09:54:17,235.75,10403031
2021-06-18 09:54:18,235.85,10403082
2021-06-18 09:54:19,235.9,10403137
2021-06-18 09:54:20,235.75,10403794
2021-06-18 09:54:22,235.95,10406670
2021-06-18 09:54:23,235.95,10406967
2021-06-18 09:54:24,235.8,10408158
2021-06-18 09:54:24,235.75,10408406
2021-06-18 09:54:25,235.7,10408411
2021-06-18 09:54:26,235.8,10408924
2021-06-18 09:54:27,235.8,10409774
2021-06-18 09:54:28,235.85,10410227
2021-06-18 09:54:29,235.8,10410844
2021-06-18 09:54:30,235.8,10410897
2021-06-18 09:54:31,235.8,10410897
2021-06-18 09:54:32,235.8,10410897
2021-06-18 09:54:33,235.8,10413255
2021-06-18 09:54:34,235.8,10413488
2021-06-18 09:54:35,235.8,10413746
2021-06-18 09:54:36,235.85,10413747
2021-06-18 09:54:37,235.85,10413965
2021-06-18 09:54:38,235.8,10414172
2021-06-18 09:54:39,235.8,10414194
2021-06-18 09:54:40,235.85,10414435
2021-06-18 09:54:41,235.85,10414435
2021-06-18 09:54:42,235.8,10414688
2021-06-18 09:54:43,235.85,10414728
2021-06-18 09:54:44,235.85,10414758
2021-06-18 09:54:45,235.75,10415364
2021-06-18 09:54:46,235.8,10415744
2021-06-18 09:54:47,235.85,10415817
2021-06-18 09:54:48,235.85,10416227
2021-06-18 09:54:49,235.9,10417470
2021-06-18 09:54:50,236.15,10425046
2021-06-18 09:54:51,236.05,10426152
2021-06-18 09:54:53,236.15,10426319
2021-06-18 09:54:54,236.15,10426319
2021-06-18 09:54:55,236.2,10426370
2021-06-18 09:54:56,236.1,10426475
2021-06-18 09:54:57,236.15,10428111
2021-06-18 09:54:58,236.0,10428236
2021-06-18 09:54:59,236.0,10428286
2021-06-18 09:55:00,236.1,10428566
2021-06-18 09:55:02,236.15,10433632
2021-06-18 09:55:02,236.15,10433632
2021-06-18 09:55:03,236.15,10433786
2021-06-18 09:55:04,236.0,10433813
2021-06-18 09:55:05,236.0,10435947
2021-06-18 09:55:06,236.0,10435947
2021-06-18 09:55:07,236.1,10436229
2021-06-18 09:55:08,236.1,10436229
2021-06-18 09:55:09,236.1,10436230
2021-06-18 09:55:10,236.15,10437765
2021-06-18 09:55:11,236.1,10437865
2021-06-18 09:55:14,236.05,10439099
2021-06-18 09:55:13,236.05,10439098
2021-06-18 09:55:15,235.9,10444169
2021-06-18 09:55:16,236.0,10445087
2021-06-18 09:55:17,235.95,10445222
2021-06-18 09:55:18,235.85,10445733
2021-06-18 09:55:19,235.95,10445998
2021-06-18 09:55:20,235.95,10446054
2021-06-18 09:55:21,236.05,10447561
2021-06-18 09:55:22,236.05,10448399
2021-06-18 09:55:23,235.95,10448605
2021-06-18 09:55:24,235.95,10448717
2021-06-18 09:55:27,236.0,10449492
2021-06-18 09:55:29,236.0,10449714
2021-06-18 09:55:28,236.0,10449713
2021-06-18 09:55:30,236.0,10450452
2021-06-18 09:55:31,236.0,10450575
2021-06-18 09:55:32,235.9,10450791
2021-06-18 09:55:33,236.0,10452079
2021-06-18 09:55:35,236.0,10452425
2021-06-18 09:55:36,236.0,10452434
2021-06-18 09:55:37,235.8,10453235
2021-06-18 09:55:37,235.95,10453634
2021-06-18 09:55:38,235.8,10453905
2021-06-18 09:55:39,235.8,10453936
2021-06-18 09:55:40,235.9,10453986
2021-06-18 09:55:41,235.95,10454032
2021-06-18 09:55:42,235.8,10454057
2021-06-18 09:55:43,235.8,10454257
2021-06-18 09:55:44,235.8,10455715
2021-06-18 09:55:45,235.8,10456907
2021-06-18 09:55:46,235.9,10457646
2021-06-18 09:55:47,235.9,10457656
2021-06-18 09:55:48,235.8,10458503
2021-06-18 09:55:49,235.75,10458803
2021-06-18 09:55:50,235.8,10459496
2021-06-18 09:55:52,235.75,10459692
2021-06-18 09:55:53,235.8,10459906
2021-06-18 09:55:54,235.75,10460225
2021-06-18 09:55:55,235.75,10460618
2021-06-18 09:55:55,235.8,10461709
2021-06-18 09:55:56,235.7,10466681
2021-06-18 09:55:58,235.7,10466987
2021-06-18 09:55:58,235.7,10467248
2021-06-18 09:55:59,235.65,10467715
2021-06-18 09:56:01,235.7,10471717
2021-06-18 09:56:02,235.65,10471817
2021-06-18 09:56:03,235.6,10478380
2021-06-18 09:56:04,235.6,10478417
2021-06-18 09:56:05,235.65,10482147
2021-06-18 09:56:06,235.55,10483694
2021-06-18 09:56:06,235.55,10485696
2021-06-18 09:56:07,235.55,10490201
2021-06-18 09:56:08,235.5,10490622
2021-06-18 09:56:09,235.3,10504351
2021-06-18 09:56:13,235.25,10508211
2021-06-18 09:56:14,235.4,10510561
2021-06-18 09:56:15,235.45,10511711
2021-06-18 09:56:16,235.45,10512496
2021-06-18 09:56:17,235.4,10513383
2021-06-18 09:56:18,235.25,10515653
2021-06-18 09:56:19,235.4,10516812
2021-06-18 09:56:20,235.4,10517182
2021-06-18 09:56:21,235.35,10517395
2021-06-18 09:56:22,235.3,10519394
2021-06-18 09:56:23,235.3,10519621
2021-06-18 09:56:24,235.2,10535699
2021-06-18 09:56:25,235.1,10651922
2021-06-18 09:56:26,235.1,10659101
2021-06-18 09:56:27,235.25,10659368
2021-06-18 09:56:28,235.15,10659918
2021-06-18 09:56:29,235.2,10660817
2021-06-18 09:56:31,235.1,10666691
2021-06-18 09:56:32,235.2,10666698
2021-06-18 09:56:32,235.2,10666729
2021-06-18 09:56:33,235.2,10671536
2021-06-18 09:56:36,235.15,10709758
2021-06-18 09:56:38,235.35,10711107
2021-06-18 09:56:38,235.3,10712210
2021-06-18 09:56:39,235.3,10713988
2021-06-18 09:56:40,235.25,10715210
2021-06-18 09:56:41,235.3,10716075
2021-06-18 09:56:43,235.2,10717121
2021-06-18 09:56:43,235.4,10719111
2021-06-18 09:56:44,235.35,10719761
2021-06-18 09:56:45,235.35,10720000
2021-06-18 09:56:46,235.35,10720867
2021-06-18 09:56:47,235.35,10722134
2021-06-18 09:56:48,235.45,10722597
2021-06-18 09:56:49,235.3,10726787
2021-06-18 09:56:50,235.45,10728718
2021-06-18 09:56:51,235.3,10729518
2021-06-18 09:56:52,235.5,10730339
2021-06-18 09:56:53,235.35,10730346
2021-06-18 09:56:55,235.5,10730678
2021-06-18 09:56:56,235.5,10730889
2021-06-18 09:56:57,235.5,10730941
2021-06-18 09:56:57,235.5,10731541
2021-06-18 09:56:59,235.45,10731896
2021-06-18 09:57:00,235.35,10732486
2021-06-18 09:57:00,235.35,10732556
2021-06-18 09:57:02,235.45,10735084
2021-06-18 09:57:03,235.3,10736426
2021-06-18 09:57:04,235.3,10736676
2021-06-18 09:57:05,235.3,10737033
2021-06-18 09:57:06,235.15,10738085
2021-06-18 09:57:07,235.3,10738097
2021-06-18 09:57:08,235.3,10738305
2021-06-18 09:57:09,235.2,10739573
2021-06-18 09:57:10,235.15,10744350
2021-06-18 09:57:11,235.2,10744911
2021-06-18 09:57:12,235.15,10745302
2021-06-18 09:57:13,235.15,10747402
2021-06-18 09:57:14,235.1,10747989
2021-06-18 09:57:15,235.1,10748465
2021-06-18 09:57:16,235.05,10752808
2021-06-18 09:57:17,235.0,10756226
2021-06-18 09:57:18,235.1,10756463
2021-06-18 09:57:19,235.0,10758876
2021-06-18 09:57:20,235.15,10759976
2021-06-18 09:57:21,235.1,10762720
2021-06-18 09:57:22,235.0,10764277
2021-06-18 09:57:22,235.1,10765140
2021-06-18 09:57:24,235.05,10765254
2021-06-18 09:57:24,235.0,10765545
2021-06-18 09:57:26,235.0,10766079
2021-06-18 09:57:27,235.0,10767391
2021-06-18 09:57:27,235.0,10768501
2021-06-18 09:57:29,235.05,10769124
2021-06-18 09:57:30,235.0,10769773
2021-06-18 09:57:31,235.05,10769997
2021-06-18 09:57:32,235.0,10772555
2021-06-18 09:57:35,234.75,10817690
2021-06-18 09:57:36,234.75,10819690
2021-06-18 09:57:38,234.7,10822396
2021-06-18 09:57:43,234.7,10836401
2021-06-18 09:57:44,234.7,10838080
2021-06-18 09:57:45,234.7,10843464
2021-06-18 09:57:46,234.65,10844429
2021-06-18 09:57:46,234.65,10844529
2021-06-18 09:57:47,234.65,10845430
2021-06-18 09:57:49,234.65,10850786
2021-06-18 09:57:50,234.65,10851595
2021-06-18 09:57:51,234.6,10854912
2021-06-18 09:57:52,234.5,10856294
2021-06-18 09:57:53,234.65,10856854
2021-06-18 09:57:54,234.65,10857216
2021-06-18 09:57:55,234.6,10857261
2021-06-18 09:57:56,234.5,10857913
2021-06-18 09:57:58,234.6,10858560
2021-06-18 09:57:59,234.6,10859055
2021-06-18 09:57:59,234.55,10859250
2021-06-18 09:58:00,234.6,10859850
2021-06-18 09:58:02,234.5,10864060
2021-06-18 09:58:03,234.6,10875650
2021-06-18 09:58:04,234.65,10876985
2021-06-18 09:58:05,234.55,10877679
2021-06-18 09:58:06,234.6,10878040
2021-06-18 09:58:07,234.6,10879321
2021-06-18 09:58:07,234.6,10879406
2021-06-18 09:58:10,234.6,10884151
2021-06-18 09:58:11,234.7,10885675
2021-06-18 09:58:12,234.55,10886280
2021-06-18 09:58:13,234.6,10886370
2021-06-18 09:58:14,234.55,10887932
2021-06-18 09:58:15,234.55,10895805
2021-06-18 09:58:16,234.55,10898254
2021-06-18 09:58:17,234.65,10904938
2021-06-18 09:58:18,234.5,10905903
2021-06-18 09:58:19,234.7,10906497
2021-06-18 09:58:20,234.5,10907671
2021-06-18 09:58:21,234.65,10908139
2021-06-18 09:58:22,234.7,10908289
2021-06-18 09:58:23,234.75,10910856
2021-06-18 09:58:23,234.95,10949343
2021-06-18 09:58:24,234.85,10961444
2021-06-18 09:58:26,235.0,10961664
2021-06-18 09:58:27,234.8,10965779
2021-06-18 09:58:28,235.0,10966097
2021-06-18 09:58:29,235.0,10969549
2021-06-18 09:58:30,235.0,10970113
2021-06-18 09:58:31,235.0,10971053
2021-06-18 09:58:32,235.0,10974027
2021-06-18 09:58:32,235.0,10974488
2021-06-18 09:58:34,235.1,10978584
2021-06-18 09:58:35,235.1,10979261
2021-06-18 09:58:36,235.2,10979774
2021-06-18 09:58:37,235.2,10980872
2021-06-18 09:58:38,235.25,10981222
2021-06-18 09:58:39,235.25,10983999
2021-06-18 09:58:40,235.05,10984000
2021-06-18 09:58:41,235.05,10984803
2021-06-18 09:58:42,235.2,10986153
2021-06-18 09:58:43,235.1,10990494
2021-06-18 09:58:44,234.9,11001467
2021-06-18 09:58:45,234.95,11001727
2021-06-18 09:58:46,234.75,11005376
2021-06-18 09:58:47,234.95,11005693
2021-06-18 09:58:48,234.95,11005707
2021-06-18 09:58:49,234.95,11006084
2021-06-18 09:58:50,234.9,11006380
2021-06-18 09:58:50,234.9,11006480
2021-06-18 09:58:51,234.9,11007051
2021-06-18 09:58:52,234.9,11007729
2021-06-18 09:58:53,234.95,11008380
2021-06-18 09:58:54,234.95,11008392
2021-06-18 09:58:55,234.95,11009053
2021-06-18 09:58:57,234.95,11009821
2021-06-18 09:58:58,234.95,11009826
2021-06-18 09:58:58,234.95,11011086
2021-06-18 09:58:59,235.2,11014636
2021-06-18 09:59:00,235.1,11015677
2021-06-18 09:59:01,235.05,11016267
2021-06-18 09:59:03,235.2,11017383
2021-06-18 09:59:04,235.15,11019175
2021-06-18 09:59:06,235.15,11019884
2021-06-18 09:59:06,235.2,11020001
2021-06-18 09:59:08,235.2,11020171
2021-06-18 09:59:09,235.2,11020497
2021-06-18 09:59:10,235.4,11029306
2021-06-18 09:59:11,235.3,11029428
2021-06-18 09:59:12,235.4,11031636
2021-06-18 09:59:13,235.35,11034124
2021-06-18 09:59:14,235.4,11037198
2021-06-18 09:59:15,235.5,11037479
2021-06-18 09:59:16,235.3,11044751
2021-06-18 09:59:17,235.4,11044762
2021-06-18 09:59:18,235.2,11045270
2021-06-18 09:59:19,235.3,11052311
2021-06-18 09:59:20,235.25,11052819
2021-06-18 09:59:21,235.15,11052830
2021-06-18 09:59:22,235.25,11053337
2021-06-18 09:59:23,235.2,11054187
2021-06-18 09:59:24,235.15,11054190
2021-06-18 09:59:25,235.05,11062941
2021-06-18 09:59:26,235.0,11062952
2021-06-18 09:59:27,235.05,11063343
2021-06-18 09:59:28,235.0,11064081
2021-06-18 09:59:29,235.05,11064712
2021-06-18 09:59:30,235.05,11064844
2021-06-18 09:59:31,234.95,11065069
2021-06-18 09:59:32,235.0,11065100
2021-06-18 09:59:33,235.0,11065646
2021-06-18 09:59:33,235.1,11065710
2021-06-18 09:59:34,235.1,11065711
2021-06-18 09:59:35,235.0,11067381
2021-06-18 09:59:36,235.0,11068981
2021-06-18 09:59:38,235.05,11069066
2021-06-18 09:59:38,235.05,11069066
2021-06-18 09:59:39,235.05,11069111
2021-06-18 09:59:42,235.0,11072424
2021-06-18 09:59:43,235.0,11073944
2021-06-18 09:59:44,235.0,11074075
2021-06-18 09:59:45,235.0,11074175
2021-06-18 09:59:46,234.95,11076501
2021-06-18 09:59:47,235.0,11076829
2021-06-18 09:59:48,235.0,11078180
2021-06-18 09:59:49,234.9,11079445
2021-06-18 09:59:50,235.0,11079757
2021-06-18 09:59:51,234.8,11080957
2021-06-18 09:59:52,234.8,11083788
2021-06-18 09:59:53,234.85,11085093
2021-06-18 09:59:54,234.85,11085250
2021-06-18 09:59:55,234.75,11085570
2021-06-18 09:59:57,234.75,11085824
2021-06-18 09:59:58,234.85,11085844
2021-06-18 09:59:59,234.85,11085850
2021-06-18 10:00:00,234.75,11097400
2021-06-18 10:00:00,234.75,11097438
2021-06-18 10:00:02,234.75,11098066
2021-06-18 10:00:02,234.7,11098508
2021-06-18 10:00:03,234.7,11099449
2021-06-18 10:00:04,234.55,11099689
2021-06-18 10:00:05,234.55,11102214
2021-06-18 10:00:07,234.7,11103228
2021-06-18 10:00:07,234.55,11102942
2021-06-18 10:00:09,234.7,11103230
2021-06-18 10:00:10,234.7,11103350
2021-06-18 10:00:11,234.65,11104060
2021-06-18 10:00:12,234.55,11105667
2021-06-18 10:00:13,234.55,11106946
2021-06-18 10:00:14,234.6,11117674
2021-06-18 10:00:15,234.5,11118504
2021-06-18 10:00:16,234.6,11120324
2021-06-18 10:00:17,234.6,11120397
2021-06-18 10:00:18,234.55,11120859
2021-06-18 10:00:19,234.55,11120859
2021-06-18 10:00:20,234.6,11121254
2021-06-18 10:00:21,234.6,11121608
2021-06-18 10:00:22,234.6,11124445
2021-06-18 10:00:23,234.5,11124935
2021-06-18 10:00:24,234.55,11125532
2021-06-18 10:00:25,234.5,11135170
2021-06-18 10:00:26,234.5,11137402
2021-06-18 10:00:27,234.5,11137855
2021-06-18 10:00:28,234.55,11139104
2021-06-18 10:00:29,234.55,11139612
2021-06-18 10:00:30,234.55,11140054
2021-06-18 10:00:31,234.4,11141438
2021-06-18 10:00:33,234.5,11143546
2021-06-18 10:00:34,234.5,11154327
2021-06-18 10:00:35,234.45,11154662
2021-06-18 10:00:36,234.45,11155101
2021-06-18 10:00:37,234.5,11156840
2021-06-18 10:00:38,234.5,11160953
2021-06-18 10:00:39,234.4,11161893
2021-06-18 10:00:40,234.5,11166176
2021-06-18 10:00:41,234.5,11166176
2021-06-18 10:00:42,234.5,11167601
2021-06-18 10:00:43,234.5,11169071
2021-06-18 10:00:44,234.55,11169138
2021-06-18 10:00:45,234.5,11169251
2021-06-18 10:00:46,234.7,11175919
2021-06-18 10:00:47,234.6,11177347
2021-06-18 10:00:49,234.55,11178009
2021-06-18 10:00:48,234.55,11178009
2021-06-18 10:00:50,234.55,11178144
2021-06-18 10:00:51,234.55,11178654
2021-06-18 10:00:52,234.6,11178876
2021-06-18 10:00:53,234.6,11179822
2021-06-18 10:00:54,234.7,11180139
2021-06-18 10:00:56,234.8,11183442
2021-06-18 10:00:57,234.8,11183562
2021-06-18 10:00:59,234.8,11183697
2021-06-18 10:00:58,234.8,11183697
2021-06-18 10:01:02,234.8,11184294
2021-06-18 10:01:01,234.8,11184294
2021-06-18 10:01:03,234.8,11185026
2021-06-18 10:01:05,234.8,11186518
2021-06-18 10:01:04,234.8,11186518
2021-06-18 10:01:06,234.7,11186783
2021-06-18 10:01:07,234.8,11187090
2021-06-18 10:01:08,234.8,11187211
2021-06-18 10:01:09,234.8,11187788
2021-06-18 10:01:10,234.8,11187814
2021-06-18 10:01:11,234.8,11187924
2021-06-18 10:01:12,234.8,11188130
2021-06-18 10:01:13,234.8,11188191
2021-06-18 10:01:14,234.8,11190158
2021-06-18 10:01:15,234.75,11191677
2021-06-18 10:01:16,234.7,11192270
2021-06-18 10:01:17,234.85,11193388
2021-06-18 10:01:18,234.9,11193933
2021-06-18 10:01:19,234.95,11194587
2021-06-18 10:01:20,234.95,11195146
2021-06-18 10:01:21,234.7,11199862
2021-06-18 10:01:22,234.7,11199988
2021-06-18 10:01:23,234.7,11199988
2021-06-18 10:01:24,234.7,11199998
2021-06-18 10:01:26,234.7,11200635
2021-06-18 10:01:27,234.7,11200727
2021-06-18 10:01:28,234.65,11200828
2021-06-18 10:01:29,234.7,11201034
2021-06-18 10:01:30,234.65,11201037
2021-06-18 10:01:31,234.75,11202164
2021-06-18 10:01:33,234.45,11221472
2021-06-18 10:01:34,234.5,11222607
2021-06-18 10:01:35,234.45,11222843
2021-06-18 10:01:36,234.5,11223349
2021-06-18 10:01:37,234.5,11223399
2021-06-18 10:01:38,234.35,11223909
2021-06-18 10:01:39,234.5,11224109
2021-06-18 10:01:40,234.4,11224935
2021-06-18 10:01:41,234.5,11225189
2021-06-18 10:01:42,234.4,11225612
2021-06-18 10:01:43,234.5,11225812
2021-06-18 10:01:44,234.5,11226372
2021-06-18 10:01:45,234.5,11226389
2021-06-18 10:01:46,234.5,11229189
2021-06-18 10:01:47,234.5,11229910
2021-06-18 10:01:48,234.45,11234476
2021-06-18 10:01:49,234.5,11235043
2021-06-18 10:01:50,234.5,11235646
2021-06-18 10:01:51,234.5,11235874
2021-06-18 10:01:52,234.55,11237234
2021-06-18 10:01:53,234.7,11238577
2021-06-18 10:01:54,234.55,11238819
2021-06-18 10:01:55,234.5,11240331
2021-06-18 10:01:56,234.55,11240341
2021-06-18 10:01:57,234.5,11244848
2021-06-18 10:01:58,234.5,11247340
2021-06-18 10:01:59,234.5,11247908
2021-06-18 10:02:00,234.5,11248378
2021-06-18 10:02:01,234.45,11249324
2021-06-18 10:02:02,234.6,11250080
2021-06-18 10:02:03,234.5,11252580
2021-06-18 10:02:04,234.6,11253882
2021-06-18 10:02:05,234.65,11254472
2021-06-18 10:02:06,234.65,11255500
2021-06-18 10:02:07,234.6,11255503
2021-06-18 10:02:08,234.65,11255504
2021-06-18 10:02:09,234.6,11255804
2021-06-18 10:02:10,234.65,11255828
2021-06-18 10:02:12,235.25,11281184
2021-06-18 10:02:13,235.05,11281792
2021-06-18 10:02:14,235.0,11281926
2021-06-18 10:02:15,235.1,11282581
2021-06-18 10:02:16,235.0,11284816
2021-06-18 10:02:18,235.1,11285667
2021-06-18 10:02:17,235.1,11285467
2021-06-18 10:02:19,235.1,11286502
2021-06-18 10:02:20,234.95,11289070
2021-06-18 10:02:21,234.95,11293784
2021-06-18 10:02:22,235.15,11298193
2021-06-18 10:02:23,234.95,11305843
2021-06-18 10:02:24,234.85,11306576
2021-06-18 10:02:25,234.95,11306959
2021-06-18 10:02:26,235.05,11311154
2021-06-18 10:02:27,235.05,11311264
2021-06-18 10:02:28,235.1,11311984
2021-06-18 10:02:29,235.0,11312094
2021-06-18 10:02:30,235.1,11317772
2021-06-18 10:02:31,235.1,11318108
2021-06-18 10:02:33,235.05,11318872
2021-06-18 10:02:33,235.05,11318872
2021-06-18 10:02:34,235.15,11318876
2021-06-18 10:02:35,235.25,11319025
2021-06-18 10:02:36,235.25,11319067
2021-06-18 10:02:37,235.2,11319998
2021-06-18 10:02:38,235.3,11322446
2021-06-18 10:02:40,235.5,11334725
2021-06-18 10:02:41,235.4,11336519
2021-06-18 10:02:42,235.5,11337739
2021-06-18 10:02:43,235.5,11338309
2021-06-18 10:02:44,235.55,11343711
2021-06-18 10:02:46,235.45,11346283
2021-06-18 10:02:45,235.5,11344241
2021-06-18 10:02:47,235.55,11346386
2021-06-18 10:02:48,235.5,11346941
2021-06-18 10:02:49,235.5,11348575
2021-06-18 10:02:50,235.55,11354705
2021-06-18 10:02:51,235.5,11354935
2021-06-18 10:02:53,235.5,11355150
2021-06-18 10:02:53,235.55,11355760
2021-06-18 10:02:54,235.55,11356010
2021-06-18 10:02:55,235.55,11356383
2021-06-18 10:02:56,235.5,11357255
2021-06-18 10:02:57,235.5,11357837
2021-06-18 10:02:58,235.55,11358094
2021-06-18 10:02:59,235.55,11363607
2021-06-18 10:03:00,235.5,11364848
2021-06-18 10:03:01,235.4,11364881
2021-06-18 10:03:02,235.55,11367312
2021-06-18 10:03:03,235.5,11368559
2021-06-18 10:03:04,235.5,11369248
2021-06-18 10:03:05,235.5,11370361
2021-06-18 10:03:06,235.5,11371173
2021-06-18 10:03:07,235.6,11371384
2021-06-18 10:03:08,235.5,11372611
2021-06-18 10:03:09,235.55,11372656
2021-06-18 10:03:10,235.5,11373838
2021-06-18 10:03:11,235.65,11374714
2021-06-18 10:03:12,235.7,11380006
2021-06-18 10:03:13,235.7,11380659
2021-06-18 10:03:14,235.7,11381012
2021-06-18 10:03:15,235.7,11386138
2021-06-18 10:03:16,235.85,11389665
2021-06-18 10:03:18,235.8,11397519
2021-06-18 10:03:19,235.8,11404762
2021-06-18 10:03:20,235.75,11405255
2021-06-18 10:03:21,235.75,11408438
2021-06-18 10:03:22,235.8,11409462
2021-06-18 10:03:23,235.75,11409644
2021-06-18 10:03:24,235.75,11410645
2021-06-18 10:03:25,235.8,11410675
2021-06-18 10:03:26,235.8,11412824
2021-06-18 10:03:27,235.7,11413105
2021-06-18 10:03:28,235.8,11416313
2021-06-18 10:03:29,235.85,11417677
2021-06-18 10:03:31,235.8,11418822
2021-06-18 10:03:31,235.7,11419046
2021-06-18 10:03:32,235.8,11419134
2021-06-18 10:03:33,235.7,11420062
2021-06-18 10:03:34,235.7,11420525
2021-06-18 10:03:35,235.5,11423530
2021-06-18 10:03:36,235.65,11424542
2021-06-18 10:03:37,235.65,11427156
2021-06-18 10:03:38,235.65,11427311
2021-06-18 10:03:39,235.55,11430590
2021-06-18 10:03:40,235.7,11435702
2021-06-18 10:03:41,235.65,11435751
2021-06-18 10:03:42,235.7,11439758
2021-06-18 10:03:44,235.6,11440296
2021-06-18 10:03:44,235.6,11440296
2021-06-18 10:03:45,235.7,11440861
2021-06-18 10:03:46,235.7,11441671
2021-06-18 10:03:47,235.8,11442236
2021-06-18 10:03:48,235.8,11443197
2021-06-18 10:03:49,235.8,11446472
2021-06-18 10:03:50,235.9,11450353
2021-06-18 10:03:51,235.75,11450649
2021-06-18 10:03:52,235.9,11452154
2021-06-18 10:03:53,235.7,11454154
2021-06-18 10:03:55,235.9,11455553
2021-06-18 10:03:56,235.85,11456736
2021-06-18 10:03:57,235.9,11456848
2021-06-18 10:03:58,235.9,11457040
2021-06-18 10:03:59,235.95,11457962
2021-06-18 10:04:00,235.95,11460404
2021-06-18 10:04:02,235.9,11465881
2021-06-18 10:04:02,236.0,11464681
2021-06-18 10:04:03,236.0,11466182
2021-06-18 10:04:04,235.9,11466747
2021-06-18 10:04:05,236.0,11468072
2021-06-18 10:04:06,236.1,11468377
2021-06-18 10:04:07,236.15,11470577
2021-06-18 10:04:08,236.15,11471272
2021-06-18 10:04:09,236.15,11473157
2021-06-18 10:04:11,236.1,11473975
2021-06-18 10:04:12,236.0,11474473
2021-06-18 10:04:13,236.0,11475436
2021-06-18 10:04:14,236.0,11477086
2021-06-18 10:04:15,235.85,11483373
2021-06-18 10:04:16,235.9,11484809
2021-06-18 10:04:17,235.95,11485408
2021-06-18 10:04:18,235.95,11486020
2021-06-18 10:04:19,235.95,11487020
2021-06-18 10:04:20,236.0,11489000
2021-06-18 10:04:21,236.0,11489361
2021-06-18 10:04:22,236.0,11489401
2021-06-18 10:04:23,235.9,11490958
2021-06-18 10:04:24,236.15,11495762
2021-06-18 10:04:25,235.9,11502972
2021-06-18 10:04:26,236.05,11502975
2021-06-18 10:04:27,235.95,11503240
2021-06-18 10:04:28,235.9,11504514
2021-06-18 10:04:30,236.05,11504764
2021-06-18 10:04:30,236.05,11505042
2021-06-18 10:04:31,236.05,11505143
2021-06-18 10:04:33,236.0,11505383
2021-06-18 10:04:34,236.0,11506409
2021-06-18 10:04:35,235.9,11506469
2021-06-18 10:04:36,236.0,11506520
2021-06-18 10:04:37,236.0,11506574
2021-06-18 10:04:39,235.95,11506945
2021-06-18 10:04:40,236.0,11507479
2021-06-18 10:04:40,235.75,11508706
2021-06-18 10:04:41,235.75,11508756
2021-06-18 10:04:42,235.85,11509611
2021-06-18 10:04:43,235.9,11517826
2021-06-18 10:04:44,235.85,11517939
2021-06-18 10:04:45,235.85,11517964
2021-06-18 10:04:46,235.8,11519515
2021-06-18 10:04:47,235.8,11519847
2021-06-18 10:04:48,235.7,11520569
2021-06-18 10:04:50,235.7,11522046
2021-06-18 10:04:51,235.7,11522172
2021-06-18 10:04:52,235.6,11522271
2021-06-18 10:04:53,235.6,11522990
2021-06-18 10:04:53,235.6,11522990
2021-06-18 10:04:54,235.5,11524550
2021-06-18 10:04:56,235.6,11524670
2021-06-18 10:04:57,235.6,11524674
2021-06-18 10:04:57,235.55,11524711
2021-06-18 10:04:58,235.55,11524951
2021-06-18 10:04:59,235.5,11533007
2021-06-18 10:05:00,235.6,11538638
2021-06-18 10:05:01,235.65,11538852
2021-06-18 10:05:02,235.7,11539152
2021-06-18 10:05:03,235.75,11539332
2021-06-18 10:05:04,235.7,11541149
2021-06-18 10:05:07,235.9,11544110
2021-06-18 10:05:07,235.8,11544112
2021-06-18 10:05:08,235.9,11544178
2021-06-18 10:05:09,236.0,11552178
2021-06-18 10:05:10,235.9,11552188
2021-06-18 10:05:11,235.9,11552315
2021-06-18 10:05:12,235.9,11552444
2021-06-18 10:05:13,235.9,11552809
2021-06-18 10:05:15,235.8,11553424
2021-06-18 10:05:15,235.9,11553820
2021-06-18 10:05:16,235.9,11554021
2021-06-18 10:05:19,235.8,11556596
2021-06-18 10:05:20,235.9,11556996
2021-06-18 10:05:21,235.85,11557001
2021-06-18 10:05:22,235.85,11557122
2021-06-18 10:05:23,235.85,11560052
2021-06-18 10:05:24,235.8,11560130
2021-06-18 10:05:25,235.8,11560834
2021-06-18 10:05:26,235.85,11566134
2021-06-18 10:05:27,235.85,11566139
2021-06-18 10:05:28,235.8,11567014
2021-06-18 10:05:29,235.8,11567476
2021-06-18 10:05:30,235.9,11568453
2021-06-18 10:05:31,235.65,11570878
2021-06-18 10:05:32,235.75,11571523
2021-06-18 10:05:33,235.7,11571844
2021-06-18 10:05:35,235.75,11573511
2021-06-18 10:05:35,235.6,11574317
2021-06-18 10:05:36,235.6,11574317
2021-06-18 10:05:37,235.7,11574672
2021-06-18 10:05:39,235.75,11574677
2021-06-18 10:05:40,235.65,11575279
2021-06-18 10:05:40,235.65,11575279
2021-06-18 10:05:41,235.7,11575309
2021-06-18 10:05:42,235.75,11575398
2021-06-18 10:05:43,235.8,11577419
2021-06-18 10:05:44,235.8,11577439
2021-06-18 10:05:45,235.85,11578649
2021-06-18 10:05:46,235.85,11578656
2021-06-18 10:05:48,235.8,11578682
2021-06-18 10:05:49,235.9,11581946
2021-06-18 10:05:50,235.75,11582496
2021-06-18 10:05:50,235.85,11582704
2021-06-18 10:05:51,235.8,11583004
2021-06-18 10:05:52,235.8,11583039
2021-06-18 10:05:53,235.8,11583315
2021-06-18 10:05:57,235.8,11583925
2021-06-18 10:05:58,235.9,11584856
2021-06-18 10:05:58,235.9,11584856
2021-06-18 10:05:59,235.75,11585231
2021-06-18 10:06:00,235.75,11585231
2021-06-18 10:06:01,235.85,11585351
2021-06-18 10:06:02,235.9,11585747
2021-06-18 10:06:03,235.85,11586013
2021-06-18 10:06:04,235.9,11587538
2021-06-18 10:06:05,235.75,11587596
2021-06-18 10:06:06,235.9,11587606
2021-06-18 10:06:07,235.9,11587712
2021-06-18 10:06:08,235.95,11587848
2021-06-18 10:06:09,235.85,11587960
2021-06-18 10:06:10,235.8,11588035
2021-06-18 10:06:11,235.85,11588548
2021-06-18 10:06:13,235.85,11588702
2021-06-18 10:06:14,235.85,11588767
2021-06-18 10:06:15,235.85,11588767
2021-06-18 10:06:15,235.85,11588887
2021-06-18 10:06:16,235.75,11592845
2021-06-18 10:06:17,235.8,11593295
2021-06-18 10:06:18,235.75,11593749
2021-06-18 10:06:19,235.75,11594810
2021-06-18 10:06:20,235.7,11594812
2021-06-18 10:06:22,235.75,11594858
2021-06-18 10:06:23,235.75,11595237
2021-06-18 10:06:24,235.75,11595332
2021-06-18 10:06:24,235.75,11595332
2021-06-18 10:06:25,235.75,11595580
2021-06-18 10:06:26,235.65,11597430
2021-06-18 10:06:27,235.65,11597526
2021-06-18 10:06:28,235.75,11597528
2021-06-18 10:06:30,235.65,11597826
2021-06-18 10:06:31,235.7,11597836
2021-06-18 10:06:32,235.7,11597854
2021-06-18 10:06:32,235.7,11597863
2021-06-18 10:06:33,235.7,11597883
2021-06-18 10:06:34,235.7,11598428
2021-06-18 10:06:35,235.7,11598537
2021-06-18 10:06:36,235.75,11598792
2021-06-18 10:06:37,235.65,11598900
2021-06-18 10:06:38,235.7,11599074
2021-06-18 10:06:40,235.75,11599091
2021-06-18 10:06:41,235.8,11599311
2021-06-18 10:06:42,235.8,11599461
2021-06-18 10:06:43,235.8,11599461
2021-06-18 10:06:43,235.8,11599461
2021-06-18 10:06:44,235.85,11599462
2021-06-18 10:06:46,235.85,11599476
2021-06-18 10:06:47,235.85,11599476
2021-06-18 10:06:48,235.75,11600006
2021-06-18 10:06:49,235.85,11600206
2021-06-18 10:06:50,235.85,11600237
2021-06-18 10:06:51,235.85,11600750
2021-06-18 10:06:52,235.85,11600762
2021-06-18 10:06:53,235.85,11601384
2021-06-18 10:06:54,235.8,11601434
2021-06-18 10:06:55,235.8,11603063
2021-06-18 10:06:56,235.85,11603663
2021-06-18 10:06:58,235.85,11603849
2021-06-18 10:06:59,235.85,11604298
2021-06-18 10:07:00,235.85,11604639
2021-06-18 10:07:01,235.85,11604689
2021-06-18 10:07:02,235.9,11604815
2021-06-18 10:07:03,235.9,11604921
2021-06-18 10:07:03,235.9,11604924
2021-06-18 10:07:04,235.9,11604975
2021-06-18 10:07:05,235.9,11604979
2021-06-18 10:07:07,235.85,11606430
2021-06-18 10:07:08,235.9,11609665
2021-06-18 10:07:09,235.75,11612967
2021-06-18 10:07:09,235.75,11613014
2021-06-18 10:07:10,235.75,11613438
2021-06-18 10:07:11,235.75,11613596
2021-06-18 10:07:12,235.75,11614102
2021-06-18 10:07:13,235.75,11614152
2021-06-18 10:07:14,235.75,11614154
2021-06-18 10:07:16,235.75,11614246
2021-06-18 10:07:17,235.75,11614911
2021-06-18 10:07:18,235.75,11614919
2021-06-18 10:07:19,235.75,11615024
2021-06-18 10:07:20,235.75,11615032
2021-06-18 10:07:21,235.7,11615154
2021-06-18 10:07:22,235.75,11615711
2021-06-18 10:07:24,235.75,11615912
2021-06-18 10:07:25,235.75,11616022
2021-06-18 10:07:26,235.75,11616022
2021-06-18 10:07:27,235.75,11616525
2021-06-18 10:07:27,235.75,11617130
2021-06-18 10:07:28,235.75,11617172
2021-06-18 10:07:29,235.75,11617203
2021-06-18 10:07:30,235.7,11618522
2021-06-18 10:07:31,235.75,11619181
2021-06-18 10:07:32,235.75,11619230
2021-06-18 10:07:34,235.7,11619241
2021-06-18 10:07:35,235.7,11619333
2021-06-18 10:07:36,235.75,11620355
2021-06-18 10:07:37,235.75,11621592
2021-06-18 10:07:37,235.75,11621869
2021-06-18 10:07:38,235.75,11622470
2021-06-18 10:07:39,235.65,11622620
2021-06-18 10:07:40,235.7,11622672
2021-06-18 10:07:41,235.55,11624787
2021-06-18 10:07:42,235.6,11625055
2021-06-18 10:07:44,235.6,11625095
2021-06-18 10:07:45,235.5,11627114
2021-06-18 10:07:45,235.6,11627314
2021-06-18 10:07:46,235.6,11627443
2021-06-18 10:07:48,235.65,11627758
2021-06-18 10:07:49,235.7,11629897
2021-06-18 10:07:50,235.75,11631191
2021-06-18 10:07:51,235.75,11631191
2021-06-18 10:07:52,235.75,11631191
2021-06-18 10:07:53,235.75,11631552
2021-06-18 10:07:54,235.75,11631552
2021-06-18 10:07:55,235.8,11631553
2021-06-18 10:07:56,235.8,11631906
2021-06-18 10:07:57,235.8,11632217
2021-06-18 10:07:58,235.8,11633301
2021-06-18 10:07:58,235.8,11633301
2021-06-18 10:08:00,235.8,11633362
2021-06-18 10:08:01,235.8,11633362
2021-06-18 10:08:02,235.8,11633362
2021-06-18 10:08:03,235.6,11635527
2021-06-18 10:08:04,235.7,11635692
2021-06-18 10:08:04,235.75,11635607
2021-06-18 10:08:06,235.7,11635707
2021-06-18 10:08:07,235.7,11635707
2021-06-18 10:08:09,235.6,11636582
2021-06-18 10:08:10,235.6,11637469
2021-06-18 10:08:11,235.6,11637494
2021-06-18 10:08:12,235.6,11637637
2021-06-18 10:08:13,235.6,11637737
2021-06-18 10:08:15,235.7,11640526
2021-06-18 10:08:17,235.7,11640526
2021-06-18 10:08:17,235.7,11640776
2021-06-18 10:08:19,235.55,11640896
2021-06-18 10:08:20,235.55,11641301
2021-06-18 10:08:20,235.55,11641301
2021-06-18 10:08:21,235.65,11642332
2021-06-18 10:08:22,235.65,11642353
2021-06-18 10:08:23,235.65,11642373
2021-06-18 10:08:25,235.65,11642413
2021-06-18 10:08:25,235.65,11642413
2021-06-18 10:08:26,235.55,11642488
2021-06-18 10:08:28,235.6,11642542
2021-06-18 10:08:28,235.65,11642561
2021-06-18 10:08:29,235.65,11643587
2021-06-18 10:08:31,235.6,11643709
2021-06-18 10:08:32,235.6,11643739
2021-06-18 10:08:33,235.6,11643744
2021-06-18 10:08:34,235.6,11644094
2021-06-18 10:08:35,235.6,11644206
2021-06-18 10:08:37,235.5,11644836
2021-06-18 10:08:39,235.5,11645022
2021-06-18 10:08:40,235.5,11645322
2021-06-18 10:08:41,235.6,11645367
2021-06-18 10:08:43,235.6,11645467
2021-06-18 10:08:45,235.5,11645484
2021-06-18 10:08:46,235.5,11645627
2021-06-18 10:08:46,235.5,11645627
2021-06-18 10:08:48,235.55,11646003
2021-06-18 10:08:49,235.5,11646220
2021-06-18 10:08:50,235.45,11650261
2021-06-18 10:08:50,235.45,11650261
2021-06-18 10:08:52,235.3,11650626
2021-06-18 10:08:52,235.45,11650671
2021-06-18 10:08:53,235.35,11651707
2021-06-18 10:08:55,235.3,11652241
2021-06-18 10:08:56,235.3,11652295
2021-06-18 10:08:57,235.3,11652471
2021-06-18 10:08:58,235.3,11653016
2021-06-18 10:08:59,235.4,11653056
2021-06-18 10:09:00,235.25,11657620
2021-06-18 10:09:01,235.4,11657764
2021-06-18 10:09:02,235.35,11658153
2021-06-18 10:09:03,235.3,11658545
2021-06-18 10:09:04,235.3,11658836
2021-06-18 10:09:04,235.3,11658836
2021-06-18 10:09:06,235.3,11662068
2021-06-18 10:09:07,235.3,11662349
2021-06-18 10:09:08,235.3,11663878
2021-06-18 10:09:09,235.3,11664356
2021-06-18 10:09:10,235.25,11664598
2021-06-18 10:09:11,235.25,11665599
2021-06-18 10:09:12,235.25,11665624
2021-06-18 10:09:13,235.25,11665661
2021-06-18 10:09:14,235.2,11666011
2021-06-18 10:09:15,235.2,11666011
2021-06-18 10:09:16,235.25,11668365
2021-06-18 10:09:17,235.25,11668779
2021-06-18 10:09:17,235.3,11668791
2021-06-18 10:09:18,235.35,11668813
2021-06-18 10:09:19,235.25,11669443
2021-06-18 10:09:20,235.3,11670053
2021-06-18 10:09:21,235.35,11670349
2021-06-18 10:09:22,235.3,11670591
2021-06-18 10:09:23,235.35,11673791
2021-06-18 10:09:27,235.25,11673942
2021-06-18 10:09:28,235.25,11673962
2021-06-18 10:09:29,235.2,11673988
2021-06-18 10:09:30,235.25,11674788
2021-06-18 10:09:31,235.2,11676765
2021-06-18 10:09:32,235.25,11676872
2021-06-18 10:09:33,235.3,11677042
2021-06-18 10:09:34,235.25,11677543
2021-06-18 10:09:35,235.35,11678771
2021-06-18 10:09:36,235.4,11679709
2021-06-18 10:09:37,235.4,11681285
2021-06-18 10:09:38,235.4,11681311
2021-06-18 10:09:39,235.35,11681321
2021-06-18 10:09:40,235.4,11681474
2021-06-18 10:09:41,235.4,11681478
2021-06-18 10:09:42,235.45,11681510
2021-06-18 10:09:43,235.4,11681640
2021-06-18 10:09:43,235.45,11681641
2021-06-18 10:09:44,235.4,11681701
2021-06-18 10:09:45,235.4,11681701
2021-06-18 10:09:46,235.45,11681703
2021-06-18 10:09:47,235.45,11681871
2021-06-18 10:09:48,235.45,11681911
2021-06-18 10:09:49,235.45,11681920
2021-06-18 10:09:51,235.4,11682708
2021-06-18 10:09:52,235.5,11682797
2021-06-18 10:09:53,235.35,11683092
2021-06-18 10:09:54,235.4,11683665
2021-06-18 10:09:55,235.5,11683705
2021-06-18 10:09:56,235.35,11684474
2021-06-18 10:09:58,235.5,11684506
2021-06-18 10:09:57,235.5,11684504
2021-06-18 10:10:00,235.5,11685716
2021-06-18 10:09:59,235.45,11685565
2021-06-18 10:10:01,235.45,11685991
2021-06-18 10:10:02,235.45,11685991
2021-06-18 10:10:02,235.4,11686191
2021-06-18 10:10:03,235.45,11686202
2021-06-18 10:10:04,235.45,11686692
2021-06-18 10:10:05,235.4,11687182
2021-06-18 10:10:07,235.4,11687276
2021-06-18 10:10:08,235.2,11688002
2021-06-18 10:10:08,235.3,11688105
2021-06-18 10:10:10,235.3,11688231
2021-06-18 10:10:11,235.3,11688257
2021-06-18 10:10:12,235.3,11688901
2021-06-18 10:10:13,235.3,11688902
2021-06-18 10:10:14,235.3,11688947
2021-06-18 10:10:15,235.3,11688950
2021-06-18 10:10:16,235.25,11689369
2021-06-18 10:10:17,235.3,11690531
2021-06-18 10:10:18,235.3,11690671
2021-06-18 10:10:19,235.3,11690778
2021-06-18 10:10:20,235.3,11692129
2021-06-18 10:10:21,235.3,11692155
2021-06-18 10:10:22,235.3,11692270
2021-06-18 10:10:23,235.25,11692326
2021-06-18 10:10:23,235.25,11692492
2021-06-18 10:10:27,235.25,11693040
2021-06-18 10:10:28,235.25,11693040
2021-06-18 10:10:29,235.15,11696730
2021-06-18 10:10:30,235.2,11696732
2021-06-18 10:10:31,235.05,11701498
2021-06-18 10:10:32,235.1,11701584
2021-06-18 10:10:33,235.15,11702334
2021-06-18 10:10:34,235.0,11702514
2021-06-18 10:10:35,235.05,11704515
2021-06-18 10:10:36,235.0,11705530
2021-06-18 10:10:37,235.0,11705851
2021-06-18 10:10:39,235.1,11708178
2021-06-18 10:10:40,235.05,11709706
2021-06-18 10:10:41,235.05,11709814
2021-06-18 10:10:41,235.05,11709819
2021-06-18 10:10:43,235.05,11710142
2021-06-18 10:10:44,235.0,11710200
2021-06-18 10:10:44,235.05,11710201
2021-06-18 10:10:45,235.05,11710733
2021-06-18 10:10:46,235.05,11710833
2021-06-18 10:10:48,235.05,11711433
2021-06-18 10:10:49,235.05,11712085
2021-06-18 10:10:50,235.0,11713989
2021-06-18 10:10:51,235.05,11716255
2021-06-18 10:10:52,235.0,11716655
2021-06-18 10:10:53,235.05,11717021
2021-06-18 10:10:54,235.0,11717046
2021-06-18 10:10:55,235.0,11717046
2021-06-18 10:10:56,235.05,11717306
2021-06-18 10:10:57,235.05,11717335
2021-06-18 10:10:58,235.05,11717396
2021-06-18 10:10:59,235.3,11720040
2021-06-18 10:11:00,235.2,11720130
2021-06-18 10:11:01,235.15,11720632
2021-06-18 10:11:02,235.3,11720710
2021-06-18 10:11:03,235.15,11720800
2021-06-18 10:11:04,235.15,11721451
2021-06-18 10:11:05,235.15,11721478
2021-06-18 10:11:06,235.2,11722067
2021-06-18 10:11:07,235.2,11722067
2021-06-18 10:11:08,235.2,11722068
2021-06-18 10:11:09,235.15,11722074
2021-06-18 10:11:10,235.15,11722124
2021-06-18 10:11:11,235.15,11722424
2021-06-18 10:11:12,235.15,11722526
2021-06-18 10:11:13,235.2,11722576
2021-06-18 10:11:14,235.2,11722920
2021-06-18 10:11:15,235.25,11722973
2021-06-18 10:11:16,235.2,11723124
2021-06-18 10:11:17,235.2,11723594
2021-06-18 10:11:18,235.25,11724644
2021-06-18 10:11:19,235.25,11724645
2021-06-18 10:11:20,235.2,11724822
2021-06-18 10:11:23,235.2,11725548
2021-06-18 10:11:22,235.2,11725314
2021-06-18 10:11:24,235.2,11725889
2021-06-18 10:11:25,235.25,11725892
2021-06-18 10:11:26,235.25,11726421
2021-06-18 10:11:27,235.15,11727127
2021-06-18 10:11:29,235.25,11727133
2021-06-18 10:11:28,235.15,11727127
2021-06-18 10:11:30,235.15,11727740
2021-06-18 10:11:31,235.2,11727761
2021-06-18 10:11:32,235.25,11727770
2021-06-18 10:11:33,235.25,11727790
2021-06-18 10:11:34,235.15,11727966
2021-06-18 10:11:35,235.25,11729100
2021-06-18 10:11:36,235.25,11729351
2021-06-18 10:11:37,235.3,11729352
2021-06-18 10:11:38,235.3,11729355
