timestamp,ltp,volume
2021-06-18 09:16:24,2222.25,170084
2021-06-18 09:16:33,2222.25,173167
2021-06-18 09:16:34,2222.65,173385
2021-06-18 09:16:35,2222.65,174003
2021-06-18 09:16:36,2222.85,174159
2021-06-18 09:16:38,2222.3,174874
2021-06-18 09:16:39,2222.4,175539
2021-06-18 09:16:40,2223.3,176431
2021-06-18 09:16:41,2222.8,177085
2021-06-18 09:16:42,2222.8,177085
2021-06-18 09:16:43,2222.75,177861
2021-06-18 09:16:44,2222.65,178146
2021-06-18 09:16:45,2222.65,178227
2021-06-18 09:16:46,2222.75,178682
2021-06-18 09:16:47,2222.75,178967
2021-06-18 09:16:48,2222.4,179810
2021-06-18 09:16:49,2222.8,180035
2021-06-18 09:16:50,2223.5,180585
2021-06-18 09:16:51,2222.75,180595
2021-06-18 09:16:52,2223.5,180732
2021-06-18 09:16:53,2223.85,182460
2021-06-18 09:16:54,2224.25,183130
2021-06-18 09:16:55,2224.1,183295
2021-06-18 09:16:56,2223.45,183337
2021-06-18 09:16:57,2223.25,183396
2021-06-18 09:16:58,2223.45,183539
2021-06-18 09:16:59,2222.9,183785
2021-06-18 09:17:00,2223.45,184500
2021-06-18 09:17:01,2223.45,185680
2021-06-18 09:17:02,2223.45,185680
2021-06-18 09:17:03,2223.3,185973
2021-06-18 09:17:04,2223.3,186069
2021-06-18 09:17:05,2223.45,186359
2021-06-18 09:17:06,2223.45,186385
2021-06-18 09:17:08,2224.3,190023
2021-06-18 09:17:09,2224.3,190358
2021-06-18 09:17:10,2224.85,195138
2021-06-18 09:17:11,2225.0,195764
2021-06-18 09:17:12,2224.85,195845
2021-06-18 09:17:13,2225.45,197274
2021-06-18 09:17:14,2225.4,199270
2021-06-18 09:17:15,2226.75,199956
2021-06-18 09:17:16,2226.05,200104
2021-06-18 09:17:17,2226.85,200350
2021-06-18 09:17:18,2227.0,201057
2021-06-18 09:17:19,2227.65,201699
2021-06-18 09:17:20,2227.55,201905
2021-06-18 09:17:21,2227.7,202552
2021-06-18 09:17:22,2227.0,203010
2021-06-18 09:17:23,2227.6,203126
2021-06-18 09:17:24,2227.1,203307
2021-06-18 09:17:25,2227.7,203689
2021-06-18 09:17:26,2226.0,205789
2021-06-18 09:17:27,2226.7,209745
2021-06-18 09:17:28,2226.35,209897
2021-06-18 09:17:29,2226.35,210017
2021-06-18 09:17:30,2225.7,210400
2021-06-18 09:17:31,2225.45,210783
2021-06-18 09:17:32,2225.5,212442
2021-06-18 09:17:33,2225.65,212779
2021-06-18 09:17:35,2225.5,212978
2021-06-18 09:17:34,2225.5,212898
2021-06-18 09:17:36,2225.65,213717
2021-06-18 09:17:37,2225.45,214367
2021-06-18 09:17:38,2224.35,215439
2021-06-18 09:17:39,2224.3,215899
2021-06-18 09:17:40,2223.3,216909
2021-06-18 09:17:41,2223.45,217111
2021-06-18 09:17:42,2224.05,217474
2021-06-18 09:17:43,2223.35,217658
2021-06-18 09:17:44,2223.7,218004
2021-06-18 09:17:45,2223.35,218679
2021-06-18 09:17:46,2224.85,218937
2021-06-18 09:17:47,2224.85,218956
2021-06-18 09:17:48,2224.55,219625
2021-06-18 09:17:49,2224.35,219851
2021-06-18 09:17:50,2224.0,219901
2021-06-18 09:17:51,2223.6,220059
2021-06-18 09:17:52,2223.9,220100
2021-06-18 09:17:53,2224.0,220328
2021-06-18 09:17:54,2224.8,220433
2021-06-18 09:17:55,2225.0,220613
2021-06-18 09:17:56,2225.5,220812
2021-06-18 09:17:57,2225.4,220977
2021-06-18 09:17:58,2225.45,221096
2021-06-18 09:17:59,2225.25,221381
2021-06-18 09:18:00,2225.4,221458
2021-06-18 09:18:02,2225.15,221719
2021-06-18 09:18:03,2225.6,222230
2021-06-18 09:18:03,2225.65,222260
2021-06-18 09:18:04,2225.7,222311
2021-06-18 09:18:05,2225.2,223054
2021-06-18 09:18:06,2225.4,223779
2021-06-18 09:18:07,2225.6,224315
2021-06-18 09:18:08,2225.5,224624
2021-06-18 09:18:09,2225.0,225020
2021-06-18 09:18:10,2224.35,228774
2021-06-18 09:18:11,2224.3,229517
2021-06-18 09:18:12,2224.35,230037
2021-06-18 09:18:13,2224.35,230488
2021-06-18 09:18:14,2224.6,231027
2021-06-18 09:18:15,2223.95,232607
2021-06-18 09:18:16,2223.95,234781
2021-06-18 09:18:17,2223.9,235779
2021-06-18 09:18:18,2223.0,237172
2021-06-18 09:18:19,2223.6,237375
2021-06-18 09:18:21,2223.3,238752
2021-06-18 09:18:23,2223.0,238909
2021-06-18 09:18:24,2222.8,239692
2021-06-18 09:18:25,2222.9,246237
2021-06-18 09:18:26,2223.3,246726
2021-06-18 09:18:26,2222.9,246851
2021-06-18 09:18:27,2222.9,247024
2021-06-18 09:18:28,2222.9,247630
2021-06-18 09:18:29,2222.45,247798
2021-06-18 09:18:30,2222.9,247973
2021-06-18 09:18:31,2222.5,248410
2021-06-18 09:18:32,2222.5,248669
2021-06-18 09:18:34,2222.9,248927
2021-06-18 09:18:35,2222.9,249044
2021-06-18 09:18:36,2222.9,249298
2021-06-18 09:18:37,2222.45,249460
2021-06-18 09:18:38,2222.45,256464
2021-06-18 09:18:39,2222.4,256650
2021-06-18 09:18:40,2222.15,256670
2021-06-18 09:18:41,2222.1,256736
2021-06-18 09:18:42,2222.1,257198
2021-06-18 09:18:44,2221.85,257487
2021-06-18 09:18:45,2221.85,257942
2021-06-18 09:18:46,2222.0,257951
2021-06-18 09:18:47,2222.0,258776
2021-06-18 09:18:48,2222.0,259192
2021-06-18 09:18:49,2221.95,263332
2021-06-18 09:18:50,2221.8,263576
2021-06-18 09:18:51,2221.8,263874
2021-06-18 09:18:53,2221.8,264123
2021-06-18 09:18:54,2221.95,264903
2021-06-18 09:18:55,2221.9,265263
2021-06-18 09:18:56,2221.9,265369
2021-06-18 09:18:57,2221.8,265553
2021-06-18 09:18:58,2221.9,265590
2021-06-18 09:18:59,2221.9,266092
2021-06-18 09:18:59,2221.8,266109
2021-06-18 09:19:00,2221.8,266111
2021-06-18 09:19:01,2221.8,266258
2021-06-18 09:19:02,2221.9,266270
2021-06-18 09:19:04,2221.9,266603
2021-06-18 09:19:05,2221.9,266815
2021-06-18 09:19:06,2221.8,266835
2021-06-18 09:19:08,2221.9,267040
2021-06-18 09:19:08,2221.8,267065
2021-06-18 09:19:09,2221.9,267367
2021-06-18 09:19:10,2221.8,267378
2021-06-18 09:19:11,2221.8,267791
2021-06-18 09:19:12,2221.8,267796
2021-06-18 09:19:13,2221.8,268126
2021-06-18 09:19:14,2221.8,268283
2021-06-18 09:19:15,2221.85,268303
2021-06-18 09:19:16,2221.85,268323
2021-06-18 09:19:17,2221.85,268490
2021-06-18 09:19:18,2221.8,268676
2021-06-18 09:19:19,2221.8,268731
2021-06-18 09:19:20,2221.8,268749
2021-06-18 09:19:21,2221.85,268772
2021-06-18 09:19:22,2221.85,269084
2021-06-18 09:19:24,2221.8,269621
2021-06-18 09:19:25,2221.85,270192
2021-06-18 09:19:26,2221.8,270303
2021-06-18 09:19:28,2221.3,271688
2021-06-18 09:19:29,2221.85,273670
2021-06-18 09:19:31,2221.85,274133
2021-06-18 09:19:32,2221.85,274699
2021-06-18 09:19:33,2221.9,274810
2021-06-18 09:19:34,2221.85,275416
2021-06-18 09:19:34,2221.85,275416
2021-06-18 09:19:35,2221.85,275453
2021-06-18 09:19:36,2221.95,275471
2021-06-18 09:19:37,2221.85,275481
2021-06-18 09:19:38,2221.95,275654
2021-06-18 09:19:39,2221.9,275759
2021-06-18 09:19:40,2221.95,276145
2021-06-18 09:19:41,2221.9,276351
2021-06-18 09:19:42,2221.9,276382
2021-06-18 09:19:43,2221.95,276387
2021-06-18 09:19:44,2221.9,276470
2021-06-18 09:19:45,2221.95,276518
2021-06-18 09:19:46,2221.95,276724
2021-06-18 09:19:47,2221.95,276826
2021-06-18 09:19:48,2221.95,276921
2021-06-18 09:19:50,2222.0,277508
2021-06-18 09:19:50,2222.0,277508
2021-06-18 09:19:51,2221.9,277818
2021-06-18 09:19:52,2221.95,277951
2021-06-18 09:19:53,2221.95,277990
2021-06-18 09:19:54,2221.9,278366
2021-06-18 09:19:56,2221.95,278389
2021-06-18 09:19:57,2221.9,278421
2021-06-18 09:19:58,2221.9,279013
2021-06-18 09:19:59,2222.0,279027
2021-06-18 09:20:00,2221.9,279568
2021-06-18 09:20:01,2221.95,279765
2021-06-18 09:20:02,2221.9,280966
2021-06-18 09:20:03,2221.35,281523
2021-06-18 09:20:04,2221.3,281731
2021-06-18 09:20:05,2221.35,282326
2021-06-18 09:20:06,2221.35,282669
2021-06-18 09:20:07,2221.35,283216
2021-06-18 09:20:08,2220.8,285353
2021-06-18 09:20:09,2219.8,292532
2021-06-18 09:20:10,2219.3,295513
2021-06-18 09:20:11,2218.95,295663
2021-06-18 09:20:13,2219.35,298437
2021-06-18 09:20:14,2219.25,298707
2021-06-18 09:20:15,2219.25,299101
2021-06-18 09:20:15,2219.25,299101
2021-06-18 09:20:16,2219.25,299279
2021-06-18 09:20:17,2219.3,299436
2021-06-18 09:20:18,2219.75,299497
2021-06-18 09:20:19,2219.75,299625
2021-06-18 09:20:20,2219.75,299687
2021-06-18 09:20:21,2219.3,299884
2021-06-18 09:20:22,2219.3,300053
2021-06-18 09:20:23,2219.75,300196
2021-06-18 09:20:25,2219.75,300246
2021-06-18 09:20:26,2219.0,300503
2021-06-18 09:20:27,2219.75,300707
2021-06-18 09:20:28,2219.2,300754
2021-06-18 09:20:29,2219.0,301254
2021-06-18 09:20:30,2219.2,301472
2021-06-18 09:20:31,2219.2,301536
2021-06-18 09:20:32,2219.2,301671
2021-06-18 09:20:32,2219.2,301676
2021-06-18 09:20:34,2219.0,302027
2021-06-18 09:20:35,2219.0,302081
2021-06-18 09:20:36,2219.2,302811
2021-06-18 09:20:37,2219.2,302816
2021-06-18 09:20:38,2219.2,302869
2021-06-18 09:20:39,2219.45,303178
2021-06-18 09:20:40,2219.2,303365
2021-06-18 09:20:41,2219.45,303487
2021-06-18 09:20:42,2219.2,303725
2021-06-18 09:20:43,2218.95,306133
2021-06-18 09:20:44,2219.05,306699
2021-06-18 09:20:45,2219.0,307088
2021-06-18 09:20:46,2218.1,307234
2021-06-18 09:20:47,2218.7,307683
2021-06-18 09:20:48,2218.15,307716
2021-06-18 09:20:49,2218.1,308409
2021-06-18 09:20:50,2218.15,308656
2021-06-18 09:20:52,2218.15,309533
2021-06-18 09:20:53,2217.55,309715
2021-06-18 09:20:54,2217.55,310444
2021-06-18 09:20:55,2217.55,311528
2021-06-18 09:20:56,2217.7,311615
2021-06-18 09:20:57,2217.15,311790
2021-06-18 09:20:58,2217.0,314441
2021-06-18 09:20:59,2217.25,315995
2021-06-18 09:21:00,2217.25,318478
2021-06-18 09:21:00,2217.25,318478
2021-06-18 09:21:01,2215.8,320902
2021-06-18 09:21:02,2215.85,321136
2021-06-18 09:21:03,2216.0,323238
2021-06-18 09:21:04,2216.1,324451
2021-06-18 09:21:05,2215.75,324868
2021-06-18 09:21:06,2216.1,325349
2021-06-18 09:21:07,2216.1,326150
2021-06-18 09:21:09,2215.75,326775
2021-06-18 09:21:10,2215.75,327261
2021-06-18 09:21:10,2215.1,327250
2021-06-18 09:21:11,2215.15,328550
2021-06-18 09:21:12,2215.75,329972
2021-06-18 09:21:13,2215.35,330796
2021-06-18 09:21:14,2215.75,331082
2021-06-18 09:21:16,2215.4,332082
2021-06-18 09:21:17,2215.45,333823
2021-06-18 09:21:18,2215.05,333953
2021-06-18 09:21:19,2215.4,337645
2021-06-18 09:21:20,2216.7,341690
2021-06-18 09:21:21,2215.9,342600
2021-06-18 09:21:22,2216.75,342724
2021-06-18 09:21:23,2216.7,343372
2021-06-18 09:21:25,2215.7,344236
2021-06-18 09:21:26,2215.75,344580
2021-06-18 09:21:27,2216.0,346339
2021-06-18 09:21:27,2216.0,346410
2021-06-18 09:21:28,2216.0,347656
2021-06-18 09:21:29,2216.5,348022
2021-06-18 09:21:30,2216.35,349140
2021-06-18 09:21:31,2216.0,349670
2021-06-18 09:21:32,2216.35,350298
2021-06-18 09:21:33,2216.35,350383
2021-06-18 09:21:34,2216.35,351753
2021-06-18 09:21:35,2216.7,352035
2021-06-18 09:21:36,2216.6,356222
2021-06-18 09:21:37,2216.1,357860
2021-06-18 09:21:39,2216.65,358819
2021-06-18 09:21:40,2217.05,359811
2021-06-18 09:21:41,2217.35,360109
2021-06-18 09:21:42,2216.7,360559
2021-06-18 09:21:42,2216.7,360559
2021-06-18 09:21:43,2217.05,360797
2021-06-18 09:21:44,2216.8,361555
2021-06-18 09:21:45,2217.0,361647
2021-06-18 09:21:46,2216.95,361894
2021-06-18 09:21:47,2216.85,361899
2021-06-18 09:21:48,2216.85,362176
2021-06-18 09:21:49,2216.85,362455
2021-06-18 09:21:50,2215.5,363627
2021-06-18 09:21:51,2215.2,366369
2021-06-18 09:21:52,2216.05,366507
2021-06-18 09:21:53,2216.05,366820
2021-06-18 09:21:55,2215.1,367004
2021-06-18 09:21:56,2215.25,367038
2021-06-18 09:21:57,2212.6,373651
2021-06-18 09:21:58,2212.3,373828
2021-06-18 09:21:58,2212.15,373851
2021-06-18 09:21:59,2212.7,374921
2021-06-18 09:22:00,2212.5,377745
2021-06-18 09:22:02,2212.5,378349
2021-06-18 09:22:03,2212.3,379436
2021-06-18 09:22:05,2213.15,380954
2021-06-18 09:22:06,2213.05,381198
2021-06-18 09:22:07,2214.55,382055
2021-06-18 09:22:08,2214.5,382131
2021-06-18 09:22:09,2214.5,382723
2021-06-18 09:22:10,2214.5,383126
2021-06-18 09:22:10,2213.9,383136
2021-06-18 09:22:11,2214.5,383724
2021-06-18 09:22:12,2213.6,384379
2021-06-18 09:22:13,2213.2,387266
2021-06-18 09:22:15,2213.45,387396
2021-06-18 09:22:16,2212.0,388060
2021-06-18 09:22:17,2212.75,388237
2021-06-18 09:22:18,2212.7,388977
2021-06-18 09:22:19,2212.3,389344
2021-06-18 09:22:20,2214.1,390557
2021-06-18 09:22:21,2213.25,390885
2021-06-18 09:22:22,2213.25,391177
2021-06-18 09:22:22,2213.3,391145
2021-06-18 09:22:23,2214.2,391250
2021-06-18 09:22:25,2214.25,391355
2021-06-18 09:22:26,2213.0,392105
2021-06-18 09:22:27,2213.05,393360
2021-06-18 09:22:28,2214.05,394030
2021-06-18 09:22:28,2214.05,394030
2021-06-18 09:22:29,2213.85,394401
2021-06-18 09:22:31,2213.2,395130
2021-06-18 09:22:32,2213.95,395355
2021-06-18 09:22:33,2214.0,395717
2021-06-18 09:22:34,2213.55,395966
2021-06-18 09:22:35,2214.0,396257
2021-06-18 09:22:35,2214.0,396257
2021-06-18 09:22:36,2214.25,396497
2021-06-18 09:22:37,2214.2,396801
2021-06-18 09:22:39,2214.0,396885
2021-06-18 09:22:40,2214.0,396906
2021-06-18 09:22:41,2214.25,397067
2021-06-18 09:22:42,2214.5,397810
2021-06-18 09:22:43,2214.95,398850
2021-06-18 09:22:44,2214.95,399192
2021-06-18 09:22:44,2215.0,399187
2021-06-18 09:22:45,2216.2,400717
2021-06-18 09:22:46,2216.0,401141
2021-06-18 09:22:47,2215.05,401201
2021-06-18 09:22:49,2215.3,401241
2021-06-18 09:22:50,2215.65,401520
2021-06-18 09:22:50,2215.3,401553
2021-06-18 09:22:51,2215.05,401818
2021-06-18 09:22:53,2215.6,401889
2021-06-18 09:22:54,2214.95,402192
2021-06-18 09:22:55,2215.0,402305
2021-06-18 09:22:56,2215.3,402472
2021-06-18 09:22:57,2215.1,402527
2021-06-18 09:22:58,2215.1,402536
2021-06-18 09:22:59,2215.15,402596
2021-06-18 09:23:00,2215.05,404550
2021-06-18 09:23:01,2216.45,405632
2021-06-18 09:23:02,2216.2,405808
2021-06-18 09:23:04,2216.35,406135
2021-06-18 09:23:05,2216.0,406221
2021-06-18 09:23:06,2216.35,406358
2021-06-18 09:23:07,2216.35,406461
2021-06-18 09:23:08,2216.2,406612
2021-06-18 09:23:09,2216.0,406625
2021-06-18 09:23:09,2216.2,406628
2021-06-18 09:23:10,2216.2,406646
2021-06-18 09:23:11,2216.0,406660
2021-06-18 09:23:13,2216.0,407341
2021-06-18 09:23:14,2216.2,407753
2021-06-18 09:23:15,2216.2,407913
2021-06-18 09:23:15,2216.2,407913
2021-06-18 09:23:17,2216.2,408566
2021-06-18 09:23:18,2216.0,408681
2021-06-18 09:23:19,2216.35,408941
2021-06-18 09:23:19,2216.4,408961
2021-06-18 09:23:20,2216.0,409405
2021-06-18 09:23:21,2216.2,409585
2021-06-18 09:23:22,2216.45,410792
2021-06-18 09:23:23,2216.5,410987
2021-06-18 09:23:24,2216.95,411403
2021-06-18 09:23:27,2217.0,412512
2021-06-18 09:23:28,2217.0,412538
2021-06-18 09:23:29,2216.95,412631
2021-06-18 09:23:30,2217.0,413013
2021-06-18 09:23:31,2217.0,413053
2021-06-18 09:23:32,2217.0,413326
2021-06-18 09:23:33,2217.1,413485
2021-06-18 09:23:33,2217.0,413567
2021-06-18 09:23:34,2217.0,413679
2021-06-18 09:23:35,2216.95,413776
2021-06-18 09:23:36,2217.1,414297
2021-06-18 09:23:37,2216.9,414362
2021-06-18 09:23:39,2217.0,415143
2021-06-18 09:23:40,2216.95,415343
2021-06-18 09:23:41,2217.45,415892
2021-06-18 09:23:42,2217.0,416194
2021-06-18 09:23:43,2217.0,416371
2021-06-18 09:23:44,2217.0,416385
2021-06-18 09:23:44,2217.4,416623
2021-06-18 09:23:45,2217.0,417713
2021-06-18 09:23:46,2217.4,417985
2021-06-18 09:23:47,2217.4,418191
2021-06-18 09:23:48,2216.8,419718
2021-06-18 09:23:49,2217.0,419912
2021-06-18 09:23:50,2215.65,421392
2021-06-18 09:23:51,2215.6,421603
2021-06-18 09:23:52,2215.75,422065
2021-06-18 09:23:53,2215.3,422594
2021-06-18 09:23:54,2215.4,422891
2021-06-18 09:23:55,2215.0,423057
2021-06-18 09:23:56,2215.4,423228
2021-06-18 09:23:57,2215.4,423353
2021-06-18 09:23:58,2215.4,423597
2021-06-18 09:23:59,2216.9,424305
2021-06-18 09:24:00,2216.75,424470
2021-06-18 09:24:01,2216.85,424538
2021-06-18 09:24:02,2216.85,424607
2021-06-18 09:24:03,2216.85,424608
2021-06-18 09:24:05,2216.85,424669
2021-06-18 09:24:07,2216.5,424997
2021-06-18 09:24:08,2216.5,426013
2021-06-18 09:24:09,2216.8,426481
2021-06-18 09:24:10,2217.3,426815
2021-06-18 09:24:11,2217.0,426964
2021-06-18 09:24:12,2217.25,427825
2021-06-18 09:24:13,2217.5,428595
2021-06-18 09:24:14,2217.8,428955
2021-06-18 09:24:15,2217.8,429155
2021-06-18 09:24:16,2217.8,429626
2021-06-18 09:24:17,2218.75,430441
2021-06-18 09:24:18,2218.7,431044
2021-06-18 09:24:19,2218.05,431510
2021-06-18 09:24:20,2218.8,432340
2021-06-18 09:24:21,2218.0,432392
2021-06-18 09:24:22,2218.6,432916
2021-06-18 09:24:23,2218.35,433654
2021-06-18 09:24:24,2218.2,433810
2021-06-18 09:24:25,2218.5,434734
2021-06-18 09:24:26,2218.5,434938
2021-06-18 09:24:27,2218.5,435213
2021-06-18 09:24:28,2218.5,435543
2021-06-18 09:24:28,2218.5,435543
2021-06-18 09:24:29,2218.65,436390
2021-06-18 09:24:30,2218.75,436527
2021-06-18 09:24:31,2219.2,437130
2021-06-18 09:24:32,2219.15,437986
2021-06-18 09:24:33,2219.4,438539
2021-06-18 09:24:34,2220.8,440030
2021-06-18 09:24:35,2221.35,441413
2021-06-18 09:24:36,2221.35,441740
2021-06-18 09:24:37,2221.0,442162
2021-06-18 09:24:39,2221.0,442351
2021-06-18 09:24:40,2221.3,442739
2021-06-18 09:24:41,2221.3,442913
2021-06-18 09:24:42,2221.3,443063
2021-06-18 09:24:43,2221.3,443176
2021-06-18 09:24:44,2221.0,444040
2021-06-18 09:24:45,2220.65,445842
2021-06-18 09:24:46,2219.9,445883
2021-06-18 09:24:47,2220.65,447997
2021-06-18 09:24:48,2220.7,448786
2021-06-18 09:24:49,2220.65,449667
2021-06-18 09:24:50,2220.65,450847
2021-06-18 09:24:51,2220.0,450933
2021-06-18 09:24:52,2220.25,452390
2021-06-18 09:24:53,2220.25,452461
2021-06-18 09:24:54,2220.15,452630
2021-06-18 09:24:55,2220.25,452881
2021-06-18 09:24:56,2220.25,453189
2021-06-18 09:24:57,2220.25,453240
2021-06-18 09:24:58,2220.2,453460
2021-06-18 09:24:59,2220.1,453526
2021-06-18 09:25:00,2220.1,453583
2021-06-18 09:25:01,2220.2,454697
2021-06-18 09:25:02,2220.15,454815
2021-06-18 09:25:03,2220.0,454929
2021-06-18 09:25:04,2220.1,454954
2021-06-18 09:25:05,2219.75,455279
2021-06-18 09:25:06,2219.7,455715
2021-06-18 09:25:07,2219.65,455781
2021-06-18 09:25:08,2219.2,455787
2021-06-18 09:25:09,2219.2,455807
2021-06-18 09:25:10,2219.7,455818
2021-06-18 09:25:11,2219.7,456066
2021-06-18 09:25:12,2219.25,456861
2021-06-18 09:25:13,2219.4,457539
2021-06-18 09:25:14,2219.4,457539
2021-06-18 09:25:15,2220.4,459274
2021-06-18 09:25:16,2221.0,459614
2021-06-18 09:25:17,2221.0,459614
2021-06-18 09:25:18,2220.55,459617
2021-06-18 09:25:18,2220.55,459617
2021-06-18 09:25:21,2221.0,460405
2021-06-18 09:25:22,2220.8,461282
2021-06-18 09:25:23,2220.8,461570
2021-06-18 09:25:24,2220.05,461641
2021-06-18 09:25:25,2220.0,461708
2021-06-18 09:25:26,2220.4,461770
2021-06-18 09:25:27,2220.25,461812
2021-06-18 09:25:27,2220.4,461810
2021-06-18 09:25:28,2220.5,462260
2021-06-18 09:25:31,2222.0,463424
2021-06-18 09:25:33,2220.9,464540
2021-06-18 09:25:34,2222.0,464910
2021-06-18 09:25:35,2220.9,465435
2021-06-18 09:25:36,2221.0,465686
2021-06-18 09:25:37,2221.0,466258
2021-06-18 09:25:38,2221.6,467380
2021-06-18 09:25:39,2221.3,467962
2021-06-18 09:25:40,2221.55,468151
2021-06-18 09:25:41,2221.35,469033
2021-06-18 09:25:42,2221.9,469704
2021-06-18 09:25:43,2221.9,470038
2021-06-18 09:25:44,2221.0,470405
2021-06-18 09:25:45,2221.05,470526
2021-06-18 09:25:46,2221.0,470716
2021-06-18 09:25:47,2220.85,471066
2021-06-18 09:25:47,2220.85,471066
2021-06-18 09:25:48,2221.2,471141
2021-06-18 09:25:50,2221.0,471414
2021-06-18 09:25:51,2221.15,472708
2021-06-18 09:25:52,2220.3,472953
2021-06-18 09:25:53,2220.8,473223
2021-06-18 09:25:54,2220.8,473538
2021-06-18 09:25:55,2221.0,473875
2021-06-18 09:25:56,2220.15,475207
2021-06-18 09:25:56,2220.15,475207
2021-06-18 09:25:58,2221.15,475347
2021-06-18 09:25:59,2221.8,475965
2021-06-18 09:26:00,2221.15,476602
2021-06-18 09:26:01,2221.2,476669
2021-06-18 09:26:02,2221.2,476902
2021-06-18 09:26:03,2221.2,477484
2021-06-18 09:26:04,2221.2,477545
2021-06-18 09:26:05,2221.2,477604
2021-06-18 09:26:06,2221.7,477884
2021-06-18 09:26:06,2221.7,477884
2021-06-18 09:26:08,2221.15,477955
2021-06-18 09:26:10,2221.15,478065
2021-06-18 09:26:11,2221.2,478098
2021-06-18 09:26:13,2221.75,478465
2021-06-18 09:26:12,2221.6,478315
2021-06-18 09:26:14,2221.6,478531
2021-06-18 09:26:16,2221.6,478654
2021-06-18 09:26:17,2221.25,478981
2021-06-18 09:26:18,2221.25,480018
2021-06-18 09:26:19,2221.25,480139
2021-06-18 09:26:20,2221.25,480139
2021-06-18 09:26:21,2221.8,480671
2021-06-18 09:26:22,2221.5,480706
2021-06-18 09:26:23,2221.45,481312
2021-06-18 09:26:24,2221.55,481372
2021-06-18 09:26:25,2221.55,481555
2021-06-18 09:26:26,2221.5,481685
2021-06-18 09:26:27,2221.45,481735
2021-06-18 09:26:28,2221.5,481900
2021-06-18 09:26:29,2221.5,481900
2021-06-18 09:26:30,2221.55,482008
2021-06-18 09:26:31,2221.55,482233
2021-06-18 09:26:32,2220.8,484465
2021-06-18 09:26:33,2220.8,484465
2021-06-18 09:26:34,2220.75,487752
2021-06-18 09:26:35,2221.05,488327
2021-06-18 09:26:36,2221.05,488327
2021-06-18 09:26:37,2221.2,488396
2021-06-18 09:26:38,2222.1,491835
2021-06-18 09:26:39,2222.0,492975
2021-06-18 09:26:40,2222.7,494488
2021-06-18 09:26:41,2222.45,494689
2021-06-18 09:26:42,2223.05,494790
2021-06-18 09:26:43,2223.05,494838
2021-06-18 09:26:44,2222.9,494865
2021-06-18 09:26:45,2223.55,500480
2021-06-18 09:26:46,2224.8,500910
2021-06-18 09:26:47,2224.65,501025
2021-06-18 09:26:48,2224.8,501477
2021-06-18 09:26:49,2224.65,501735
2021-06-18 09:26:50,2224.95,502876
2021-06-18 09:26:51,2224.8,503212
2021-06-18 09:26:52,2224.45,504669
2021-06-18 09:26:54,2224.3,504947
2021-06-18 09:26:53,2224.3,504945
2021-06-18 09:26:55,2224.6,505951
2021-06-18 09:26:56,2224.6,505952
2021-06-18 09:26:57,2224.3,506572
2021-06-18 09:26:58,2225.0,506897
2021-06-18 09:26:59,2224.95,506986
2021-06-18 09:27:00,2225.0,507063
2021-06-18 09:27:01,2225.4,510496
2021-06-18 09:27:02,2225.35,511123
2021-06-18 09:27:03,2226.0,511265
2021-06-18 09:27:04,2226.0,511423
2021-06-18 09:27:05,2226.0,511796
2021-06-18 09:27:06,2225.95,512632
2021-06-18 09:27:07,2226.0,513268
2021-06-18 09:27:08,2225.85,513644
2021-06-18 09:27:09,2225.95,513771
2021-06-18 09:27:10,2225.9,517665
2021-06-18 09:27:11,2225.2,518448
2021-06-18 09:27:12,2225.4,519256
2021-06-18 09:27:14,2224.45,519864
2021-06-18 09:27:16,2223.1,521086
2021-06-18 09:27:15,2224.0,520824
2021-06-18 09:27:17,2223.95,521292
2021-06-18 09:27:18,2223.3,521882
2021-06-18 09:27:19,2223.55,522154
2021-06-18 09:27:20,2222.7,522252
2021-06-18 09:27:21,2223.55,522462
2021-06-18 09:27:22,2223.55,522675
2021-06-18 09:27:23,2223.0,522946
2021-06-18 09:27:24,2222.0,527924
2021-06-18 09:27:25,2222.8,528020
2021-06-18 09:27:26,2222.0,529061
2021-06-18 09:27:27,2222.0,529717
2021-06-18 09:27:28,2222.0,529772
2021-06-18 09:27:29,2222.2,529869
2021-06-18 09:27:30,2222.2,530014
2021-06-18 09:27:31,2222.2,530036
2021-06-18 09:27:32,2222.6,531520
2021-06-18 09:27:33,2222.65,531590
2021-06-18 09:27:34,2222.8,531971
2021-06-18 09:27:35,2222.8,531987
2021-06-18 09:27:36,2222.8,532127
2021-06-18 09:27:37,2222.8,532188
2021-06-18 09:27:38,2223.0,532211
2021-06-18 09:27:39,2223.35,533775
2021-06-18 09:27:40,2223.15,533956
2021-06-18 09:27:41,2223.35,533995
2021-06-18 09:27:42,2223.35,534540
2021-06-18 09:27:45,2223.65,534875
2021-06-18 09:27:46,2223.35,534963
2021-06-18 09:27:47,2223.4,534976
2021-06-18 09:27:49,2223.4,535177
2021-06-18 09:27:50,2223.55,535198
2021-06-18 09:27:51,2223.4,535448
2021-06-18 09:27:52,2223.4,535496
2021-06-18 09:27:53,2223.4,535681
2021-06-18 09:27:54,2223.2,536600
2021-06-18 09:27:55,2223.15,536714
2021-06-18 09:27:56,2223.4,536846
2021-06-18 09:27:57,2223.15,536847
2021-06-18 09:27:58,2223.15,536850
2021-06-18 09:27:59,2223.15,536912
2021-06-18 09:28:00,2223.05,537261
2021-06-18 09:28:01,2223.5,537553
2021-06-18 09:28:02,2223.5,537554
2021-06-18 09:28:03,2223.5,537575
2021-06-18 09:28:04,2223.5,537637
2021-06-18 09:28:05,2223.25,538011
2021-06-18 09:28:06,2223.2,538025
2021-06-18 09:28:07,2223.2,538262
2021-06-18 09:28:08,2223.0,539405
2021-06-18 09:28:09,2222.65,539510
2021-06-18 09:28:10,2222.65,539595
2021-06-18 09:28:11,2222.5,539801
2021-06-18 09:28:12,2222.5,539871
2021-06-18 09:28:13,2222.65,540148
2021-06-18 09:28:14,2222.45,540478
2021-06-18 09:28:15,2223.2,540685
2021-06-18 09:28:16,2222.8,540929
2021-06-18 09:28:17,2222.95,540933
2021-06-18 09:28:19,2222.5,541156
2021-06-18 09:28:20,2222.7,541167
2021-06-18 09:28:21,2222.7,541187
2021-06-18 09:28:22,2222.7,541187
2021-06-18 09:28:23,2222.7,541202
2021-06-18 09:28:24,2222.7,541242
2021-06-18 09:28:25,2222.65,541255
2021-06-18 09:28:26,2222.7,541376
2021-06-18 09:28:27,2222.0,541781
2021-06-18 09:28:28,2222.0,541791
2021-06-18 09:28:29,2222.0,541831
2021-06-18 09:28:30,2222.0,542515
2021-06-18 09:28:32,2222.0,542741
2021-06-18 09:28:33,2222.0,542883
2021-06-18 09:28:34,2222.2,543073
2021-06-18 09:28:34,2222.2,543073
2021-06-18 09:28:35,2222.7,543158
2021-06-18 09:28:36,2222.4,543168
2021-06-18 09:28:37,2222.35,543182
2021-06-18 09:28:38,2222.15,543188
2021-06-18 09:28:39,2222.15,543327
2021-06-18 09:28:41,2222.1,543415
2021-06-18 09:28:42,2222.0,543932
2021-06-18 09:28:44,2222.15,544060
2021-06-18 09:28:44,2222.15,544060
2021-06-18 09:28:46,2222.0,544460
2021-06-18 09:28:47,2222.0,544460
2021-06-18 09:28:48,2222.0,544472
2021-06-18 09:28:49,2222.0,544577
2021-06-18 09:28:49,2222.0,544627
2021-06-18 09:28:50,2222.0,544627
2021-06-18 09:28:51,2222.15,544718
2021-06-18 09:28:52,2221.0,545095
2021-06-18 09:28:53,2221.0,545095
2021-06-18 09:28:55,2221.0,545486
2021-06-18 09:28:56,2221.65,545678
2021-06-18 09:28:57,2221.65,545693
2021-06-18 09:28:58,2221.65,545725
2021-06-18 09:28:59,2221.0,545810
2021-06-18 09:29:00,2221.0,545981
2021-06-18 09:29:02,2221.05,546083
2021-06-18 09:29:03,2221.65,546104
2021-06-18 09:29:04,2221.0,546164
2021-06-18 09:29:05,2221.0,546265
2021-06-18 09:29:06,2221.0,546387
2021-06-18 09:29:07,2221.1,546714
2021-06-18 09:29:08,2221.1,546775
2021-06-18 09:29:09,2221.3,546872
2021-06-18 09:29:09,2221.5,546855
2021-06-18 09:29:10,2221.1,547388
2021-06-18 09:29:11,2221.1,547393
2021-06-18 09:29:12,2221.5,547402
2021-06-18 09:29:13,2221.1,547452
2021-06-18 09:29:14,2221.1,547453
2021-06-18 09:29:15,2221.5,547459
2021-06-18 09:29:16,2221.1,547476
2021-06-18 09:29:17,2221.1,547530
2021-06-18 09:29:18,2221.45,547572
2021-06-18 09:29:19,2221.1,547587
2021-06-18 09:29:20,2221.1,547595
2021-06-18 09:29:21,2221.1,547595
2021-06-18 09:29:22,2221.45,547663
2021-06-18 09:29:24,2221.1,547670
2021-06-18 09:29:24,2221.1,547670
2021-06-18 09:29:25,2221.1,547725
2021-06-18 09:29:26,2221.1,547742
2021-06-18 09:29:27,2220.8,548779
2021-06-18 09:29:28,2220.3,548784
2021-06-18 09:29:29,2220.2,548884
2021-06-18 09:29:31,2220.15,548938
2021-06-18 09:29:32,2220.35,551195
2021-06-18 09:29:33,2220.0,551305
2021-06-18 09:29:34,2219.7,551665
2021-06-18 09:29:35,2219.7,552012
2021-06-18 09:29:37,2219.85,552440
2021-06-18 09:29:38,2219.75,552507
2021-06-18 09:29:38,2219.75,553278
2021-06-18 09:29:40,2219.0,553959
2021-06-18 09:29:40,2219.6,553971
2021-06-18 09:29:41,2219.6,554118
2021-06-18 09:29:42,2219.5,554142
2021-06-18 09:29:43,2219.0,554156
2021-06-18 09:29:44,2219.45,554190
2021-06-18 09:29:45,2219.0,554315
2021-06-18 09:29:46,2219.0,554641
2021-06-18 09:29:47,2219.05,555014
2021-06-18 09:29:48,2218.3,557789
2021-06-18 09:29:49,2218.85,559474
2021-06-18 09:29:50,2218.3,559641
2021-06-18 09:29:51,2218.75,559662
2021-06-18 09:29:52,2218.3,559823
2021-06-18 09:29:53,2218.7,559939
2021-06-18 09:29:54,2218.6,560054
2021-06-18 09:29:55,2218.6,560096
2021-06-18 09:29:57,2218.3,560337
2021-06-18 09:29:57,2218.3,560337
2021-06-18 09:29:58,2218.3,560647
2021-06-18 09:29:59,2218.55,560748
2021-06-18 09:30:00,2218.4,560863
2021-06-18 09:30:01,2218.4,560898
2021-06-18 09:30:02,2218.35,560909
2021-06-18 09:30:03,2218.35,560928
2021-06-18 09:30:04,2218.35,561057
2021-06-18 09:30:06,2218.35,561070
2021-06-18 09:30:06,2218.35,561070
2021-06-18 09:30:07,2218.2,561438
2021-06-18 09:30:08,2218.2,561455
2021-06-18 09:30:09,2218.2,561624
2021-06-18 09:30:10,2218.3,561777
2021-06-18 09:30:11,2218.15,562334
2021-06-18 09:30:12,2218.2,562730
2021-06-18 09:30:13,2218.0,562999
2021-06-18 09:30:14,2218.0,563017
2021-06-18 09:30:16,2218.0,563532
2021-06-18 09:30:17,2218.2,563547
2021-06-18 09:30:17,2218.0,563597
2021-06-18 09:30:19,2217.95,565378
2021-06-18 09:30:20,2217.95,565429
2021-06-18 09:30:21,2217.05,565440
2021-06-18 09:30:22,2216.7,565875
2021-06-18 09:30:23,2217.0,565925
2021-06-18 09:30:25,2216.8,566364
2021-06-18 09:30:26,2216.8,566468
2021-06-18 09:30:27,2216.8,566523
2021-06-18 09:30:27,2216.8,566543
2021-06-18 09:30:28,2217.5,566952
2021-06-18 09:30:29,2216.75,567166
2021-06-18 09:30:30,2216.85,567253
2021-06-18 09:30:31,2216.85,567333
2021-06-18 09:30:33,2216.9,567583
2021-06-18 09:30:34,2216.75,567990
2021-06-18 09:30:35,2217.5,568158
2021-06-18 09:30:36,2216.8,568278
2021-06-18 09:30:36,2217.5,568328
2021-06-18 09:30:37,2217.5,568702
2021-06-18 09:30:38,2216.85,568788
2021-06-18 09:30:39,2217.5,568855
2021-06-18 09:30:40,2216.8,568958
2021-06-18 09:30:41,2216.7,569005
2021-06-18 09:30:43,2217.0,569106
2021-06-18 09:30:44,2216.65,570240
2021-06-18 09:30:45,2216.65,570342
2021-06-18 09:30:46,2216.75,570800
2021-06-18 09:30:46,2216.75,570800
2021-06-18 09:30:47,2216.8,570920
2021-06-18 09:30:48,2216.8,572435
2021-06-18 09:30:49,2216.8,572640
2021-06-18 09:30:50,2216.8,573079
2021-06-18 09:30:52,2216.8,573192
2021-06-18 09:30:53,2216.75,573267
2021-06-18 09:30:54,2216.75,573268
2021-06-18 09:30:54,2216.75,573268
2021-06-18 09:30:55,2216.8,573274
2021-06-18 09:30:56,2216.75,573416
2021-06-18 09:30:57,2216.8,573444
2021-06-18 09:30:58,2216.7,573500
2021-06-18 09:30:59,2216.8,573726
2021-06-18 09:31:01,2216.65,573752
2021-06-18 09:31:02,2216.8,573815
2021-06-18 09:31:03,2216.75,573870
2021-06-18 09:31:04,2216.75,573872
2021-06-18 09:31:05,2216.75,573872
2021-06-18 09:31:06,2216.75,573942
2021-06-18 09:31:06,2216.75,573942
2021-06-18 09:31:07,2216.75,573988
2021-06-18 09:31:08,2216.7,574104
2021-06-18 09:31:09,2216.75,574385
2021-06-18 09:31:10,2216.7,574485
2021-06-18 09:31:11,2216.7,574664
2021-06-18 09:31:12,2216.65,575203
2021-06-18 09:31:13,2216.75,575222
2021-06-18 09:31:14,2216.7,575232
2021-06-18 09:31:15,2216.7,575540
2021-06-18 09:31:16,2216.75,575541
2021-06-18 09:31:18,2216.75,575541
2021-06-18 09:31:19,2216.75,576195
2021-06-18 09:31:20,2216.7,576767
2021-06-18 09:31:20,2216.7,576771
2021-06-18 09:31:22,2216.3,577483
2021-06-18 09:31:23,2216.7,577753
2021-06-18 09:31:25,2216.7,577771
2021-06-18 09:31:26,2216.55,578317
2021-06-18 09:31:27,2216.8,579173
2021-06-18 09:31:28,2216.7,579592
2021-06-18 09:31:29,2217.3,580088
2021-06-18 09:31:30,2218.95,581320
2021-06-18 09:31:31,2218.05,581709
2021-06-18 09:31:32,2217.95,581826
2021-06-18 09:31:33,2218.15,582063
2021-06-18 09:31:34,2218.75,582137
2021-06-18 09:31:34,2218.05,582240
2021-06-18 09:31:35,2217.75,582475
2021-06-18 09:31:36,2218.75,582539
2021-06-18 09:31:37,2217.8,582604
2021-06-18 09:31:38,2217.8,582604
2021-06-18 09:31:39,2218.45,582843
2021-06-18 09:31:40,2218.45,582856
2021-06-18 09:31:41,2216.75,583405
2021-06-18 09:31:42,2217.6,583436
2021-06-18 09:31:43,2217.5,583467
2021-06-18 09:31:44,2217.4,583639
2021-06-18 09:31:45,2217.15,584064
2021-06-18 09:31:46,2216.7,584429
2021-06-18 09:31:48,2216.7,585205
2021-06-18 09:31:49,2217.3,585235
2021-06-18 09:31:50,2217.25,586091
2021-06-18 09:31:50,2217.25,586091
2021-06-18 09:31:51,2217.15,586317
2021-06-18 09:31:52,2217.25,586500
2021-06-18 09:31:53,2218.35,587444
2021-06-18 09:31:54,2218.2,587502
2021-06-18 09:31:55,2218.2,588287
2021-06-18 09:31:58,2218.95,588757
2021-06-18 09:31:59,2218.1,588997
2021-06-18 09:32:00,2218.2,589069
2021-06-18 09:32:00,2218.2,589080
2021-06-18 09:32:01,2218.2,589106
2021-06-18 09:32:03,2218.2,589307
2021-06-18 09:32:04,2218.25,589699
2021-06-18 09:32:04,2218.25,589699
2021-06-18 09:32:05,2217.65,589949
2021-06-18 09:32:06,2217.85,589950
2021-06-18 09:32:07,2217.85,589985
2021-06-18 09:32:08,2217.8,590078
2021-06-18 09:32:09,2217.85,590085
2021-06-18 09:32:10,2218.0,590782
2021-06-18 09:32:12,2217.85,591634
2021-06-18 09:32:13,2218.0,591695
2021-06-18 09:32:14,2217.85,591992
2021-06-18 09:32:15,2217.85,592010
2021-06-18 09:32:16,2217.85,592113
2021-06-18 09:32:17,2218.0,592225
2021-06-18 09:32:18,2218.0,592298
2021-06-18 09:32:18,2218.0,592298
2021-06-18 09:32:19,2217.85,592341
2021-06-18 09:32:20,2217.8,592750
2021-06-18 09:32:21,2217.8,592809
2021-06-18 09:32:24,2218.0,592958
2021-06-18 09:32:25,2218.0,593303
2021-06-18 09:32:26,2217.25,594463
2021-06-18 09:32:27,2217.95,594740
2021-06-18 09:32:28,2217.95,594810
2021-06-18 09:32:28,2217.05,594858
2021-06-18 09:32:29,2217.0,595524
2021-06-18 09:32:30,2217.05,595572
2021-06-18 09:32:31,2217.05,595608
2021-06-18 09:32:32,2217.6,595627
2021-06-18 09:32:34,2217.6,595637
2021-06-18 09:32:35,2217.6,595638
2021-06-18 09:32:36,2217.05,595688
2021-06-18 09:32:37,2217.55,595763
2021-06-18 09:32:38,2217.55,595830
2021-06-18 09:32:39,2217.05,595888
2021-06-18 09:32:40,2217.4,595952
2021-06-18 09:32:40,2217.4,595953
2021-06-18 09:32:41,2217.1,596826
2021-06-18 09:32:43,2217.4,596872
2021-06-18 09:32:44,2217.4,596872
2021-06-18 09:32:45,2217.1,596970
2021-06-18 09:32:46,2217.25,597111
2021-06-18 09:32:47,2217.25,597253
2021-06-18 09:32:47,2217.0,597273
2021-06-18 09:32:48,2217.15,597695
2021-06-18 09:32:51,2216.95,597884
2021-06-18 09:32:52,2216.5,598005
2021-06-18 09:32:53,2216.95,598246
2021-06-18 09:32:54,2216.5,598254
2021-06-18 09:32:55,2217.2,599633
2021-06-18 09:32:56,2217.85,599951
2021-06-18 09:32:57,2217.85,600123
2021-06-18 09:32:58,2217.85,600168
2021-06-18 09:32:58,2217.85,600168
2021-06-18 09:32:59,2217.85,600197
2021-06-18 09:33:00,2218.0,600707
2021-06-18 09:33:01,2218.0,600707
2021-06-18 09:33:03,2217.85,600759
2021-06-18 09:33:04,2217.85,600809
2021-06-18 09:33:05,2217.6,600952
2021-06-18 09:33:06,2217.6,600952
2021-06-18 09:33:07,2217.6,601094
2021-06-18 09:33:08,2218.0,601303
2021-06-18 09:33:09,2217.1,601663
2021-06-18 09:33:10,2217.0,602368
2021-06-18 09:33:11,2217.55,602846
2021-06-18 09:33:12,2217.6,602932
2021-06-18 09:33:12,2217.6,602932
2021-06-18 09:33:13,2217.35,602933
2021-06-18 09:33:14,2217.6,603008
2021-06-18 09:33:15,2217.35,603063
2021-06-18 09:33:16,2217.6,603191
2021-06-18 09:33:17,2217.55,607687
2021-06-18 09:33:18,2217.6,607960
2021-06-18 09:33:19,2218.35,608003
2021-06-18 09:33:20,2217.55,608019
2021-06-18 09:33:22,2218.3,608030
2021-06-18 09:33:23,2217.6,608032
2021-06-18 09:33:24,2217.6,608043
2021-06-18 09:33:25,2217.6,608067
2021-06-18 09:33:25,2217.6,608067
2021-06-18 09:33:26,2217.55,608068
2021-06-18 09:33:28,2217.6,608080
2021-06-18 09:33:29,2217.55,608089
2021-06-18 09:33:30,2217.6,608194
2021-06-18 09:33:31,2217.55,608372
2021-06-18 09:33:32,2217.6,608389
2021-06-18 09:33:32,2217.6,608389
2021-06-18 09:33:33,2217.6,608430
2021-06-18 09:33:34,2217.6,610040
2021-06-18 09:33:36,2217.6,610099
2021-06-18 09:33:37,2217.55,610109
2021-06-18 09:33:38,2217.55,610162
2021-06-18 09:33:39,2217.6,610321
2021-06-18 09:33:40,2217.5,610357
2021-06-18 09:33:41,2217.6,610561
2021-06-18 09:33:42,2217.6,610562
2021-06-18 09:33:43,2217.6,610562
2021-06-18 09:33:44,2217.55,610566
2021-06-18 09:33:45,2217.6,610568
2021-06-18 09:33:46,2217.55,610767
2021-06-18 09:33:47,2217.55,610843
2021-06-18 09:33:48,2217.6,610855
2021-06-18 09:33:49,2217.55,610995
2021-06-18 09:33:49,2217.55,611035
2021-06-18 09:33:50,2217.8,611603
2021-06-18 09:33:51,2217.65,611732
2021-06-18 09:33:53,2217.65,611753
2021-06-18 09:33:54,2217.65,611753
2021-06-18 09:33:55,2217.95,611783
2021-06-18 09:33:57,2217.85,612250
2021-06-18 09:33:58,2217.85,612251
2021-06-18 09:33:59,2217.6,612584
2021-06-18 09:34:01,2217.55,614025
2021-06-18 09:34:02,2217.4,614207
2021-06-18 09:34:02,2217.4,614207
2021-06-18 09:34:04,2216.8,615269
2021-06-18 09:34:05,2217.15,616195
2021-06-18 09:34:06,2217.15,616227
2021-06-18 09:34:07,2216.5,616273
2021-06-18 09:34:07,2216.5,616273
2021-06-18 09:34:08,2216.5,616337
2021-06-18 09:34:09,2216.5,616359
2021-06-18 09:34:10,2216.5,616486
2021-06-18 09:34:11,2216.5,616644
2021-06-18 09:34:13,2216.8,616678
2021-06-18 09:34:14,2216.75,616824
2021-06-18 09:34:15,2216.65,616918
2021-06-18 09:34:16,2216.85,617145
2021-06-18 09:34:17,2216.65,617162
2021-06-18 09:34:18,2216.0,618930
2021-06-18 09:34:19,2216.6,619518
2021-06-18 09:34:20,2216.6,619539
2021-06-18 09:34:21,2216.85,619672
2021-06-18 09:34:21,2216.85,619672
2021-06-18 09:34:22,2216.8,619786
2021-06-18 09:34:23,2216.6,619791
2021-06-18 09:34:24,2216.65,620093
2021-06-18 09:34:25,2216.8,620247
2021-06-18 09:34:26,2217.0,621099
2021-06-18 09:34:27,2216.9,621101
2021-06-18 09:34:28,2216.9,621101
2021-06-18 09:34:29,2217.0,621204
2021-06-18 09:34:30,2216.9,621434
2021-06-18 09:34:31,2217.0,621436
2021-06-18 09:34:32,2217.0,621706
2021-06-18 09:34:33,2216.9,621716
2021-06-18 09:34:34,2216.9,621728
2021-06-18 09:34:35,2216.95,622318
2021-06-18 09:34:36,2216.9,622322
2021-06-18 09:34:38,2216.9,622326
2021-06-18 09:34:39,2216.9,622533
2021-06-18 09:34:40,2216.9,622544
2021-06-18 09:34:41,2216.9,623015
2021-06-18 09:34:42,2216.95,623069
2021-06-18 09:34:43,2216.9,623081
2021-06-18 09:34:43,2216.9,623212
2021-06-18 09:34:44,2216.95,623827
2021-06-18 09:34:45,2216.95,623896
2021-06-18 09:34:47,2216.95,623896
2021-06-18 09:34:48,2216.9,623991
2021-06-18 09:34:49,2216.9,624445
2021-06-18 09:34:50,2216.9,624506
2021-06-18 09:34:51,2217.05,624969
2021-06-18 09:34:52,2217.15,625064
2021-06-18 09:34:53,2217.65,625079
2021-06-18 09:34:54,2217.1,625099
2021-06-18 09:34:55,2217.1,625683
2021-06-18 09:34:56,2217.15,625705
2021-06-18 09:34:57,2217.65,625715
2021-06-18 09:34:58,2217.65,625791
2021-06-18 09:34:59,2217.6,625793
2021-06-18 09:35:00,2217.2,626052
2021-06-18 09:35:01,2217.2,626053
2021-06-18 09:35:02,2217.2,626053
2021-06-18 09:35:03,2217.05,626341
2021-06-18 09:35:04,2217.05,626344
2021-06-18 09:35:05,2217.55,626446
2021-06-18 09:35:06,2217.25,627278
2021-06-18 09:35:07,2216.95,627326
2021-06-18 09:35:08,2217.0,627376
2021-06-18 09:35:09,2217.0,627376
2021-06-18 09:35:11,2216.95,627394
2021-06-18 09:35:12,2217.0,627409
2021-06-18 09:35:13,2216.95,627438
2021-06-18 09:35:14,2217.0,627439
2021-06-18 09:35:15,2216.95,627561
2021-06-18 09:35:16,2216.95,627576
2021-06-18 09:35:17,2216.95,627693
2021-06-18 09:35:18,2216.95,627700
2021-06-18 09:35:19,2216.95,627700
2021-06-18 09:35:20,2217.0,627707
2021-06-18 09:35:21,2216.95,627914
2021-06-18 09:35:22,2217.0,628048
2021-06-18 09:35:23,2217.0,628138
2021-06-18 09:35:24,2217.0,628371
2021-06-18 09:35:25,2217.0,628374
2021-06-18 09:35:26,2216.95,628375
2021-06-18 09:35:27,2217.0,628397
2021-06-18 09:35:28,2216.95,628534
2021-06-18 09:35:28,2217.0,628545
2021-06-18 09:35:30,2216.95,628588
2021-06-18 09:35:31,2216.95,628954
2021-06-18 09:35:32,2216.95,629049
2021-06-18 09:35:33,2216.85,629312
2021-06-18 09:35:34,2216.5,629724
2021-06-18 09:35:35,2216.2,629785
2021-06-18 09:35:36,2216.5,629885
2021-06-18 09:35:37,2216.8,629907
2021-06-18 09:35:38,2216.8,630173
2021-06-18 09:35:39,2216.5,630174
2021-06-18 09:35:40,2216.5,630176
2021-06-18 09:35:41,2216.0,632918
2021-06-18 09:35:42,2216.3,638398
2021-06-18 09:35:43,2216.0,639833
2021-06-18 09:35:44,2216.0,639994
2021-06-18 09:35:45,2216.0,640355
2021-06-18 09:35:46,2216.0,640461
2021-06-18 09:35:47,2216.0,640583
2021-06-18 09:35:48,2216.0,640613
2021-06-18 09:35:49,2215.85,642439
2021-06-18 09:35:50,2215.0,645713
2021-06-18 09:35:51,2215.0,646333
2021-06-18 09:35:52,2215.0,649759
2021-06-18 09:35:52,2214.55,649959
2021-06-18 09:35:53,2214.95,650526
2021-06-18 09:35:54,2214.75,651095
2021-06-18 09:35:55,2214.85,651235
2021-06-18 09:35:56,2214.7,651349
2021-06-18 09:35:57,2214.7,651652
2021-06-18 09:35:59,2214.7,651797
2021-06-18 09:36:00,2214.7,651910
2021-06-18 09:36:01,2214.8,652162
2021-06-18 09:36:02,2215.15,653546
2021-06-18 09:36:04,2214.7,653625
2021-06-18 09:36:05,2214.8,653752
2021-06-18 09:36:06,2215.15,654015
2021-06-18 09:36:07,2214.3,654938
2021-06-18 09:36:08,2214.35,655467
2021-06-18 09:36:09,2214.75,655909
2021-06-18 09:36:10,2214.8,656690
2021-06-18 09:36:11,2214.8,656745
2021-06-18 09:36:12,2214.3,656752
2021-06-18 09:36:13,2214.3,656757
2021-06-18 09:36:14,2214.3,656776
2021-06-18 09:36:15,2214.3,656839
2021-06-18 09:36:17,2214.3,657189
2021-06-18 09:36:18,2214.3,657213
2021-06-18 09:36:19,2214.3,657494
2021-06-18 09:36:20,2214.35,657511
2021-06-18 09:36:21,2214.3,657599
2021-06-18 09:36:22,2214.3,657731
2021-06-18 09:36:23,2214.15,657939
2021-06-18 09:36:24,2214.1,657979
2021-06-18 09:36:25,2214.0,658150
2021-06-18 09:36:26,2214.3,658932
2021-06-18 09:36:27,2214.3,659186
2021-06-18 09:36:28,2214.3,660489
2021-06-18 09:36:29,2214.3,660541
2021-06-18 09:36:30,2214.3,660725
2021-06-18 09:36:31,2214.35,664136
2021-06-18 09:36:32,2214.35,664162
2021-06-18 09:36:33,2214.0,664376
2021-06-18 09:36:34,2214.0,665212
2021-06-18 09:36:35,2214.25,665231
2021-06-18 09:36:36,2214.0,665264
2021-06-18 09:36:37,2214.0,665526
2021-06-18 09:36:38,2214.05,665530
2021-06-18 09:36:39,2214.05,665774
2021-06-18 09:36:40,2214.1,665799
2021-06-18 09:36:41,2214.1,665874
2021-06-18 09:36:42,2214.1,665898
2021-06-18 09:36:43,2214.1,665914
2021-06-18 09:36:44,2213.9,666476
2021-06-18 09:36:45,2213.75,666671
2021-06-18 09:36:46,2213.9,666706
2021-06-18 09:36:47,2213.5,667012
2021-06-18 09:36:48,2213.5,667069
2021-06-18 09:36:49,2213.5,667078
2021-06-18 09:36:50,2213.75,667610
2021-06-18 09:36:51,2213.5,667730
2021-06-18 09:36:52,2213.5,667770
2021-06-18 09:36:53,2213.5,667873
2021-06-18 09:36:54,2213.7,667976
2021-06-18 09:36:55,2213.75,668242
2021-06-18 09:36:56,2213.7,668352
2021-06-18 09:36:57,2213.5,668464
2021-06-18 09:36:58,2213.5,668519
2021-06-18 09:36:59,2213.5,668544
2021-06-18 09:37:00,2213.5,668871
2021-06-18 09:37:01,2213.5,669396
2021-06-18 09:37:02,2213.5,669497
2021-06-18 09:37:03,2213.55,669558
2021-06-18 09:37:04,2213.55,669607
2021-06-18 09:37:05,2213.6,669930
2021-06-18 09:37:06,2213.7,669967
2021-06-18 09:37:07,2213.6,670142
2021-06-18 09:37:08,2213.2,670339
2021-06-18 09:37:09,2213.7,670703
2021-06-18 09:37:10,2213.45,671018
2021-06-18 09:37:11,2213.45,671176
2021-06-18 09:37:12,2213.1,671281
2021-06-18 09:37:13,2213.4,671296
2021-06-18 09:37:14,2213.4,671509
2021-06-18 09:37:15,2213.45,671523
2021-06-18 09:37:16,2213.45,671608
2021-06-18 09:37:17,2213.45,671681
2021-06-18 09:37:18,2213.35,671691
2021-06-18 09:37:20,2213.45,673106
2021-06-18 09:37:21,2213.0,673143
2021-06-18 09:37:22,2213.45,673189
2021-06-18 09:37:24,2213.4,673537
2021-06-18 09:37:23,2213.4,673479
2021-06-18 09:37:25,2213.9,675188
2021-06-18 09:37:26,2214.35,677291
2021-06-18 09:37:27,2214.2,677316
2021-06-18 09:37:28,2214.55,677347
2021-06-18 09:37:29,2214.55,677561
2021-06-18 09:37:30,2215.1,677619
2021-06-18 09:37:31,2214.6,677815
2021-06-18 09:37:32,2214.6,677942
2021-06-18 09:37:33,2215.0,677943
2021-06-18 09:37:34,2215.0,678006
2021-06-18 09:37:36,2214.4,679795
2021-06-18 09:37:35,2215.0,678136
2021-06-18 09:37:37,2214.5,679848
2021-06-18 09:37:38,2214.5,679850
2021-06-18 09:37:39,2214.5,680215
2021-06-18 09:37:40,2214.35,680253
2021-06-18 09:37:42,2214.35,680319
2021-06-18 09:37:41,2214.35,680304
2021-06-18 09:37:43,2214.8,680742
2021-06-18 09:37:44,2214.5,680788
2021-06-18 09:37:45,2214.5,680995
2021-06-18 09:37:46,2214.5,680998
2021-06-18 09:37:47,2214.5,681101
2021-06-18 09:37:48,2214.8,681105
2021-06-18 09:37:49,2215.15,681433
2021-06-18 09:37:50,2215.15,681445
2021-06-18 09:37:51,2215.0,681548
2021-06-18 09:37:52,2214.65,681563
2021-06-18 09:37:53,2214.65,683407
2021-06-18 09:37:54,2215.4,683729
2021-06-18 09:37:55,2214.5,683730
2021-06-18 09:37:56,2214.5,684335
2021-06-18 09:37:57,2214.5,684839
2021-06-18 09:37:58,2215.0,685025
2021-06-18 09:37:59,2215.15,685389
2021-06-18 09:38:00,2215.2,686003
2021-06-18 09:38:01,2215.45,686146
2021-06-18 09:38:02,2215.45,686476
2021-06-18 09:38:03,2216.2,686601
2021-06-18 09:38:04,2215.95,686733
2021-06-18 09:38:05,2216.0,687114
2021-06-18 09:38:06,2215.95,688390
2021-06-18 09:38:07,2216.45,689163
2021-06-18 09:38:08,2215.8,690199
2021-06-18 09:38:09,2215.8,690206
2021-06-18 09:38:10,2215.8,690206
2021-06-18 09:38:11,2216.4,690346
2021-06-18 09:38:12,2216.4,690486
2021-06-18 09:38:13,2216.4,690514
2021-06-18 09:38:14,2216.4,690517
2021-06-18 09:38:15,2216.0,690628
2021-06-18 09:38:16,2216.8,691159
2021-06-18 09:38:17,2216.8,691159
2021-06-18 09:38:18,2216.8,691239
2021-06-18 09:38:19,2216.9,691511
2021-06-18 09:38:20,2216.5,691543
2021-06-18 09:38:21,2217.0,691992
2021-06-18 09:38:22,2216.8,692258
2021-06-18 09:38:23,2216.5,693688
2021-06-18 09:38:24,2217.0,693690
2021-06-18 09:38:25,2216.7,693984
2021-06-18 09:38:26,2216.7,694049
2021-06-18 09:38:27,2216.6,694163
2021-06-18 09:38:28,2217.25,695375
2021-06-18 09:38:29,2216.6,695683
2021-06-18 09:38:30,2217.0,695843
2021-06-18 09:38:31,2217.25,696413
2021-06-18 09:38:32,2217.05,696459
2021-06-18 09:38:33,2217.55,699533
2021-06-18 09:38:34,2218.0,699943
2021-06-18 09:38:35,2217.85,700331
2021-06-18 09:38:36,2217.15,700341
2021-06-18 09:38:37,2217.15,700351
2021-06-18 09:38:38,2217.3,700587
2021-06-18 09:38:39,2217.9,700911
2021-06-18 09:38:40,2218.0,700998
2021-06-18 09:38:41,2217.9,701149
2021-06-18 09:38:42,2217.9,701149
2021-06-18 09:38:43,2217.9,702201
2021-06-18 09:38:44,2217.9,702293
2021-06-18 09:38:45,2217.35,702603
2021-06-18 09:38:46,2217.95,702621
2021-06-18 09:38:47,2217.8,703685
2021-06-18 09:38:48,2218.2,703736
2021-06-18 09:38:49,2218.25,703890
2021-06-18 09:38:50,2218.0,704025
2021-06-18 09:38:51,2218.25,704045
2021-06-18 09:38:52,2218.2,704289
2021-06-18 09:38:53,2218.35,704324
2021-06-18 09:38:54,2218.2,704727
2021-06-18 09:38:55,2218.2,704748
2021-06-18 09:38:57,2218.2,705112
2021-06-18 09:38:57,2218.4,705041
2021-06-18 09:38:58,2219.35,706250
2021-06-18 09:38:59,2218.55,706559
2021-06-18 09:39:00,2220.75,709952
2021-06-18 09:39:01,2220.0,710383
2021-06-18 09:39:02,2220.65,710776
2021-06-18 09:39:03,2220.2,711139
2021-06-18 09:39:04,2220.2,711603
2021-06-18 09:39:05,2220.45,712543
2021-06-18 09:39:07,2221.25,713295
2021-06-18 09:39:07,2221.0,712943
2021-06-18 09:39:08,2221.15,713578
2021-06-18 09:39:09,2220.25,713592
2021-06-18 09:39:10,2221.0,713799
2021-06-18 09:39:11,2220.95,714201
2021-06-18 09:39:12,2221.95,715830
2021-06-18 09:39:13,2220.95,716664
2021-06-18 09:39:14,2220.15,716960
2021-06-18 09:39:15,2219.8,717464
2021-06-18 09:39:16,2219.8,717801
2021-06-18 09:39:17,2220.95,718233
2021-06-18 09:39:18,2220.15,718298
2021-06-18 09:39:19,2220.75,718536
2021-06-18 09:39:20,2220.15,718573
2021-06-18 09:39:21,2220.8,719184
2021-06-18 09:39:22,2220.8,719414
2021-06-18 09:39:23,2220.15,719465
2021-06-18 09:39:24,2220.2,719542
2021-06-18 09:39:26,2220.8,719711
2021-06-18 09:39:27,2220.8,719961
2021-06-18 09:39:27,2220.0,720461
2021-06-18 09:39:28,2220.75,720701
2021-06-18 09:39:29,2220.8,721228
2021-06-18 09:39:30,2220.2,721279
2021-06-18 09:39:31,2220.8,721296
2021-06-18 09:39:32,2220.05,721688
2021-06-18 09:39:34,2220.05,721688
2021-06-18 09:39:34,2220.05,721688
2021-06-18 09:39:35,2220.9,722310
2021-06-18 09:39:36,2221.05,723079
2021-06-18 09:39:37,2220.8,723099
2021-06-18 09:39:39,2220.4,723392
2021-06-18 09:39:39,2220.1,723425
2021-06-18 09:39:40,2220.1,723956
2021-06-18 09:39:41,2220.1,724209
2021-06-18 09:39:42,2220.8,724614
2021-06-18 09:39:43,2221.0,724736
2021-06-18 09:39:44,2220.45,724805
2021-06-18 09:39:45,2220.45,724845
2021-06-18 09:39:46,2220.3,725853
2021-06-18 09:39:47,2220.15,726168
2021-06-18 09:39:48,2220.15,726336
2021-06-18 09:39:49,2220.15,726370
2021-06-18 09:39:50,2220.15,726657
2021-06-18 09:39:51,2220.75,726932
2021-06-18 09:39:52,2220.75,727074
2021-06-18 09:39:53,2220.75,727348
2021-06-18 09:39:54,2220.95,727418
2021-06-18 09:39:55,2220.8,728584
2021-06-18 09:39:56,2220.5,728833
2021-06-18 09:39:57,2220.5,729261
2021-06-18 09:39:58,2220.8,729499
2021-06-18 09:40:00,2220.5,729651
2021-06-18 09:40:00,2220.5,729731
2021-06-18 09:40:01,2220.5,730383
2021-06-18 09:40:02,2221.05,731470
2021-06-18 09:40:03,2220.75,731715
2021-06-18 09:40:04,2221.2,732432
2021-06-18 09:40:05,2220.9,732478
2021-06-18 09:40:06,2220.85,733375
2021-06-18 09:40:07,2220.9,734498
2021-06-18 09:40:08,2220.85,734978
2021-06-18 09:40:10,2220.8,735574
2021-06-18 09:40:10,2220.85,735412
2021-06-18 09:40:11,2220.85,735623
2021-06-18 09:40:12,2220.9,735709
2021-06-18 09:40:13,2220.9,736116
2021-06-18 09:40:14,2221.0,736842
2021-06-18 09:40:15,2221.05,737102
2021-06-18 09:40:16,2221.05,737215
2021-06-18 09:40:17,2221.3,737235
2021-06-18 09:40:18,2221.3,737269
2021-06-18 09:40:19,2220.9,737349
2021-06-18 09:40:20,2221.5,737572
2021-06-18 09:40:21,2221.75,737637
2021-06-18 09:40:22,2220.65,740470
2021-06-18 09:40:24,2221.1,741020
2021-06-18 09:40:25,2221.05,741107
2021-06-18 09:40:26,2221.1,741131
2021-06-18 09:40:27,2221.1,741131
2021-06-18 09:40:28,2221.75,741178
2021-06-18 09:40:29,2221.1,741180
2021-06-18 09:40:30,2221.7,741206
2021-06-18 09:40:31,2221.3,741240
2021-06-18 09:40:32,2221.2,741378
2021-06-18 09:40:33,2221.25,741489
2021-06-18 09:40:35,2221.75,741554
2021-06-18 09:40:35,2221.75,741554
2021-06-18 09:40:36,2221.7,741789
2021-06-18 09:40:37,2221.2,741803
2021-06-18 09:40:38,2221.75,741914
2021-06-18 09:40:39,2221.75,741923
2021-06-18 09:40:40,2221.75,742045
2021-06-18 09:40:41,2221.6,742545
2021-06-18 09:40:42,2221.65,742767
2021-06-18 09:40:44,2221.65,742832
2021-06-18 09:40:45,2221.75,742880
2021-06-18 09:40:46,2222.0,743379
2021-06-18 09:40:47,2221.5,743394
2021-06-18 09:40:47,2221.6,743399
2021-06-18 09:40:49,2221.75,744041
2021-06-18 09:40:50,2221.95,744199
2021-06-18 09:40:51,2221.5,744205
2021-06-18 09:40:51,2221.5,744205
2021-06-18 09:40:52,2221.5,744295
2021-06-18 09:40:53,2221.5,744375
2021-06-18 09:40:54,2221.5,744451
2021-06-18 09:40:55,2221.6,744557
2021-06-18 09:40:56,2221.5,744559
2021-06-18 09:40:58,2221.6,744606
2021-06-18 09:40:58,2221.6,744606
2021-06-18 09:40:59,2221.8,744681
2021-06-18 09:41:00,2221.75,744682
2021-06-18 09:41:01,2221.5,745005
2021-06-18 09:41:02,2221.7,745132
2021-06-18 09:41:03,2221.95,745342
2021-06-18 09:41:04,2221.5,745702
2021-06-18 09:41:05,2221.75,745752
2021-06-18 09:41:07,2222.0,745969
2021-06-18 09:41:08,2221.5,746174
2021-06-18 09:41:08,2221.5,746211
2021-06-18 09:41:09,2221.65,746456
2021-06-18 09:41:10,2221.5,746765
2021-06-18 09:41:11,2222.0,748272
2021-06-18 09:41:13,2221.7,748486
2021-06-18 09:41:14,2221.5,748578
2021-06-18 09:41:15,2221.5,748644
2021-06-18 09:41:16,2221.5,749097
2021-06-18 09:41:17,2221.5,749247
2021-06-18 09:41:18,2221.5,749436
2021-06-18 09:41:18,2221.5,749451
2021-06-18 09:41:19,2221.5,749503
2021-06-18 09:41:20,2221.5,749612
2021-06-18 09:41:21,2221.5,749856
2021-06-18 09:41:23,2221.5,750102
2021-06-18 09:41:24,2221.3,750463
2021-06-18 09:41:24,2221.3,750515
2021-06-18 09:41:25,2221.5,750535
2021-06-18 09:41:26,2221.3,750599
2021-06-18 09:41:27,2221.1,750912
2021-06-18 09:41:28,2221.0,751622
2021-06-18 09:41:30,2220.7,752856
2021-06-18 09:41:31,2220.0,754840
2021-06-18 09:41:32,2220.0,755207
2021-06-18 09:41:33,2220.0,755601
2021-06-18 09:41:33,2220.0,755869
2021-06-18 09:41:34,2220.0,756106
2021-06-18 09:41:35,2220.0,756276
2021-06-18 09:41:36,2219.75,760131
2021-06-18 09:41:38,2218.75,760151
2021-06-18 09:41:39,2218.55,760207
2021-06-18 09:41:40,2218.7,760215
2021-06-18 09:41:41,2218.35,760615
2021-06-18 09:41:42,2218.7,760660
2021-06-18 09:41:43,2218.7,760671
2021-06-18 09:41:44,2218.35,760678
2021-06-18 09:41:44,2218.6,760724
2021-06-18 09:41:45,2218.55,760926
2021-06-18 09:41:47,2218.6,760937
2021-06-18 09:41:48,2219.5,760962
2021-06-18 09:41:49,2218.5,761317
2021-06-18 09:41:49,2218.5,761337
2021-06-18 09:41:50,2219.5,761567
2021-06-18 09:41:51,2218.6,761729
2021-06-18 09:41:52,2219.45,761772
2021-06-18 09:41:53,2218.6,761872
2021-06-18 09:41:55,2218.75,762485
2021-06-18 09:41:56,2218.6,762693
2021-06-18 09:41:56,2218.6,762683
2021-06-18 09:41:57,2218.6,762759
2021-06-18 09:41:58,2218.6,762806
2021-06-18 09:41:59,2219.35,763177
2021-06-18 09:42:01,2218.75,763281
2021-06-18 09:42:02,2218.75,763290
2021-06-18 09:42:03,2218.75,763357
2021-06-18 09:42:04,2219.3,763874
2021-06-18 09:42:05,2219.3,763880
2021-06-18 09:42:05,2219.3,763880
2021-06-18 09:42:06,2219.3,763880
2021-06-18 09:42:07,2219.3,763915
2021-06-18 09:42:08,2219.15,764425
2021-06-18 09:42:09,2219.15,764425
2021-06-18 09:42:10,2218.55,764440
2021-06-18 09:42:11,2219.05,764631
2021-06-18 09:42:13,2218.45,764687
2021-06-18 09:42:14,2218.35,764848
2021-06-18 09:42:14,2218.35,764863
2021-06-18 09:42:15,2218.3,768409
2021-06-18 09:42:16,2217.35,768462
2021-06-18 09:42:17,2218.3,768508
2021-06-18 09:42:20,2217.7,768690
2021-06-18 09:42:21,2218.3,768709
2021-06-18 09:42:22,2217.7,768720
2021-06-18 09:42:23,2217.7,768751
2021-06-18 09:42:23,2217.7,768751
2021-06-18 09:42:26,2218.3,769082
2021-06-18 09:42:27,2218.3,769186
2021-06-18 09:42:27,2218.3,769186
2021-06-18 09:42:28,2218.3,769216
2021-06-18 09:42:29,2217.7,769227
2021-06-18 09:42:30,2218.0,769241
2021-06-18 09:42:31,2217.7,769351
2021-06-18 09:42:33,2218.0,769406
2021-06-18 09:42:34,2217.95,769988
2021-06-18 09:42:35,2217.95,769988
2021-06-18 09:42:36,2218.0,770198
2021-06-18 09:42:37,2217.65,770500
2021-06-18 09:42:37,2217.65,770507
2021-06-18 09:42:38,2218.0,770515
2021-06-18 09:42:39,2217.75,770575
2021-06-18 09:42:40,2217.0,770680
2021-06-18 09:42:42,2217.0,770861
2021-06-18 09:42:43,2217.0,771293
2021-06-18 09:42:43,2217.0,771387
2021-06-18 09:42:44,2217.15,771395
2021-06-18 09:42:45,2217.0,771475
2021-06-18 09:42:46,2217.2,771599
2021-06-18 09:42:47,2217.0,772102
2021-06-18 09:42:48,2217.0,772288
2021-06-18 09:42:49,2217.0,772774
2021-06-18 09:42:50,2217.15,772857
2021-06-18 09:42:51,2217.0,773136
2021-06-18 09:42:52,2217.0,773204
2021-06-18 09:42:53,2217.3,773638
2021-06-18 09:42:54,2217.1,773724
2021-06-18 09:42:56,2217.95,773922
2021-06-18 09:42:57,2217.0,773951
2021-06-18 09:42:58,2217.0,774001
2021-06-18 09:42:58,2217.0,774001
2021-06-18 09:42:59,2217.0,774005
2021-06-18 09:43:00,2217.55,774280
2021-06-18 09:43:01,2217.0,774660
2021-06-18 09:43:02,2217.0,774670
2021-06-18 09:43:03,2217.0,774680
2021-06-18 09:43:05,2216.8,775469
2021-06-18 09:43:06,2216.5,775809
2021-06-18 09:43:08,2217.0,776032
2021-06-18 09:43:09,2216.6,776155
2021-06-18 09:43:10,2216.9,776484
2021-06-18 09:43:11,2216.95,776546
2021-06-18 09:43:12,2217.0,776767
2021-06-18 09:43:14,2216.9,778301
2021-06-18 09:43:15,2217.0,778393
2021-06-18 09:43:16,2216.9,779041
2021-06-18 09:43:17,2216.9,779156
2021-06-18 09:43:18,2216.9,779180
2021-06-18 09:43:19,2216.9,779188
2021-06-18 09:43:20,2218.25,781911
2021-06-18 09:43:20,2216.9,779389
2021-06-18 09:43:21,2217.05,782286
2021-06-18 09:43:22,2217.05,782310
2021-06-18 09:43:23,2216.9,782377
2021-06-18 09:43:24,2216.9,782397
2021-06-18 09:43:25,2217.0,782626
2021-06-18 09:43:27,2217.0,782626
2021-06-18 09:43:28,2217.0,782626
2021-06-18 09:43:29,2216.9,782672
2021-06-18 09:43:30,2216.9,782722
2021-06-18 09:43:31,2217.0,783746
2021-06-18 09:43:32,2216.9,783918
2021-06-18 09:43:33,2218.0,784147
2021-06-18 09:43:34,2217.35,784221
2021-06-18 09:43:35,2216.9,784317
2021-06-18 09:43:35,2217.35,784440
2021-06-18 09:43:36,2217.35,784468
2021-06-18 09:43:37,2217.65,784546
2021-06-18 09:43:38,2217.75,784747
2021-06-18 09:43:40,2217.35,784808
2021-06-18 09:43:41,2218.0,784872
2021-06-18 09:43:42,2217.45,785033
2021-06-18 09:43:43,2218.05,785044
2021-06-18 09:43:43,2218.05,785049
2021-06-18 09:43:44,2218.05,785227
2021-06-18 09:43:45,2217.4,785237
2021-06-18 09:43:46,2218.0,785417
2021-06-18 09:43:47,2217.4,785573
2021-06-18 09:43:48,2217.9,785589
2021-06-18 09:43:50,2217.9,785601
2021-06-18 09:43:51,2217.4,785631
2021-06-18 09:43:52,2217.95,785689
2021-06-18 09:43:53,2217.95,785689
2021-06-18 09:43:54,2217.4,786387
2021-06-18 09:43:55,2217.3,786529
2021-06-18 09:43:56,2217.1,786552
2021-06-18 09:43:57,2217.0,786563
2021-06-18 09:43:58,2217.0,786626
2021-06-18 09:43:59,2217.0,786626
2021-06-18 09:44:00,2217.55,786708
2021-06-18 09:44:00,2217.55,786708
2021-06-18 09:44:01,2217.4,786718
2021-06-18 09:44:02,2217.3,786898
2021-06-18 09:44:03,2217.0,787263
2021-06-18 09:44:04,2217.05,787307
2021-06-18 09:44:06,2217.0,787335
2021-06-18 09:44:07,2217.0,787460
2021-06-18 09:44:08,2217.0,787460
2021-06-18 09:44:09,2217.0,788134
2021-06-18 09:44:11,2216.5,788142
2021-06-18 09:44:12,2216.5,788250
2021-06-18 09:44:13,2217.0,788380
2021-06-18 09:44:14,2217.05,788973
2021-06-18 09:44:15,2217.35,789431
2021-06-18 09:44:16,2217.1,789588
2021-06-18 09:44:17,2218.0,789638
2021-06-18 09:44:18,2217.1,789750
2021-06-18 09:44:19,2218.0,789815
2021-06-18 09:44:20,2218.0,789865
2021-06-18 09:44:21,2217.7,790167
2021-06-18 09:44:22,2217.65,790425
2021-06-18 09:44:23,2217.75,790450
2021-06-18 09:44:23,2218.0,790498
2021-06-18 09:44:24,2218.0,790500
2021-06-18 09:44:25,2217.8,790925
2021-06-18 09:44:28,2218.15,791815
2021-06-18 09:44:29,2218.3,791863
2021-06-18 09:44:30,2218.2,791890
2021-06-18 09:44:31,2218.15,792307
2021-06-18 09:44:32,2218.15,792383
2021-06-18 09:44:33,2218.2,792405
2021-06-18 09:44:34,2218.2,792565
2021-06-18 09:44:34,2218.15,792524
2021-06-18 09:44:35,2218.35,792876
2021-06-18 09:44:36,2218.15,792986
2021-06-18 09:44:37,2218.9,793111
2021-06-18 09:44:39,2218.15,793434
2021-06-18 09:44:40,2218.05,794129
2021-06-18 09:44:41,2218.0,794257
2021-06-18 09:44:42,2218.15,794263
2021-06-18 09:44:43,2218.0,794332
2021-06-18 09:44:44,2218.1,794599
2021-06-18 09:44:45,2218.1,794618
2021-06-18 09:44:46,2218.1,795320
2021-06-18 09:44:47,2218.0,795321
2021-06-18 09:44:48,2218.0,795321
2021-06-18 09:44:49,2218.0,795331
2021-06-18 09:44:50,2218.0,795401
2021-06-18 09:44:51,2218.0,795725
2021-06-18 09:44:52,2218.05,796248
2021-06-18 09:44:54,2218.15,796335
2021-06-18 09:44:56,2218.1,796469
2021-06-18 09:44:58,2218.05,797608
2021-06-18 09:44:59,2218.0,797635
2021-06-18 09:45:00,2218.1,798956
2021-06-18 09:45:02,2218.05,799662
2021-06-18 09:45:03,2218.1,799664
2021-06-18 09:45:04,2218.05,799981
2021-06-18 09:45:05,2217.95,800271
2021-06-18 09:45:06,2217.05,800579
2021-06-18 09:45:07,2217.05,800994
2021-06-18 09:45:08,2217.05,801076
2021-06-18 09:45:09,2217.4,801201
2021-06-18 09:45:10,2216.7,801421
2021-06-18 09:45:11,2217.6,801676
2021-06-18 09:45:12,2217.9,802043
2021-06-18 09:45:13,2217.75,802213
2021-06-18 09:45:14,2217.1,802433
2021-06-18 09:45:15,2217.45,802613
2021-06-18 09:45:16,2217.15,802626
2021-06-18 09:45:17,2217.15,802691
2021-06-18 09:45:18,2217.0,803029
2021-06-18 09:45:19,2217.05,803349
2021-06-18 09:45:20,2217.15,803587
2021-06-18 09:45:21,2216.95,803778
2021-06-18 09:45:22,2216.95,803868
2021-06-18 09:45:23,2216.8,803918
2021-06-18 09:45:24,2217.2,804285
2021-06-18 09:45:25,2218.0,804771
2021-06-18 09:45:26,2217.1,804955
2021-06-18 09:45:27,2217.15,805055
2021-06-18 09:45:28,2217.2,805352
2021-06-18 09:45:28,2217.2,805352
2021-06-18 09:45:29,2217.9,805897
2021-06-18 09:45:30,2218.5,806033
2021-06-18 09:45:32,2218.2,806420
2021-06-18 09:45:33,2218.4,807470
2021-06-18 09:45:34,2217.75,807683
2021-06-18 09:45:35,2217.0,807869
2021-06-18 09:45:36,2217.3,808332
2021-06-18 09:45:37,2218.4,808641
2021-06-18 09:45:38,2218.35,808802
2021-06-18 09:45:39,2217.65,808871
2021-06-18 09:45:40,2218.55,809170
2021-06-18 09:45:41,2218.05,809831
2021-06-18 09:45:42,2217.95,809857
2021-06-18 09:45:43,2217.75,809922
2021-06-18 09:45:44,2218.75,810651
2021-06-18 09:45:45,2218.95,810844
2021-06-18 09:45:45,2218.95,810844
2021-06-18 09:45:46,2219.0,812173
2021-06-18 09:45:47,2217.55,812737
2021-06-18 09:45:48,2218.05,813560
2021-06-18 09:45:50,2218.8,813695
2021-06-18 09:45:51,2219.0,813916
2021-06-18 09:45:52,2218.55,814055
2021-06-18 09:45:53,2218.55,814068
2021-06-18 09:45:54,2218.55,814107
2021-06-18 09:45:55,2219.0,814120
2021-06-18 09:45:56,2218.55,814201
2021-06-18 09:45:57,2219.0,814261
2021-06-18 09:45:58,2218.55,814270
2021-06-18 09:45:59,2218.6,814680
2021-06-18 09:46:00,2218.55,815028
2021-06-18 09:46:01,2218.55,815141
2021-06-18 09:46:02,2218.55,815328
2021-06-18 09:46:03,2218.55,815369
2021-06-18 09:46:04,2218.6,815472
2021-06-18 09:46:05,2218.55,815670
2021-06-18 09:46:06,2218.0,817341
2021-06-18 09:46:07,2217.1,817545
2021-06-18 09:46:08,2217.85,818250
2021-06-18 09:46:10,2217.95,818413
2021-06-18 09:46:12,2217.95,818414
2021-06-18 09:46:13,2217.9,818514
2021-06-18 09:46:14,2217.9,818598
2021-06-18 09:46:15,2217.3,818760
2021-06-18 09:46:16,2217.4,819053
2021-06-18 09:46:17,2217.5,819068
2021-06-18 09:46:18,2217.95,819646
2021-06-18 09:46:18,2217.95,819646
2021-06-18 09:46:19,2217.45,819734
2021-06-18 09:46:20,2217.9,819958
2021-06-18 09:46:21,2217.9,819970
2021-06-18 09:46:22,2217.9,819970
2021-06-18 09:46:24,2217.9,820156
2021-06-18 09:46:25,2217.45,820157
2021-06-18 09:46:26,2217.55,820189
2021-06-18 09:46:27,2217.45,820491
2021-06-18 09:46:28,2217.45,820672
2021-06-18 09:46:29,2217.45,820672
2021-06-18 09:46:30,2217.5,820727
2021-06-18 09:46:31,2217.85,820875
2021-06-18 09:46:32,2217.5,820894
2021-06-18 09:46:33,2217.45,820972
2021-06-18 09:46:33,2217.5,820952
2021-06-18 09:46:35,2217.9,821024
2021-06-18 09:46:36,2217.5,821034
2021-06-18 09:46:37,2217.55,821099
2021-06-18 09:46:38,2217.5,821662
2021-06-18 09:46:39,2217.45,821692
2021-06-18 09:46:40,2217.5,821844
2021-06-18 09:46:41,2217.5,821869
2021-06-18 09:46:42,2217.4,822453
2021-06-18 09:46:43,2217.9,822454
2021-06-18 09:46:44,2217.4,822764
2021-06-18 09:46:45,2217.25,822789
2021-06-18 09:46:46,2217.25,822801
2021-06-18 09:46:47,2217.0,822843
2021-06-18 09:46:48,2217.5,822854
2021-06-18 09:46:48,2217.5,822854
2021-06-18 09:46:49,2217.35,822878
2021-06-18 09:46:51,2217.0,823879
2021-06-18 09:46:52,2216.5,824069
2021-06-18 09:46:53,2216.55,824418
2021-06-18 09:46:54,2217.3,824595
2021-06-18 09:46:55,2217.3,825140
2021-06-18 09:46:56,2216.55,825265
2021-06-18 09:46:57,2216.55,825293
2021-06-18 09:46:57,2216.55,825293
2021-06-18 09:46:58,2216.9,825355
2021-06-18 09:47:00,2216.55,825381
2021-06-18 09:47:01,2216.9,825425
2021-06-18 09:47:02,2216.55,825435
2021-06-18 09:47:03,2216.55,825467
2021-06-18 09:47:04,2216.55,825528
2021-06-18 09:47:05,2216.55,825785
2021-06-18 09:47:06,2216.0,827000
2021-06-18 09:47:07,2216.3,827011
2021-06-18 09:47:08,2216.0,827117
2021-06-18 09:47:08,2216.0,827122
2021-06-18 09:47:10,2216.0,827397
2021-06-18 09:47:14,2216.0,829041
2021-06-18 09:47:15,2216.0,829119
2021-06-18 09:47:16,2215.7,829320
2021-06-18 09:47:17,2215.7,829379
2021-06-18 09:47:18,2215.3,829571
2021-06-18 09:47:19,2215.1,829617
2021-06-18 09:47:20,2215.1,829627
2021-06-18 09:47:21,2215.1,829656
2021-06-18 09:47:21,2215.1,829656
2021-06-18 09:47:23,2214.0,831432
2021-06-18 09:47:24,2214.0,831517
2021-06-18 09:47:25,2214.0,831517
2021-06-18 09:47:26,2214.0,831869
2021-06-18 09:47:27,2214.6,832102
2021-06-18 09:47:28,2214.0,832162
2021-06-18 09:47:29,2214.0,832211
2021-06-18 09:47:30,2214.0,832251
2021-06-18 09:47:31,2214.7,832351
2021-06-18 09:47:32,2214.35,835517
2021-06-18 09:47:33,2214.35,835780
2021-06-18 09:47:34,2214.0,836044
2021-06-18 09:47:35,2214.0,836699
2021-06-18 09:47:36,2213.95,836908
2021-06-18 09:47:37,2213.35,837062
2021-06-18 09:47:38,2213.4,837330
2021-06-18 09:47:39,2214.25,837806
2021-06-18 09:47:40,2214.65,838065
2021-06-18 09:47:42,2214.65,838272
2021-06-18 09:47:43,2214.65,838287
2021-06-18 09:47:45,2214.0,838569
2021-06-18 09:47:46,2214.0,838569
2021-06-18 09:47:47,2213.95,838738
2021-06-18 09:47:48,2213.95,838986
2021-06-18 09:47:49,2213.35,839334
2021-06-18 09:47:50,2213.95,839340
2021-06-18 09:47:52,2213.15,839893
2021-06-18 09:47:54,2213.15,840128
2021-06-18 09:47:55,2213.15,840128
2021-06-18 09:47:56,2213.15,840180
2021-06-18 09:47:57,2213.8,840309
2021-06-18 09:47:58,2213.5,840313
2021-06-18 09:47:59,2213.85,840471
2021-06-18 09:48:00,2213.3,840584
2021-06-18 09:48:01,2213.85,840636
2021-06-18 09:48:02,2213.85,840652
2021-06-18 09:48:03,2213.8,840977
2021-06-18 09:48:04,2213.8,841206
2021-06-18 09:48:05,2213.8,841258
2021-06-18 09:48:06,2213.85,841280
2021-06-18 09:48:07,2213.8,841412
2021-06-18 09:48:08,2212.8,844215
2021-06-18 09:48:09,2213.0,844499
2021-06-18 09:48:10,2213.0,844598
2021-06-18 09:48:11,2213.0,844998
2021-06-18 09:48:12,2213.1,845264
2021-06-18 09:48:13,2212.85,845802
2021-06-18 09:48:15,2213.05,846792
2021-06-18 09:48:16,2213.5,847239
2021-06-18 09:48:17,2213.05,847344
2021-06-18 09:48:21,2212.95,848383
2021-06-18 09:48:20,2212.8,848361
2021-06-18 09:48:22,2212.8,848484
2021-06-18 09:48:23,2212.8,848592
2021-06-18 09:48:24,2212.8,848655
2021-06-18 09:48:25,2212.8,848730
2021-06-18 09:48:26,2212.8,849888
2021-06-18 09:48:27,2212.8,850353
2021-06-18 09:48:28,2212.95,850738
2021-06-18 09:48:29,2212.95,850845
2021-06-18 09:48:30,2212.95,850950
2021-06-18 09:48:31,2212.95,850989
2021-06-18 09:48:32,2213.0,851544
2021-06-18 09:48:33,2213.05,851887
2021-06-18 09:48:34,2213.05,851891
2021-06-18 09:48:35,2213.0,852053
2021-06-18 09:48:36,2213.0,852225
2021-06-18 09:48:37,2213.0,852800
2021-06-18 09:48:38,2213.0,852952
2021-06-18 09:48:39,2213.0,852970
2021-06-18 09:48:40,2212.85,853612
2021-06-18 09:48:41,2212.85,853612
2021-06-18 09:48:42,2212.85,854163
2021-06-18 09:48:43,2212.8,854607
2021-06-18 09:48:44,2212.8,854962
2021-06-18 09:48:45,2212.8,855065
2021-06-18 09:48:46,2212.55,856734
2021-06-18 09:48:47,2211.05,868813
2021-06-18 09:48:48,2210.9,869596
2021-06-18 09:48:49,2210.85,870064
2021-06-18 09:48:50,2210.9,870537
2021-06-18 09:48:51,2210.9,871757
2021-06-18 09:48:52,2210.9,872165
2021-06-18 09:48:53,2210.9,872422
2021-06-18 09:48:54,2211.05,872970
2021-06-18 09:48:55,2210.9,873509
2021-06-18 09:48:56,2211.0,873645
2021-06-18 09:48:57,2211.05,874178
2021-06-18 09:48:58,2211.05,874178
2021-06-18 09:48:59,2211.05,874640
2021-06-18 09:49:00,2211.05,874840
2021-06-18 09:49:01,2211.05,875419
2021-06-18 09:49:02,2211.05,875861
2021-06-18 09:49:03,2211.05,876152
2021-06-18 09:49:04,2211.0,876752
2021-06-18 09:49:05,2211.05,876996
2021-06-18 09:49:06,2210.8,877348
2021-06-18 09:49:07,2211.15,878903
2021-06-18 09:49:08,2211.15,879432
2021-06-18 09:49:09,2211.15,880016
2021-06-18 09:49:10,2211.1,880127
2021-06-18 09:49:11,2211.55,880262
2021-06-18 09:49:12,2211.25,880910
2021-06-18 09:49:13,2210.6,881130
2021-06-18 09:49:14,2210.1,881253
2021-06-18 09:49:15,2210.75,881527
2021-06-18 09:49:16,2210.95,881787
2021-06-18 09:49:17,2210.0,882526
2021-06-18 09:49:18,2210.0,883088
2021-06-18 09:49:19,2210.15,883508
2021-06-18 09:49:20,2210.95,883675
2021-06-18 09:49:21,2210.05,883945
2021-06-18 09:49:22,2210.85,884282
2021-06-18 09:49:23,2210.0,884912
2021-06-18 09:49:24,2210.0,885038
2021-06-18 09:49:25,2210.5,885212
2021-06-18 09:49:26,2210.5,885916
2021-06-18 09:49:27,2210.0,886148
2021-06-18 09:49:28,2210.0,886180
2021-06-18 09:49:29,2209.75,892885
2021-06-18 09:49:30,2208.85,893237
2021-06-18 09:49:31,2208.85,893237
2021-06-18 09:49:32,2208.95,893421
2021-06-18 09:49:33,2209.75,893590
2021-06-18 09:49:34,2209.7,893870
2021-06-18 09:49:36,2209.0,894528
2021-06-18 09:49:37,2209.75,894616
2021-06-18 09:49:38,2208.95,894890
2021-06-18 09:49:38,2209.1,894940
2021-06-18 09:49:39,2209.75,895143
2021-06-18 09:49:40,2209.05,895558
2021-06-18 09:49:41,2210.7,897014
2021-06-18 09:49:42,2209.75,897186
2021-06-18 09:49:43,2209.75,897269
2021-06-18 09:49:44,2209.65,897439
2021-06-18 09:49:45,2210.0,897656
2021-06-18 09:49:46,2210.0,897957
2021-06-18 09:49:47,2210.55,898082
2021-06-18 09:49:48,2209.55,898598
2021-06-18 09:49:49,2209.15,898741
2021-06-18 09:49:51,2210.0,899480
2021-06-18 09:49:52,2209.05,899612
2021-06-18 09:49:53,2209.0,899904
2021-06-18 09:49:54,2209.75,900064
2021-06-18 09:49:55,2209.0,900232
2021-06-18 09:49:57,2209.0,900415
2021-06-18 09:49:58,2209.3,901496
2021-06-18 09:49:59,2209.3,901619
2021-06-18 09:50:00,2209.1,902182
2021-06-18 09:50:01,2209.0,902306
2021-06-18 09:50:02,2209.1,902389
2021-06-18 09:50:03,2209.6,902822
2021-06-18 09:50:05,2209.1,902957
2021-06-18 09:50:06,2210.0,903219
2021-06-18 09:50:07,2210.0,903581
2021-06-18 09:50:08,2209.2,903686
2021-06-18 09:50:08,2209.1,903736
2021-06-18 09:50:09,2209.95,903808
2021-06-18 09:50:10,2209.95,904008
2021-06-18 09:50:11,2210.0,904549
2021-06-18 09:50:12,2210.65,905648
2021-06-18 09:50:13,2210.35,906332
2021-06-18 09:50:14,2210.9,906728
2021-06-18 09:50:16,2211.0,907230
2021-06-18 09:50:17,2211.0,907605
2021-06-18 09:50:17,2209.9,910602
2021-06-18 09:50:18,2210.3,914924
2021-06-18 09:50:19,2207.0,922277
2021-06-18 09:50:20,2206.65,924418
2021-06-18 09:50:21,2209.25,926723
2021-06-18 09:50:22,2207.15,927378
2021-06-18 09:50:23,2208.7,927878
2021-06-18 09:50:24,2207.2,930609
2021-06-18 09:50:25,2207.2,930663
2021-06-18 09:50:26,2206.05,931353
2021-06-18 09:50:27,2207.0,932947
2021-06-18 09:50:30,2207.25,934340
2021-06-18 09:50:31,2206.0,934423
2021-06-18 09:50:32,2207.05,934665
2021-06-18 09:50:32,2207.15,934624
2021-06-18 09:50:33,2206.65,934764
2021-06-18 09:50:34,2206.2,935020
2021-06-18 09:50:35,2206.0,935447
2021-06-18 09:50:36,2205.9,935643
2021-06-18 09:50:38,2207.0,935921
2021-06-18 09:50:39,2205.65,936662
2021-06-18 09:50:40,2206.65,937252
2021-06-18 09:50:40,2206.65,936902
2021-06-18 09:50:41,2206.15,937511
2021-06-18 09:50:42,2206.65,938654
2021-06-18 09:50:43,2206.6,939269
2021-06-18 09:50:44,2206.1,939682
2021-06-18 09:50:45,2206.25,939766
2021-06-18 09:50:46,2205.5,940268
2021-06-18 09:50:47,2206.2,940352
2021-06-18 09:50:48,2206.2,940716
2021-06-18 09:50:50,2207.75,941306
2021-06-18 09:50:50,2207.75,941436
2021-06-18 09:50:51,2207.75,941684
2021-06-18 09:50:52,2207.0,941689
2021-06-18 09:50:53,2207.0,942147
2021-06-18 09:50:54,2207.0,942314
2021-06-18 09:50:56,2207.0,942480
2021-06-18 09:50:56,2207.75,942479
2021-06-18 09:50:57,2207.6,942781
2021-06-18 09:50:58,2207.6,943003
2021-06-18 09:50:59,2206.7,943245
2021-06-18 09:51:00,2207.55,943316
2021-06-18 09:51:01,2206.85,943550
2021-06-18 09:51:02,2208.4,946464
2021-06-18 09:51:04,2208.1,946864
2021-06-18 09:51:04,2208.0,946865
2021-06-18 09:51:05,2208.1,946950
2021-06-18 09:51:06,2208.1,947035
2021-06-18 09:51:07,2207.65,947241
2021-06-18 09:51:08,2208.0,947331
2021-06-18 09:51:09,2207.7,947387
2021-06-18 09:51:10,2207.6,948014
2021-06-18 09:51:11,2208.3,949036
2021-06-18 09:51:12,2208.1,949453
2021-06-18 09:51:13,2208.0,949665
2021-06-18 09:51:15,2208.1,949885
2021-06-18 09:51:16,2207.3,950314
2021-06-18 09:51:16,2208.1,949975
2021-06-18 09:51:17,2208.45,950691
2021-06-18 09:51:18,2208.5,951138
2021-06-18 09:51:19,2208.45,951271
2021-06-18 09:51:20,2208.0,951469
2021-06-18 09:51:21,2208.05,951793
2021-06-18 09:51:23,2208.4,951835
2021-06-18 09:51:23,2209.0,951985
2021-06-18 09:51:24,2208.45,952162
2021-06-18 09:51:25,2209.55,952335
2021-06-18 09:51:26,2209.0,952791
2021-06-18 09:51:27,2209.85,953104
2021-06-18 09:51:28,2209.65,953956
2021-06-18 09:51:29,2209.75,953993
2021-06-18 09:51:30,2209.85,954117
2021-06-18 09:51:31,2209.95,954260
2021-06-18 09:51:32,2209.0,954325
2021-06-18 09:51:33,2209.75,954336
2021-06-18 09:51:34,2209.0,954344
2021-06-18 09:51:35,2209.85,954416
2021-06-18 09:51:36,2209.85,954485
2021-06-18 09:51:37,2210.0,955431
2021-06-18 09:51:39,2210.0,955482
2021-06-18 09:51:39,2210.0,955582
2021-06-18 09:51:40,2210.0,956270
2021-06-18 09:51:41,2210.0,956610
2021-06-18 09:51:42,2210.0,956678
2021-06-18 09:51:43,2209.25,959350
2021-06-18 09:51:44,2210.15,959405
2021-06-18 09:51:45,2210.15,959544
2021-06-18 09:51:46,2209.25,959650
2021-06-18 09:51:47,2209.45,960392
2021-06-18 09:51:48,2209.85,960495
2021-06-18 09:51:50,2210.4,960635
2021-06-18 09:51:51,2210.4,960739
2021-06-18 09:51:52,2209.9,960946
2021-06-18 09:51:53,2210.5,961043
2021-06-18 09:51:55,2210.0,961099
2021-06-18 09:51:56,2210.1,961562
2021-06-18 09:51:56,2210.1,961562
2021-06-18 09:51:57,2211.0,961922
2021-06-18 09:51:58,2210.1,962247
2021-06-18 09:51:59,2210.4,962409
2021-06-18 09:52:01,2210.7,962572
2021-06-18 09:52:02,2209.65,962975
2021-06-18 09:52:03,2209.85,963150
2021-06-18 09:52:04,2210.65,963655
2021-06-18 09:52:04,2210.65,963655
2021-06-18 09:52:05,2209.1,965020
2021-06-18 09:52:06,2209.0,965251
2021-06-18 09:52:08,2209.0,965256
2021-06-18 09:52:09,2209.1,965644
2021-06-18 09:52:09,2209.1,965644
2021-06-18 09:52:10,2209.0,966456
2021-06-18 09:52:11,2209.15,966682
2021-06-18 09:52:12,2208.45,966812
2021-06-18 09:52:14,2208.2,969257
2021-06-18 09:52:15,2208.3,969684
2021-06-18 09:52:16,2209.05,970437
2021-06-18 09:52:17,2208.55,970464
2021-06-18 09:52:18,2209.1,970691
2021-06-18 09:52:19,2209.3,970806
2021-06-18 09:52:20,2209.0,970847
2021-06-18 09:52:21,2209.9,972225
2021-06-18 09:52:23,2209.7,972362
2021-06-18 09:52:24,2209.7,972400
2021-06-18 09:52:25,2209.75,972445
2021-06-18 09:52:26,2209.3,972446
2021-06-18 09:52:26,2209.3,972466
2021-06-18 09:52:27,2209.35,972678
2021-06-18 09:52:28,2209.3,972915
2021-06-18 09:52:29,2209.25,973028
2021-06-18 09:52:30,2209.05,973087
2021-06-18 09:52:31,2209.25,973088
2021-06-18 09:52:32,2209.25,973093
2021-06-18 09:52:33,2209.05,973123
2021-06-18 09:52:35,2209.55,973347
2021-06-18 09:52:36,2209.0,973359
2021-06-18 09:52:37,2208.3,973515
2021-06-18 09:52:37,2208.3,973515
2021-06-18 09:52:38,2209.2,973545
2021-06-18 09:52:39,2209.15,973815
2021-06-18 09:52:40,2206.85,977237
2021-06-18 09:52:42,2207.4,977863
2021-06-18 09:52:43,2206.5,978170
2021-06-18 09:52:44,2206.55,978610
2021-06-18 09:52:46,2207.4,978854
2021-06-18 09:52:47,2207.4,978887
2021-06-18 09:52:47,2206.45,978931
2021-06-18 09:52:48,2207.4,978936
2021-06-18 09:52:49,2206.5,979035
2021-06-18 09:52:51,2206.4,979418
2021-06-18 09:52:52,2206.4,979431
2021-06-18 09:52:53,2206.0,985074
2021-06-18 09:52:54,2206.05,985975
2021-06-18 09:52:54,2206.05,985975
2021-06-18 09:52:55,2206.1,986373
2021-06-18 09:52:56,2206.5,986380
2021-06-18 09:52:57,2207.6,987082
2021-06-18 09:52:58,2206.95,987110
2021-06-18 09:52:59,2207.15,987346
2021-06-18 09:53:00,2207.2,987976
2021-06-18 09:53:01,2207.1,988006
2021-06-18 09:53:03,2206.95,988086
2021-06-18 09:53:04,2207.0,988097
2021-06-18 09:53:05,2206.6,988362
2021-06-18 09:53:05,2207.35,988377
2021-06-18 09:53:06,2207.4,988437
2021-06-18 09:53:07,2207.4,988547
2021-06-18 09:53:08,2206.8,988594
2021-06-18 09:53:09,2207.2,988639
2021-06-18 09:53:10,2206.85,988950
2021-06-18 09:53:11,2207.0,989033
2021-06-18 09:53:12,2206.15,989541
2021-06-18 09:53:13,2206.1,989628
2021-06-18 09:53:14,2206.7,989815
2021-06-18 09:53:15,2206.45,989845
2021-06-18 09:53:17,2206.7,990160
2021-06-18 09:53:18,2206.1,990173
2021-06-18 09:53:19,2206.0,991755
2021-06-18 09:53:21,2206.0,991807
2021-06-18 09:53:24,2206.1,992593
2021-06-18 09:53:25,2206.0,992717
2021-06-18 09:53:26,2206.0,992717
2021-06-18 09:53:26,2206.0,992847
2021-06-18 09:53:27,2206.0,992872
2021-06-18 09:53:28,2206.0,992929
2021-06-18 09:53:29,2205.85,993480
2021-06-18 09:53:30,2206.0,993482
2021-06-18 09:53:32,2205.6,993596
2021-06-18 09:53:33,2205.85,993703
2021-06-18 09:53:33,2206.0,993767
2021-06-18 09:53:35,2205.95,993850
2021-06-18 09:53:36,2205.5,993902
2021-06-18 09:53:36,2205.5,993902
2021-06-18 09:53:37,2205.2,994315
2021-06-18 09:53:38,2205.25,994962
2021-06-18 09:53:39,2205.9,995200
2021-06-18 09:53:40,2205.9,997270
2021-06-18 09:53:41,2205.5,997430
2021-06-18 09:53:42,2205.9,997559
2021-06-18 09:53:43,2205.55,997649
2021-06-18 09:53:44,2205.5,997764
2021-06-18 09:53:46,2205.2,997834
2021-06-18 09:53:47,2205.0,998415
2021-06-18 09:53:48,2205.05,998470
2021-06-18 09:53:49,2205.0,998501
2021-06-18 09:53:50,2205.0,998754
2021-06-18 09:53:51,2205.0,998986
2021-06-18 09:53:52,2206.0,1000177
2021-06-18 09:53:53,2205.55,1000275
2021-06-18 09:53:55,2205.9,1002450
2021-06-18 09:53:56,2206.0,1002781
2021-06-18 09:53:57,2205.95,1002893
2021-06-18 09:53:58,2205.25,1003092
2021-06-18 09:53:59,2205.5,1003145
2021-06-18 09:54:00,2205.95,1003338
2021-06-18 09:54:00,2205.95,1003328
2021-06-18 09:54:01,2205.4,1003370
2021-06-18 09:54:02,2205.35,1003545
2021-06-18 09:54:03,2205.35,1003557
2021-06-18 09:54:04,2205.25,1003715
2021-06-18 09:54:05,2205.9,1003878
2021-06-18 09:54:07,2205.9,1004133
2021-06-18 09:54:08,2206.8,1004686
2021-06-18 09:54:09,2206.2,1005320
2021-06-18 09:54:10,2205.2,1010347
2021-06-18 09:54:11,2205.2,1011895
2021-06-18 09:54:12,2205.2,1011992
2021-06-18 09:54:12,2203.85,1018596
2021-06-18 09:54:13,2204.1,1021035
2021-06-18 09:54:15,2204.55,1021870
2021-06-18 09:54:16,2204.0,1022286
2021-06-18 09:54:17,2203.1,1024863
2021-06-18 09:54:18,2203.75,1027064
2021-06-18 09:54:19,2203.25,1027608
2021-06-18 09:54:20,2203.8,1028836
2021-06-18 09:54:21,2204.95,1029593
2021-06-18 09:54:21,2204.95,1029593
2021-06-18 09:54:22,2204.15,1030575
2021-06-18 09:54:24,2203.85,1030725
2021-06-18 09:54:25,2204.0,1031309
2021-06-18 09:54:26,2204.15,1031400
2021-06-18 09:54:27,2204.0,1031997
2021-06-18 09:54:28,2204.0,1032406
2021-06-18 09:54:29,2204.05,1033625
2021-06-18 09:54:30,2204.5,1033874
2021-06-18 09:54:30,2204.0,1034058
2021-06-18 09:54:31,2202.7,1035836
2021-06-18 09:54:32,2202.65,1036212
2021-06-18 09:54:33,2202.95,1036535
2021-06-18 09:54:35,2203.0,1037472
2021-06-18 09:54:36,2202.8,1037665
2021-06-18 09:54:37,2202.55,1039271
2021-06-18 09:54:38,2202.55,1039560
2021-06-18 09:54:39,2202.55,1039828
2021-06-18 09:54:40,2202.0,1040148
2021-06-18 09:54:40,2202.05,1040312
2021-06-18 09:54:41,2202.55,1040733
2021-06-18 09:54:43,2202.5,1041018
2021-06-18 09:54:44,2202.55,1041413
2021-06-18 09:54:45,2203.35,1044192
2021-06-18 09:54:46,2203.45,1044260
2021-06-18 09:54:47,2202.6,1044372
2021-06-18 09:54:48,2202.5,1044531
2021-06-18 09:54:49,2202.6,1044682
2021-06-18 09:54:50,2202.6,1044886
2021-06-18 09:54:51,2202.6,1045142
2021-06-18 09:54:51,2202.8,1045252
2021-06-18 09:54:52,2202.5,1046446
2021-06-18 09:54:53,2202.15,1048407
2021-06-18 09:54:54,2202.6,1049062
2021-06-18 09:54:55,2201.95,1049493
2021-06-18 09:54:56,2200.65,1053522
2021-06-18 09:54:57,2200.55,1053908
2021-06-18 09:54:59,2200.0,1058791
2021-06-18 09:55:00,2199.7,1069074
2021-06-18 09:55:01,2199.05,1069700
2021-06-18 09:55:02,2199.05,1070235
2021-06-18 09:55:03,2199.85,1070689
2021-06-18 09:55:04,2199.9,1070804
2021-06-18 09:55:05,2199.2,1071594
2021-06-18 09:55:06,2199.85,1071709
2021-06-18 09:55:07,2199.85,1072217
2021-06-18 09:55:08,2199.05,1072552
2021-06-18 09:55:09,2199.9,1072861
2021-06-18 09:55:10,2199.8,1073251
2021-06-18 09:55:11,2199.2,1073342
2021-06-18 09:55:12,2200.0,1074224
2021-06-18 09:55:13,2198.85,1075281
2021-06-18 09:55:14,2199.75,1075772
2021-06-18 09:55:15,2200.0,1076089
2021-06-18 09:55:16,2199.05,1076584
2021-06-18 09:55:17,2199.8,1077166
2021-06-18 09:55:18,2199.05,1077724
2021-06-18 09:55:19,2199.1,1077949
2021-06-18 09:55:20,2199.55,1077973
2021-06-18 09:55:20,2199.0,1078073
2021-06-18 09:55:21,2199.05,1078689
2021-06-18 09:55:23,2199.95,1078835
2021-06-18 09:55:25,2199.75,1079739
2021-06-18 09:55:26,2199.85,1079892
2021-06-18 09:55:27,2199.9,1079948
2021-06-18 09:55:28,2200.0,1080050
2021-06-18 09:55:28,2199.25,1079995
2021-06-18 09:55:29,2199.2,1080216
2021-06-18 09:55:30,2199.0,1080328
2021-06-18 09:55:31,2199.05,1080539
2021-06-18 09:55:32,2199.0,1080907
2021-06-18 09:55:34,2198.0,1082173
2021-06-18 09:55:35,2198.0,1083123
2021-06-18 09:55:36,2198.35,1083614
2021-06-18 09:55:37,2197.5,1084186
2021-06-18 09:55:38,2196.6,1085159
2021-06-18 09:55:39,2197.5,1085481
2021-06-18 09:55:39,2196.7,1085491
2021-06-18 09:55:40,2197.45,1085600
2021-06-18 09:55:41,2196.65,1085892
2021-06-18 09:55:42,2196.5,1086707
2021-06-18 09:55:43,2197.0,1087026
2021-06-18 09:55:45,2196.75,1087703
2021-06-18 09:55:46,2197.0,1088293
2021-06-18 09:55:47,2197.65,1089554
2021-06-18 09:55:48,2196.3,1089704
2021-06-18 09:55:50,2196.4,1090579
2021-06-18 09:55:50,2196.25,1090569
2021-06-18 09:55:52,2197.45,1091432
2021-06-18 09:55:53,2196.4,1091910
2021-06-18 09:55:54,2197.0,1093147
2021-06-18 09:55:55,2196.55,1094203
2021-06-18 09:55:56,2197.0,1094284
2021-06-18 09:55:57,2196.1,1094861
2021-06-18 09:55:58,2197.0,1096136
2021-06-18 09:55:59,2197.8,1096527
2021-06-18 09:56:00,2197.0,1096814
2021-06-18 09:56:01,2197.25,1097692
2021-06-18 09:56:02,2198.3,1097887
2021-06-18 09:56:03,2197.8,1098174
2021-06-18 09:56:04,2198.15,1098206
2021-06-18 09:56:04,2198.35,1098246
2021-06-18 09:56:06,2198.55,1098289
2021-06-18 09:56:07,2197.75,1098745
2021-06-18 09:56:08,2197.0,1098867
2021-06-18 09:56:09,2197.0,1099148
2021-06-18 09:56:10,2197.0,1099508
2021-06-18 09:56:11,2197.05,1099984
2021-06-18 09:56:12,2197.05,1100137
2021-06-18 09:56:13,2197.05,1100250
2021-06-18 09:56:14,2197.05,1100314
2021-06-18 09:56:15,2197.05,1100430
2021-06-18 09:56:15,2197.05,1100432
2021-06-18 09:56:17,2197.65,1100605
2021-06-18 09:56:18,2197.85,1101451
2021-06-18 09:56:19,2197.15,1101540
2021-06-18 09:56:20,2197.15,1102069
2021-06-18 09:56:21,2198.3,1102335
2021-06-18 09:56:23,2197.45,1102814
2021-06-18 09:56:24,2197.0,1104742
2021-06-18 09:56:25,2197.05,1104994
2021-06-18 09:56:25,2197.05,1105170
2021-06-18 09:56:26,2196.65,1105792
2021-06-18 09:56:27,2196.1,1106292
2021-06-18 09:56:29,2196.6,1106736
2021-06-18 09:56:30,2196.1,1106747
2021-06-18 09:56:31,2196.8,1107031
2021-06-18 09:56:32,2196.05,1107660
2021-06-18 09:56:33,2196.8,1107665
2021-06-18 09:56:34,2197.0,1107822
2021-06-18 09:56:35,2197.25,1108042
2021-06-18 09:56:36,2196.6,1108344
2021-06-18 09:56:37,2197.3,1108381
2021-06-18 09:56:38,2197.4,1108514
2021-06-18 09:56:39,2196.6,1109125
2021-06-18 09:56:40,2197.3,1109232
2021-06-18 09:56:41,2197.3,1109316
2021-06-18 09:56:42,2197.15,1109606
2021-06-18 09:56:43,2197.25,1109742
2021-06-18 09:56:44,2197.4,1110035
2021-06-18 09:56:45,2198.0,1110336
2021-06-18 09:56:46,2197.65,1110618
2021-06-18 09:56:47,2197.8,1110764
2021-06-18 09:56:48,2197.7,1110789
2021-06-18 09:56:49,2197.65,1110946
2021-06-18 09:56:50,2197.65,1111021
2021-06-18 09:56:51,2198.55,1111699
2021-06-18 09:56:52,2197.95,1112406
2021-06-18 09:56:53,2197.9,1112607
2021-06-18 09:56:54,2197.65,1112723
2021-06-18 09:56:55,2198.0,1113430
2021-06-18 09:56:56,2198.2,1113720
2021-06-18 09:56:56,2198.2,1113734
2021-06-18 09:56:57,2198.0,1113849
2021-06-18 09:56:59,2197.75,1114419
2021-06-18 09:57:00,2197.4,1114496
2021-06-18 09:57:01,2197.65,1115835
2021-06-18 09:57:02,2197.75,1117367
2021-06-18 09:57:03,2197.65,1117425
2021-06-18 09:57:04,2197.95,1117730
2021-06-18 09:57:05,2197.05,1117744
2021-06-18 09:57:06,2197.5,1117818
2021-06-18 09:57:07,2197.5,1118048
2021-06-18 09:57:08,2197.6,1118473
2021-06-18 09:57:09,2197.0,1118590
2021-06-18 09:57:10,2196.75,1119171
2021-06-18 09:57:11,2197.0,1119604
2021-06-18 09:57:12,2197.15,1119619
2021-06-18 09:57:13,2195.5,1123165
2021-06-18 09:57:13,2196.35,1123425
2021-06-18 09:57:15,2196.0,1124552
2021-06-18 09:57:16,2195.7,1126812
2021-06-18 09:57:17,2194.6,1129863
2021-06-18 09:57:18,2193.55,1131852
2021-06-18 09:57:19,2193.95,1132151
2021-06-18 09:57:20,2195.15,1134183
2021-06-18 09:57:21,2195.45,1134222
2021-06-18 09:57:22,2194.6,1134790
2021-06-18 09:57:23,2196.15,1135208
2021-06-18 09:57:24,2195.85,1135421
2021-06-18 09:57:25,2195.65,1135664
2021-06-18 09:57:26,2195.75,1135690
2021-06-18 09:57:27,2196.35,1136235
2021-06-18 09:57:29,2195.0,1136507
2021-06-18 09:57:29,2195.0,1136507
2021-06-18 09:57:30,2195.0,1136679
2021-06-18 09:57:32,2195.0,1136766
2021-06-18 09:57:33,2195.85,1137233
2021-06-18 09:57:34,2195.0,1137303
2021-06-18 09:57:35,2194.0,1137562
2021-06-18 09:57:36,2194.9,1137744
2021-06-18 09:57:37,2194.05,1137750
2021-06-18 09:57:38,2194.85,1137970
2021-06-18 09:57:38,2194.65,1138076
2021-06-18 09:57:44,2194.3,1139418
2021-06-18 09:57:45,2194.0,1139682
2021-06-18 09:57:46,2193.4,1140182
2021-06-18 09:57:47,2194.55,1140580
2021-06-18 09:57:48,2193.4,1140807
2021-06-18 09:57:50,2193.85,1141530
2021-06-18 09:57:51,2193.85,1141721
2021-06-18 09:57:52,2194.75,1141893
2021-06-18 09:57:53,2194.75,1142029
2021-06-18 09:57:54,2194.75,1142230
2021-06-18 09:57:55,2194.35,1143381
2021-06-18 09:57:56,2194.0,1143928
2021-06-18 09:57:57,2194.35,1144086
2021-06-18 09:57:58,2194.35,1144317
2021-06-18 09:57:59,2193.85,1144806
2021-06-18 09:58:00,2193.85,1144972
2021-06-18 09:58:01,2194.55,1145159
2021-06-18 09:58:02,2194.75,1145450
2021-06-18 09:58:03,2195.0,1145636
2021-06-18 09:58:04,2194.2,1146314
2021-06-18 09:58:05,2195.7,1147279
2021-06-18 09:58:06,2195.1,1147683
2021-06-18 09:58:07,2195.75,1147786
2021-06-18 09:58:08,2195.3,1148432
2021-06-18 09:58:09,2197.2,1149060
2021-06-18 09:58:10,2197.25,1149355
2021-06-18 09:58:11,2196.75,1149588
2021-06-18 09:58:12,2195.65,1149672
2021-06-18 09:58:13,2196.65,1149744
2021-06-18 09:58:14,2196.6,1150066
2021-06-18 09:58:15,2196.55,1150305
2021-06-18 09:58:16,2198.3,1151531
2021-06-18 09:58:17,2198.65,1151689
2021-06-18 09:58:18,2198.35,1151690
2021-06-18 09:58:19,2198.1,1152538
2021-06-18 09:58:20,2198.15,1152539
2021-06-18 09:58:21,2197.85,1157132
2021-06-18 09:58:22,2197.7,1157476
2021-06-18 09:58:23,2198.5,1158074
2021-06-18 09:58:24,2198.45,1158223
2021-06-18 09:58:25,2198.45,1158243
2021-06-18 09:58:26,2197.45,1158682
2021-06-18 09:58:27,2198.0,1158870
2021-06-18 09:58:28,2198.0,1159956
2021-06-18 09:58:29,2198.75,1160216
2021-06-18 09:58:30,2198.0,1160386
2021-06-18 09:58:31,2198.85,1160776
2021-06-18 09:58:32,2198.85,1160933
2021-06-18 09:58:33,2198.85,1161073
2021-06-18 09:58:34,2198.85,1161105
2021-06-18 09:58:35,2198.85,1161195
2021-06-18 09:58:36,2198.85,1161274
2021-06-18 09:58:37,2199.2,1161938
2021-06-18 09:58:38,2198.85,1162014
2021-06-18 09:58:39,2198.4,1162275
2021-06-18 09:58:40,2199.75,1162558
2021-06-18 09:58:41,2198.5,1162654
2021-06-18 09:58:42,2199.55,1163144
2021-06-18 09:58:43,2198.4,1164301
2021-06-18 09:58:44,2199.4,1164469
2021-06-18 09:58:45,2199.4,1164834
2021-06-18 09:58:46,2199.4,1164956
2021-06-18 09:58:47,2199.7,1165506
2021-06-18 09:58:48,2199.4,1165587
2021-06-18 09:58:49,2199.9,1165642
2021-06-18 09:58:50,2199.9,1165747
2021-06-18 09:58:51,2200.0,1167668
2021-06-18 09:58:52,2199.8,1169836
2021-06-18 09:58:53,2200.0,1170451
2021-06-18 09:58:54,2200.3,1170502
2021-06-18 09:58:55,2200.05,1170553
2021-06-18 09:58:56,2200.15,1170821
2021-06-18 09:58:58,2199.45,1173245
2021-06-18 09:58:57,2200.9,1171165
2021-06-18 09:58:59,2200.0,1173491
2021-06-18 09:59:00,2200.0,1174137
2021-06-18 09:59:01,2200.25,1174346
2021-06-18 09:59:02,2200.0,1174519
2021-06-18 09:59:03,2200.95,1174726
2021-06-18 09:59:04,2200.85,1175339
2021-06-18 09:59:05,2201.95,1175953
2021-06-18 09:59:06,2201.8,1176248
2021-06-18 09:59:07,2202.3,1176704
2021-06-18 09:59:08,2202.0,1176932
2021-06-18 09:59:09,2202.5,1176947
2021-06-18 09:59:10,2202.55,1177502
2021-06-18 09:59:11,2203.4,1178261
2021-06-18 09:59:12,2202.15,1179956
2021-06-18 09:59:14,2201.95,1182690
2021-06-18 09:59:13,2201.15,1181967
2021-06-18 09:59:15,2202.2,1183275
2021-06-18 09:59:16,2202.35,1183856
2021-06-18 09:59:17,2202.5,1184106
2021-06-18 09:59:18,2202.0,1184327
2021-06-18 09:59:19,2202.35,1184410
2021-06-18 09:59:20,2202.0,1184669
2021-06-18 09:59:21,2202.0,1184669
2021-06-18 09:59:22,2202.55,1184951
2021-06-18 09:59:23,2202.45,1185629
2021-06-18 09:59:24,2202.35,1185798
2021-06-18 09:59:25,2202.0,1186298
2021-06-18 09:59:26,2201.9,1187932
2021-06-18 09:59:27,2202.0,1188549
2021-06-18 09:59:28,2202.0,1188810
2021-06-18 09:59:29,2202.0,1188923
2021-06-18 09:59:30,2202.0,1189144
2021-06-18 09:59:31,2202.0,1189340
2021-06-18 09:59:33,2202.0,1189699
2021-06-18 09:59:32,2202.0,1189699
2021-06-18 09:59:34,2202.0,1189941
2021-06-18 09:59:35,2201.4,1190303
2021-06-18 09:59:36,2201.4,1190430
2021-06-18 09:59:37,2201.4,1190557
2021-06-18 09:59:38,2201.4,1190862
2021-06-18 09:59:39,2200.65,1193141
2021-06-18 09:59:40,2200.65,1193537
2021-06-18 09:59:41,2200.0,1194448
2021-06-18 09:59:43,2200.4,1195030
2021-06-18 09:59:42,2199.95,1194783
2021-06-18 09:59:44,2199.4,1195034
2021-06-18 09:59:45,2199.2,1195185
2021-06-18 09:59:46,2200.05,1195353
2021-06-18 09:59:47,2199.4,1195493
2021-06-18 09:59:48,2200.55,1195788
2021-06-18 09:59:49,2199.7,1195798
2021-06-18 09:59:51,2200.0,1196469
2021-06-18 09:59:53,2199.5,1196710
2021-06-18 09:59:54,2198.85,1196867
2021-06-18 09:59:55,2199.65,1197199
2021-06-18 09:59:56,2199.5,1199642
2021-06-18 09:59:57,2200.0,1200307
2021-06-18 09:59:58,2200.0,1200700
2021-06-18 09:59:59,2199.3,1200880
2021-06-18 10:00:00,2199.5,1200952
2021-06-18 10:00:01,2199.2,1201321
2021-06-18 10:00:03,2199.2,1201457
2021-06-18 10:00:03,2200.0,1201493
2021-06-18 10:00:04,2198.1,1206819
2021-06-18 10:00:05,2199.25,1207553
2021-06-18 10:00:06,2198.9,1207840
2021-06-18 10:00:07,2198.85,1208087
2021-06-18 10:00:08,2198.7,1208212
2021-06-18 10:00:09,2198.0,1209126
2021-06-18 10:00:10,2197.9,1209223
2021-06-18 10:00:12,2197.0,1214500
2021-06-18 10:00:12,2197.1,1214600
2021-06-18 10:00:13,2195.45,1217184
2021-06-18 10:00:14,2196.65,1217959
2021-06-18 10:00:15,2195.75,1217990
2021-06-18 10:00:16,2196.8,1218001
2021-06-18 10:00:17,2196.45,1218035
2021-06-18 10:00:18,2195.6,1218082
2021-06-18 10:00:19,2195.6,1218693
2021-06-18 10:00:20,2196.5,1219743
2021-06-18 10:00:22,2195.05,1221096
2021-06-18 10:00:22,2195.05,1221096
2021-06-18 10:00:23,2195.7,1221348
2021-06-18 10:00:25,2195.7,1221886
2021-06-18 10:00:26,2195.0,1223454
2021-06-18 10:00:27,2194.75,1223775
2021-06-18 10:00:28,2194.9,1223935
2021-06-18 10:00:29,2195.4,1224587
2021-06-18 10:00:30,2193.95,1229786
2021-06-18 10:00:31,2195.4,1230875
2021-06-18 10:00:32,2195.6,1231287
2021-06-18 10:00:34,2197.0,1232278
2021-06-18 10:00:34,2197.0,1232278
2021-06-18 10:00:35,2196.1,1232302
2021-06-18 10:00:36,2196.9,1232518
2021-06-18 10:00:37,2196.95,1232714
2021-06-18 10:00:38,2196.45,1232791
2021-06-18 10:00:39,2197.0,1232960
2021-06-18 10:00:40,2196.45,1232993
2021-06-18 10:00:42,2197.0,1233036
2021-06-18 10:00:42,2197.0,1233040
2021-06-18 10:00:43,2196.25,1233065
2021-06-18 10:00:44,2196.25,1233065
2021-06-18 10:00:45,2196.9,1233546
2021-06-18 10:00:46,2196.95,1233601
2021-06-18 10:00:47,2196.9,1233906
2021-06-18 10:00:48,2197.2,1233966
2021-06-18 10:00:49,2197.2,1234053
2021-06-18 10:00:51,2197.0,1234638
2021-06-18 10:00:52,2196.2,1234717
2021-06-18 10:00:54,2196.2,1234769
2021-06-18 10:00:54,2196.7,1234819
2021-06-18 10:00:56,2196.45,1236156
2021-06-18 10:00:57,2195.7,1237438
2021-06-18 10:00:58,2196.2,1237489
2021-06-18 10:00:59,2195.7,1238257
2021-06-18 10:01:01,2195.7,1239107
2021-06-18 10:01:02,2195.3,1239462
2021-06-18 10:01:03,2196.3,1239607
2021-06-18 10:01:05,2196.45,1239608
2021-06-18 10:01:05,2196.45,1239608
2021-06-18 10:01:06,2196.9,1239748
2021-06-18 10:01:07,2196.25,1239875
2021-06-18 10:01:08,2197.0,1240693
2021-06-18 10:01:09,2196.45,1240931
2021-06-18 10:01:10,2196.3,1241798
2021-06-18 10:01:11,2197.0,1242196
2021-06-18 10:01:12,2196.55,1242330
2021-06-18 10:01:13,2196.65,1242439
2021-06-18 10:01:14,2197.15,1243084
2021-06-18 10:01:16,2197.5,1243275
2021-06-18 10:01:16,2198.1,1243210
2021-06-18 10:01:17,2198.6,1243974
2021-06-18 10:01:18,2197.4,1244004
2021-06-18 10:01:19,2197.9,1244122
2021-06-18 10:01:20,2198.95,1244248
2021-06-18 10:01:21,2198.7,1244481
2021-06-18 10:01:22,2199.45,1246669
2021-06-18 10:01:24,2199.5,1246990
2021-06-18 10:01:23,2199.0,1246679
2021-06-18 10:01:25,2199.0,1247165
2021-06-18 10:01:26,2199.55,1247539
2021-06-18 10:01:27,2199.9,1247719
2021-06-18 10:01:29,2200.0,1250529
2021-06-18 10:01:31,2200.1,1250991
2021-06-18 10:01:33,2200.3,1251656
2021-06-18 10:01:33,2200.1,1251676
2021-06-18 10:01:34,2200.55,1251919
2021-06-18 10:01:35,2200.55,1252142
2021-06-18 10:01:36,2200.55,1252159
2021-06-18 10:01:38,2200.65,1252760
2021-06-18 10:01:39,2200.55,1252964
2021-06-18 10:01:39,2201.0,1252966
2021-06-18 10:01:40,2200.6,1253310
2021-06-18 10:01:41,2201.05,1253426
2021-06-18 10:01:42,2201.5,1253437
2021-06-18 10:01:43,2200.9,1253663
2021-06-18 10:01:44,2201.8,1254327
2021-06-18 10:01:45,2201.8,1254474
2021-06-18 10:01:46,2201.8,1254597
2021-06-18 10:01:47,2202.55,1255341
2021-06-18 10:01:48,2202.55,1255349
2021-06-18 10:01:50,2201.95,1255738
2021-06-18 10:01:50,2201.9,1255844
2021-06-18 10:01:51,2201.95,1256144
2021-06-18 10:01:52,2202.0,1256207
2021-06-18 10:01:54,2201.9,1256324
2021-06-18 10:01:55,2201.9,1256451
2021-06-18 10:01:56,2201.85,1256896
2021-06-18 10:01:57,2201.1,1257030
2021-06-18 10:01:58,2202.0,1257097
2021-06-18 10:01:59,2201.35,1257382
2021-06-18 10:02:00,2201.4,1257511
2021-06-18 10:02:01,2201.55,1257519
2021-06-18 10:02:02,2201.2,1257559
2021-06-18 10:02:03,2201.55,1257713
2021-06-18 10:02:05,2201.9,1257756
2021-06-18 10:02:06,2201.9,1257870
2021-06-18 10:02:07,2202.0,1258132
2021-06-18 10:02:08,2202.0,1258284
2021-06-18 10:02:09,2202.55,1258844
2021-06-18 10:02:10,2202.0,1258964
2021-06-18 10:02:12,2203.65,1261001
2021-06-18 10:02:13,2203.6,1261108
2021-06-18 10:02:14,2203.6,1261433
2021-06-18 10:02:14,2203.6,1261333
2021-06-18 10:02:15,2203.6,1262108
2021-06-18 10:02:16,2204.9,1265031
2021-06-18 10:02:17,2205.0,1268876
2021-06-18 10:02:18,2204.9,1269380
2021-06-18 10:02:19,2205.45,1269959
2021-06-18 10:02:20,2204.25,1270891
2021-06-18 10:02:21,2204.9,1271274
2021-06-18 10:02:22,2205.0,1271700
2021-06-18 10:02:24,2204.9,1271944
2021-06-18 10:02:25,2205.4,1273184
2021-06-18 10:02:26,2205.6,1273734
2021-06-18 10:02:26,2205.0,1274150
2021-06-18 10:02:27,2206.05,1274918
2021-06-18 10:02:28,2206.9,1275239
2021-06-18 10:02:29,2207.65,1275853
2021-06-18 10:02:30,2206.9,1276967
2021-06-18 10:02:31,2207.45,1277098
2021-06-18 10:02:33,2206.8,1277535
2021-06-18 10:02:34,2207.45,1277762
2021-06-18 10:02:35,2207.85,1278088
2021-06-18 10:02:35,2207.4,1278158
2021-06-18 10:02:37,2207.7,1279902
2021-06-18 10:02:38,2208.7,1281156
2021-06-18 10:02:39,2208.9,1281570
2021-06-18 10:02:40,2208.15,1282451
2021-06-18 10:02:41,2208.2,1282955
2021-06-18 10:02:42,2208.85,1283646
2021-06-18 10:02:44,2208.9,1284005
2021-06-18 10:02:45,2208.9,1284160
2021-06-18 10:02:45,2208.0,1284483
2021-06-18 10:02:48,2208.0,1285286
2021-06-18 10:02:49,2207.15,1285901
2021-06-18 10:02:49,2208.0,1285941
2021-06-18 10:02:51,2207.3,1286742
2021-06-18 10:02:53,2208.85,1287652
2021-06-18 10:02:54,2207.65,1287809
2021-06-18 10:02:55,2208.0,1287890
2021-06-18 10:02:56,2208.0,1289050
2021-06-18 10:02:56,2208.5,1289400
2021-06-18 10:02:57,2208.0,1289614
2021-06-18 10:02:58,2207.6,1290229
2021-06-18 10:02:59,2208.1,1290514
2021-06-18 10:03:00,2207.6,1290962
2021-06-18 10:03:01,2207.85,1291325
2021-06-18 10:03:02,2207.85,1291409
2021-06-18 10:03:03,2207.95,1294212
2021-06-18 10:03:04,2207.55,1295271
2021-06-18 10:03:05,2207.5,1295964
2021-06-18 10:03:06,2206.15,1296078
2021-06-18 10:03:07,2207.8,1296543
2021-06-18 10:03:08,2207.7,1299572
2021-06-18 10:03:09,2207.85,1300315
2021-06-18 10:03:10,2207.25,1300499
2021-06-18 10:03:11,2207.8,1301636
2021-06-18 10:03:12,2207.8,1301906
2021-06-18 10:03:13,2207.9,1301945
2021-06-18 10:03:14,2208.3,1302845
2021-06-18 10:03:15,2207.6,1303934
2021-06-18 10:03:17,2208.15,1304098
2021-06-18 10:03:18,2208.75,1304389
2021-06-18 10:03:19,2208.6,1304441
2021-06-18 10:03:20,2208.75,1304745
2021-06-18 10:03:21,2208.75,1304808
2021-06-18 10:03:22,2208.6,1304850
2021-06-18 10:03:23,2208.6,1304890
2021-06-18 10:03:24,2208.6,1305087
2021-06-18 10:03:25,2208.2,1306048
2021-06-18 10:03:27,2208.3,1306838
2021-06-18 10:03:28,2207.3,1307055
2021-06-18 10:03:29,2208.5,1307239
2021-06-18 10:03:30,2208.6,1307335
2021-06-18 10:03:30,2208.6,1307335
2021-06-18 10:03:31,2208.0,1307958
2021-06-18 10:03:32,2208.6,1308077
2021-06-18 10:03:33,2208.65,1308303
2021-06-18 10:03:34,2208.5,1308581
2021-06-18 10:03:35,2208.5,1309123
2021-06-18 10:03:36,2208.6,1309463
2021-06-18 10:03:38,2208.6,1309525
2021-06-18 10:03:39,2208.6,1310216
2021-06-18 10:03:39,2208.6,1310218
2021-06-18 10:03:40,2208.5,1310798
2021-06-18 10:03:41,2209.0,1311317
2021-06-18 10:03:42,2209.2,1311406
2021-06-18 10:03:43,2209.4,1312150
2021-06-18 10:03:46,2209.2,1315408
2021-06-18 10:03:47,2209.1,1317240
2021-06-18 10:03:48,2210.1,1318905
2021-06-18 10:03:49,2210.7,1319250
2021-06-18 10:03:50,2210.85,1319688
2021-06-18 10:03:52,2211.45,1321108
2021-06-18 10:03:54,2211.0,1321374
2021-06-18 10:03:55,2211.0,1321658
2021-06-18 10:03:56,2211.0,1322561
2021-06-18 10:03:56,2211.0,1322753
2021-06-18 10:03:57,2211.05,1322970
2021-06-18 10:03:58,2211.0,1324279
2021-06-18 10:03:59,2211.4,1325329
2021-06-18 10:04:00,2211.45,1325476
2021-06-18 10:04:01,2211.4,1325874
2021-06-18 10:04:02,2210.95,1326325
2021-06-18 10:04:03,2210.85,1327283
2021-06-18 10:04:04,2210.95,1327495
2021-06-18 10:04:05,2211.4,1327916
2021-06-18 10:04:06,2211.4,1328090
2021-06-18 10:04:07,2211.45,1328161
2021-06-18 10:04:08,2211.0,1328625
2021-06-18 10:04:09,2210.35,1328861
2021-06-18 10:04:10,2211.0,1329565
2021-06-18 10:04:11,2211.15,1330071
2021-06-18 10:04:12,2210.7,1332101
2021-06-18 10:04:15,2209.75,1333638
2021-06-18 10:04:16,2209.3,1334452
2021-06-18 10:04:17,2209.6,1334690
2021-06-18 10:04:18,2209.4,1335191
2021-06-18 10:04:18,2209.55,1335227
2021-06-18 10:04:19,2208.75,1335583
2021-06-18 10:04:20,2208.75,1335875
2021-06-18 10:04:21,2209.3,1336299
2021-06-18 10:04:22,2210.25,1339093
2021-06-18 10:04:23,2210.4,1339247
2021-06-18 10:04:25,2210.4,1339853
2021-06-18 10:04:26,2210.4,1339965
2021-06-18 10:04:27,2211.0,1340970
2021-06-18 10:04:28,2211.05,1341507
2021-06-18 10:04:29,2211.0,1341872
2021-06-18 10:04:30,2211.0,1342513
2021-06-18 10:04:31,2211.05,1342814
2021-06-18 10:04:31,2210.35,1342861
2021-06-18 10:04:32,2211.0,1343409
2021-06-18 10:04:33,2210.8,1343539
2021-06-18 10:04:34,2211.0,1344037
2021-06-18 10:04:35,2210.8,1344251
2021-06-18 10:04:36,2211.0,1344409
2021-06-18 10:04:37,2210.9,1344620
2021-06-18 10:04:39,2210.9,1346520
2021-06-18 10:04:40,2210.9,1347192
2021-06-18 10:04:41,2210.9,1347670
2021-06-18 10:04:42,2211.0,1348326
2021-06-18 10:04:43,2211.0,1348345
2021-06-18 10:04:43,2210.8,1348502
2021-06-18 10:04:45,2210.85,1348853
2021-06-18 10:04:46,2210.0,1348893
2021-06-18 10:04:47,2210.0,1349265
2021-06-18 10:04:48,2210.0,1350446
2021-06-18 10:04:49,2210.35,1350573
2021-06-18 10:04:50,2210.8,1350600
2021-06-18 10:04:54,2210.75,1352361
2021-06-18 10:04:55,2210.85,1353103
2021-06-18 10:04:55,2210.85,1353103
2021-06-18 10:04:56,2211.0,1354355
2021-06-18 10:04:57,2211.0,1354744
2021-06-18 10:04:58,2211.0,1355660
2021-06-18 10:04:59,2210.85,1355991
2021-06-18 10:05:00,2210.6,1356836
2021-06-18 10:05:01,2210.95,1357751
2021-06-18 10:05:02,2210.8,1357849
2021-06-18 10:05:03,2210.8,1358001
2021-06-18 10:05:04,2210.7,1358276
2021-06-18 10:05:05,2210.05,1358486
2021-06-18 10:05:06,2210.75,1358532
2021-06-18 10:05:07,2210.85,1358632
2021-06-18 10:05:08,2210.15,1358653
2021-06-18 10:05:09,2210.8,1359166
2021-06-18 10:05:10,2210.8,1359210
2021-06-18 10:05:11,2210.2,1359235
2021-06-18 10:05:12,2211.85,1362542
2021-06-18 10:05:13,2211.65,1364509
2021-06-18 10:05:14,2212.0,1366726
2021-06-18 10:05:15,2211.9,1367362
2021-06-18 10:05:16,2212.2,1368032
2021-06-18 10:05:17,2212.0,1368238
2021-06-18 10:05:19,2212.45,1368483
2021-06-18 10:05:20,2212.0,1369281
2021-06-18 10:05:21,2212.0,1370169
2021-06-18 10:05:22,2211.65,1370542
2021-06-18 10:05:23,2211.55,1370624
2021-06-18 10:05:24,2211.05,1370887
2021-06-18 10:05:25,2210.75,1371224
2021-06-18 10:05:26,2210.45,1371393
2021-06-18 10:05:27,2210.35,1371435
2021-06-18 10:05:28,2209.65,1371656
2021-06-18 10:05:29,2210.35,1371835
2021-06-18 10:05:30,2211.5,1372125
2021-06-18 10:05:31,2211.45,1372234
2021-06-18 10:05:31,2211.25,1372239
2021-06-18 10:05:32,2210.6,1372828
2021-06-18 10:05:33,2210.5,1373043
2021-06-18 10:05:34,2210.5,1373190
2021-06-18 10:05:35,2210.5,1373202
2021-06-18 10:05:36,2210.45,1373281
2021-06-18 10:05:37,2210.05,1373939
2021-06-18 10:05:38,2210.85,1374046
2021-06-18 10:05:40,2209.65,1374600
2021-06-18 10:05:41,2210.6,1376774
2021-06-18 10:05:42,2209.55,1376919
2021-06-18 10:05:43,2210.45,1377194
2021-06-18 10:05:44,2210.55,1377765
2021-06-18 10:05:45,2210.6,1378119
2021-06-18 10:05:46,2210.55,1378491
2021-06-18 10:05:47,2210.55,1378560
2021-06-18 10:05:48,2209.65,1379064
2021-06-18 10:05:48,2210.5,1379551
2021-06-18 10:05:49,2209.6,1379699
2021-06-18 10:05:50,2210.55,1379746
2021-06-18 10:05:51,2209.75,1379893
2021-06-18 10:05:52,2209.75,1380051
2021-06-18 10:05:53,2209.8,1380673
2021-06-18 10:05:56,2210.4,1381052
2021-06-18 10:05:58,2210.75,1381818
2021-06-18 10:05:59,2210.7,1381899
2021-06-18 10:06:00,2211.7,1383719
2021-06-18 10:06:01,2211.7,1383810
2021-06-18 10:06:02,2210.75,1383928
2021-06-18 10:06:03,2210.45,1384693
2021-06-18 10:06:04,2210.5,1384751
2021-06-18 10:06:06,2211.4,1384759
2021-06-18 10:06:07,2211.45,1384821
2021-06-18 10:06:08,2211.0,1384969
2021-06-18 10:06:09,2211.7,1385092
2021-06-18 10:06:10,2211.7,1385141
2021-06-18 10:06:11,2211.5,1385177
2021-06-18 10:06:12,2211.5,1385255
2021-06-18 10:06:13,2211.95,1386327
2021-06-18 10:06:14,2212.7,1391367
2021-06-18 10:06:15,2212.8,1392886
2021-06-18 10:06:18,2212.55,1394558
2021-06-18 10:06:19,2213.6,1396439
2021-06-18 10:06:20,2213.7,1396631
2021-06-18 10:06:21,2213.75,1397021
2021-06-18 10:06:22,2213.7,1397503
2021-06-18 10:06:23,2213.0,1399264
2021-06-18 10:06:24,2213.5,1400220
2021-06-18 10:06:25,2213.55,1400688
2021-06-18 10:06:26,2212.95,1400885
2021-06-18 10:06:26,2213.0,1400943
2021-06-18 10:06:27,2213.0,1401485
