timestamp,ltp,volume
2021-06-18 09:16:31,423.1,513290
2021-06-18 09:16:32,423.15,524512
2021-06-18 09:16:33,423.15,526509
2021-06-18 09:16:34,423.25,533441
2021-06-18 09:16:35,423.2,535160
2021-06-18 09:16:36,423.25,540161
2021-06-18 09:16:37,423.25,540161
2021-06-18 09:16:38,422.85,560184
2021-06-18 09:16:39,422.9,563038
2021-06-18 09:16:40,423.0,567139
2021-06-18 09:16:42,422.95,575746
2021-06-18 09:16:43,423.0,578127
2021-06-18 09:16:44,422.95,581136
2021-06-18 09:16:45,422.8,583978
2021-06-18 09:16:46,423.0,586284
2021-06-18 09:16:47,423.0,589281
2021-06-18 09:16:48,422.8,593754
2021-06-18 09:16:49,423.0,595932
2021-06-18 09:16:50,423.0,597566
2021-06-18 09:16:51,423.0,599962
2021-06-18 09:16:52,422.95,600599
2021-06-18 09:16:53,423.0,602045
2021-06-18 09:16:55,422.95,602537
2021-06-18 09:16:54,423.0,602525
2021-06-18 09:16:56,422.9,603369
2021-06-18 09:16:57,422.9,605208
2021-06-18 09:16:58,422.9,605594
2021-06-18 09:16:59,422.95,606388
2021-06-18 09:17:00,422.95,608396
2021-06-18 09:17:01,422.95,610329
2021-06-18 09:17:03,422.95,628716
2021-06-18 09:17:04,423.0,628793
2021-06-18 09:17:05,423.0,631077
2021-06-18 09:17:06,423.0,633607
2021-06-18 09:17:07,423.0,635223
2021-06-18 09:17:08,422.9,638315
2021-06-18 09:17:11,422.85,642843
2021-06-18 09:17:12,422.9,650580
2021-06-18 09:17:16,422.8,660831
2021-06-18 09:17:17,422.9,671736
2021-06-18 09:17:18,422.9,672811
2021-06-18 09:17:19,422.95,674136
2021-06-18 09:17:20,422.95,675236
2021-06-18 09:17:21,422.95,676399
2021-06-18 09:17:22,422.8,678366
2021-06-18 09:17:23,422.9,678699
2021-06-18 09:17:24,422.8,683881
2021-06-18 09:17:25,422.95,686246
2021-06-18 09:17:26,423.0,688210
2021-06-18 09:17:27,423.0,688276
2021-06-18 09:17:28,422.95,688739
2021-06-18 09:17:29,422.8,689213
2021-06-18 09:17:30,422.95,691025
2021-06-18 09:17:31,422.95,691638
2021-06-18 09:17:32,422.95,692560
2021-06-18 09:17:33,422.95,694278
2021-06-18 09:17:34,423.0,696042
2021-06-18 09:17:35,422.6,738463
2021-06-18 09:17:36,422.4,740488
2021-06-18 09:17:37,422.55,746020
2021-06-18 09:17:38,422.45,746808
2021-06-18 09:17:39,422.25,748051
2021-06-18 09:17:40,422.25,748786
2021-06-18 09:17:42,422.4,751074
2021-06-18 09:17:43,422.35,751950
2021-06-18 09:17:44,422.35,757941
2021-06-18 09:17:45,422.4,758478
2021-06-18 09:17:46,422.1,759675
2021-06-18 09:17:47,422.25,765050
2021-06-18 09:17:48,422.3,766284
2021-06-18 09:17:49,422.3,768358
2021-06-18 09:17:50,422.25,770482
2021-06-18 09:17:51,422.15,770910
2021-06-18 09:17:52,422.15,772022
2021-06-18 09:17:53,422.25,772700
2021-06-18 09:17:54,422.15,773090
2021-06-18 09:17:55,421.95,819018
2021-06-18 09:17:56,421.95,821753
2021-06-18 09:17:57,422.0,826484
2021-06-18 09:17:58,421.95,833323
2021-06-18 09:17:59,422.05,839129
2021-06-18 09:18:00,421.85,842716
2021-06-18 09:18:01,421.8,846153
2021-06-18 09:18:02,422.05,851090
2021-06-18 09:18:03,422.2,862506
2021-06-18 09:18:04,422.15,863879
2021-06-18 09:18:05,422.2,866493
2021-06-18 09:18:06,422.2,867356
2021-06-18 09:18:07,422.2,871103
2021-06-18 09:18:08,422.2,872254
2021-06-18 09:18:09,422.3,877033
2021-06-18 09:18:11,422.4,879272
2021-06-18 09:18:12,422.25,881108
2021-06-18 09:18:13,422.5,883506
2021-06-18 09:18:14,422.5,884732
2021-06-18 09:18:15,422.3,886890
2021-06-18 09:18:15,422.45,886891
2021-06-18 09:18:16,422.25,892101
2021-06-18 09:18:17,422.25,894102
2021-06-18 09:18:18,422.25,895847
2021-06-18 09:18:19,422.05,896641
2021-06-18 09:18:20,422.1,898073
2021-06-18 09:18:21,422.35,899279
2021-06-18 09:18:22,422.2,902103
2021-06-18 09:18:23,422.2,905171
2021-06-18 09:18:24,422.25,906034
2021-06-18 09:18:25,422.25,908487
2021-06-18 09:18:26,422.25,909592
2021-06-18 09:18:27,422.05,910800
2021-06-18 09:18:28,422.05,912762
2021-06-18 09:18:29,422.15,914327
2021-06-18 09:18:30,422.1,940403
2021-06-18 09:18:31,422.1,941674
2021-06-18 09:18:32,422.1,942225
2021-06-18 09:18:33,422.15,943565
2021-06-18 09:18:35,422.05,948178
2021-06-18 09:18:35,422.2,948183
2021-06-18 09:18:36,422.2,950527
2021-06-18 09:18:37,422.2,951982
2021-06-18 09:18:38,422.05,954591
2021-06-18 09:18:39,422.05,955612
2021-06-18 09:18:40,422.2,956105
2021-06-18 09:18:41,422.2,957717
2021-06-18 09:18:42,422.25,959525
2021-06-18 09:18:43,422.25,961128
2021-06-18 09:18:44,422.25,961554
2021-06-18 09:18:45,422.2,962159
2021-06-18 09:18:47,422.05,964736
2021-06-18 09:18:47,422.05,965412
2021-06-18 09:18:48,422.2,966013
2021-06-18 09:18:49,422.05,966564
2021-06-18 09:18:50,422.05,966974
2021-06-18 09:18:51,422.1,972641
2021-06-18 09:18:52,422.0,979416
2021-06-18 09:18:53,421.8,989874
2021-06-18 09:18:54,421.7,993085
2021-06-18 09:18:55,421.6,995495
2021-06-18 09:18:56,421.55,997419
2021-06-18 09:18:57,421.45,1002581
2021-06-18 09:18:58,421.4,1003431
2021-06-18 09:18:59,421.4,1004303
2021-06-18 09:19:01,421.4,1004859
2021-06-18 09:19:01,421.35,1004941
2021-06-18 09:19:02,421.4,1007406
2021-06-18 09:19:03,421.25,1012919
2021-06-18 09:19:04,421.25,1027170
2021-06-18 09:19:05,421.1,1030380
2021-06-18 09:19:06,421.25,1035854
2021-06-18 09:19:08,420.65,1103535
2021-06-18 09:19:09,421.0,1112223
2021-06-18 09:19:10,421.15,1115420
2021-06-18 09:19:12,421.2,1119280
2021-06-18 09:19:12,421.25,1119988
2021-06-18 09:19:14,421.25,1120409
2021-06-18 09:19:14,421.25,1122635
2021-06-18 09:19:16,421.25,1123808
2021-06-18 09:19:17,421.2,1125478
2021-06-18 09:19:18,421.2,1126586
2021-06-18 09:19:19,421.25,1127323
2021-06-18 09:19:20,421.25,1128987
2021-06-18 09:19:21,421.1,1131684
2021-06-18 09:19:22,421.25,1133039
2021-06-18 09:19:23,421.35,1135094
2021-06-18 09:19:23,421.2,1135155
2021-06-18 09:19:24,421.5,1136571
2021-06-18 09:19:25,421.3,1138176
2021-06-18 09:19:26,421.35,1139127
2021-06-18 09:19:27,421.3,1139682
2021-06-18 09:19:28,421.3,1140333
2021-06-18 09:19:29,421.3,1141120
2021-06-18 09:19:30,421.55,1152875
2021-06-18 09:19:31,421.5,1155212
2021-06-18 09:19:32,421.45,1156190
2021-06-18 09:19:33,421.3,1156203
2021-06-18 09:19:34,421.4,1160634
2021-06-18 09:19:35,421.3,1163120
2021-06-18 09:19:37,421.5,1166455
2021-06-18 09:19:39,421.25,1170688
2021-06-18 09:19:40,421.3,1174015
2021-06-18 09:19:43,421.35,1191394
2021-06-18 09:19:45,421.25,1194039
2021-06-18 09:19:45,421.35,1194309
2021-06-18 09:19:46,421.2,1197826
2021-06-18 09:19:47,421.1,1198713
2021-06-18 09:19:48,421.2,1209176
2021-06-18 09:19:49,421.2,1212731
2021-06-18 09:19:50,420.8,1252548
2021-06-18 09:19:51,420.85,1255265
2021-06-18 09:19:53,420.8,1259191
2021-06-18 09:19:54,420.8,1264545
2021-06-18 09:19:55,420.75,1265864
2021-06-18 09:19:55,420.75,1265864
2021-06-18 09:19:56,420.85,1268029
2021-06-18 09:19:57,420.95,1268991
2021-06-18 09:19:58,420.6,1272019
2021-06-18 09:19:59,420.4,1273759
2021-06-18 09:20:00,420.55,1275899
2021-06-18 09:20:01,420.5,1277209
2021-06-18 09:20:02,420.3,1286621
2021-06-18 09:20:03,420.15,1292496
2021-06-18 09:20:04,420.4,1296141
2021-06-18 09:20:05,420.35,1298509
2021-06-18 09:20:06,420.15,1301287
2021-06-18 09:20:07,420.3,1302756
2021-06-18 09:20:09,420.1,1304444
2021-06-18 09:20:10,420.15,1307830
2021-06-18 09:20:11,420.15,1310107
2021-06-18 09:20:12,420.25,1316637
2021-06-18 09:20:13,420.3,1321721
2021-06-18 09:20:14,420.25,1322503
2021-06-18 09:20:16,420.2,1327337
2021-06-18 09:20:17,420.4,1331700
2021-06-18 09:20:18,420.25,1333525
2021-06-18 09:20:19,420.35,1338395
2021-06-18 09:20:19,420.35,1338624
2021-06-18 09:20:21,420.2,1348943
2021-06-18 09:20:22,420.3,1350303
2021-06-18 09:20:23,420.15,1352203
2021-06-18 09:20:23,420.15,1352203
2021-06-18 09:20:24,420.3,1360201
2021-06-18 09:20:25,420.3,1362263
2021-06-18 09:20:26,420.3,1372838
2021-06-18 09:20:27,420.45,1376159
2021-06-18 09:20:28,420.3,1377289
2021-06-18 09:20:29,420.3,1379303
2021-06-18 09:20:30,420.5,1380491
2021-06-18 09:20:31,420.35,1383785
2021-06-18 09:20:33,420.45,1384544
2021-06-18 09:20:33,420.25,1394280
2021-06-18 09:20:34,420.25,1395269
2021-06-18 09:20:35,420.2,1400486
2021-06-18 09:20:36,420.1,1403107
2021-06-18 09:20:38,420.05,1411478
2021-06-18 09:20:39,420.1,1414378
2021-06-18 09:20:40,420.2,1415153
2021-06-18 09:20:41,420.25,1420174
2021-06-18 09:20:42,420.25,1435238
2021-06-18 09:20:43,420.1,1438038
2021-06-18 09:20:43,420.1,1440275
2021-06-18 09:20:45,420.15,1441835
2021-06-18 09:20:46,419.95,1501282
2021-06-18 09:20:48,420.0,1514603
2021-06-18 09:20:49,420.15,1517098
2021-06-18 09:20:50,420.0,1520962
2021-06-18 09:20:51,420.25,1524676
2021-06-18 09:20:52,420.1,1527155
2021-06-18 09:20:53,420.3,1529884
2021-06-18 09:20:54,420.25,1529915
2021-06-18 09:20:55,420.1,1530640
2021-06-18 09:20:56,420.15,1531334
2021-06-18 09:20:57,420.15,1532472
2021-06-18 09:20:58,420.2,1533059
2021-06-18 09:20:59,420.1,1537290
2021-06-18 09:21:01,420.0,1539047
2021-06-18 09:21:02,420.1,1554840
2021-06-18 09:21:03,420.1,1559064
2021-06-18 09:21:04,420.0,1579317
2021-06-18 09:21:05,420.1,1582270
2021-06-18 09:21:06,420.1,1586861
2021-06-18 09:21:07,420.1,1589054
2021-06-18 09:21:07,420.0,1589818
2021-06-18 09:21:08,420.1,1591340
2021-06-18 09:21:09,419.9,1600445
2021-06-18 09:21:10,419.5,1611830
2021-06-18 09:21:11,419.7,1618930
2021-06-18 09:21:13,419.7,1627956
2021-06-18 09:21:14,419.8,1629359
2021-06-18 09:21:15,419.7,1636045
2021-06-18 09:21:16,419.55,1640022
2021-06-18 09:21:17,419.5,1640746
2021-06-18 09:21:18,419.65,1643518
2021-06-18 09:21:19,419.55,1644762
2021-06-18 09:21:20,419.65,1652655
2021-06-18 09:21:21,419.65,1654248
2021-06-18 09:21:22,419.45,1657240
2021-06-18 09:21:23,419.6,1658653
2021-06-18 09:21:23,419.6,1658991
2021-06-18 09:21:24,419.45,1664492
2021-06-18 09:21:25,419.6,1665424
2021-06-18 09:21:27,419.6,1672449
2021-06-18 09:21:29,419.5,1675075
2021-06-18 09:21:30,419.6,1678166
2021-06-18 09:21:31,419.55,1678861
2021-06-18 09:21:32,419.5,1680317
2021-06-18 09:21:33,419.4,1683200
2021-06-18 09:21:34,419.35,1683680
2021-06-18 09:21:35,419.5,1685125
2021-06-18 09:21:36,419.3,1688710
2021-06-18 09:21:36,419.5,1688971
2021-06-18 09:21:37,419.5,1694882
2021-06-18 09:21:38,419.6,1696524
2021-06-18 09:21:39,419.4,1699723
2021-06-18 09:21:40,419.5,1700222
2021-06-18 09:21:41,419.55,1702965
2021-06-18 09:21:43,419.35,1704395
2021-06-18 09:21:43,419.45,1704966
2021-06-18 09:21:44,419.5,1705587
2021-06-18 09:21:46,419.45,1705850
2021-06-18 09:21:47,419.45,1707710
2021-06-18 09:21:47,419.5,1708514
2021-06-18 09:21:48,419.55,1709627
2021-06-18 09:21:49,419.5,1711834
2021-06-18 09:21:51,419.45,1722897
2021-06-18 09:21:52,419.45,1725850
2021-06-18 09:21:53,419.45,1730412
2021-06-18 09:21:54,419.5,1731689
2021-06-18 09:21:54,419.6,1732184
2021-06-18 09:21:55,419.5,1733261
2021-06-18 09:21:56,419.3,1733840
2021-06-18 09:21:57,419.25,1739097
2021-06-18 09:21:59,419.25,1741648
2021-06-18 09:22:00,419.45,1744041
2021-06-18 09:22:01,419.1,1747851
2021-06-18 09:22:01,419.25,1747940
2021-06-18 09:22:02,419.25,1748271
2021-06-18 09:22:03,419.25,1750802
2021-06-18 09:22:04,419.25,1754680
2021-06-18 09:22:05,419.45,1760247
2021-06-18 09:22:07,419.15,1763731
2021-06-18 09:22:08,419.4,1764315
2021-06-18 09:22:09,419.3,1764982
2021-06-18 09:22:10,419.4,1765355
2021-06-18 09:22:11,419.3,1767613
2021-06-18 09:22:12,419.4,1768899
2021-06-18 09:22:13,419.3,1770525
2021-06-18 09:22:14,419.3,1774031
2021-06-18 09:22:14,419.3,1774636
2021-06-18 09:22:15,419.0,1782334
2021-06-18 09:22:16,419.15,1786329
2021-06-18 09:22:17,418.7,1848111
2021-06-18 09:22:18,418.5,1850935
2021-06-18 09:22:19,418.75,1860068
2021-06-18 09:22:21,419.0,1861377
2021-06-18 09:22:22,418.9,1864448
2021-06-18 09:22:23,419.0,1865611
2021-06-18 09:22:24,418.8,1868762
2021-06-18 09:22:25,418.8,1872289
2021-06-18 09:22:25,419.0,1874046
2021-06-18 09:22:26,418.9,1874629
2021-06-18 09:22:27,418.7,1875472
2021-06-18 09:22:29,418.8,1876073
2021-06-18 09:22:30,418.55,1882312
2021-06-18 09:22:31,418.65,1889477
2021-06-18 09:22:32,418.45,1891426
2021-06-18 09:22:32,418.5,1890576
2021-06-18 09:22:33,418.5,1892961
2021-06-18 09:22:35,418.55,1895627
2021-06-18 09:22:36,418.6,1901266
2021-06-18 09:22:37,418.6,1907355
2021-06-18 09:22:38,418.4,1918046
2021-06-18 09:22:38,418.6,1909199
2021-06-18 09:22:39,418.55,1926077
2021-06-18 09:22:40,418.9,1934049
2021-06-18 09:22:41,418.9,1938513
2021-06-18 09:22:42,418.95,1938759
2021-06-18 09:22:44,419.0,1941216
2021-06-18 09:22:45,418.95,1942670
2021-06-18 09:22:46,418.9,1944427
2021-06-18 09:22:47,418.95,1947468
2021-06-18 09:22:48,418.65,1952059
2021-06-18 09:22:48,418.65,1953497
2021-06-18 09:22:49,418.65,1956571
2021-06-18 09:22:51,418.8,1959484
2021-06-18 09:22:52,418.8,1963118
2021-06-18 09:22:53,418.9,1964142
2021-06-18 09:22:54,418.9,1964475
2021-06-18 09:22:55,418.8,1964861
2021-06-18 09:22:56,419.0,1969287
2021-06-18 09:22:59,419.0,1973965
2021-06-18 09:23:00,418.9,1979155
2021-06-18 09:23:02,419.05,1990051
2021-06-18 09:23:03,419.0,1992814
2021-06-18 09:23:04,418.9,1993342
2021-06-18 09:23:05,419.0,1993904
2021-06-18 09:23:06,419.0,1996573
2021-06-18 09:23:06,418.95,1997731
2021-06-18 09:23:08,419.0,2000095
2021-06-18 09:23:09,419.0,2005030
2021-06-18 09:23:11,419.15,2005573
2021-06-18 09:23:12,419.25,2006935
2021-06-18 09:23:13,419.05,2009029
2021-06-18 09:23:14,419.25,2010755
2021-06-18 09:23:14,419.25,2011196
2021-06-18 09:23:15,419.25,2013012
2021-06-18 09:23:16,419.25,2014333
2021-06-18 09:23:17,419.15,2017609
2021-06-18 09:23:18,419.25,2017997
2021-06-18 09:23:19,419.2,2020141
2021-06-18 09:23:20,419.05,2020548
2021-06-18 09:23:21,419.15,2034888
2021-06-18 09:23:22,419.1,2037727
2021-06-18 09:23:23,419.35,2044667
2021-06-18 09:23:25,419.15,2049779
2021-06-18 09:23:26,419.25,2050890
2021-06-18 09:23:27,419.35,2051793
2021-06-18 09:23:28,419.25,2053100
2021-06-18 09:23:29,419.25,2054526
2021-06-18 09:23:29,419.25,2054526
2021-06-18 09:23:30,419.35,2054683
2021-06-18 09:23:31,419.2,2055372
2021-06-18 09:23:32,419.35,2058448
2021-06-18 09:23:33,419.3,2060681
2021-06-18 09:23:35,419.25,2061940
2021-06-18 09:23:36,419.3,2065900
2021-06-18 09:23:37,419.2,2069405
2021-06-18 09:23:38,419.4,2071462
2021-06-18 09:23:39,419.35,2072099
2021-06-18 09:23:40,419.5,2073565
2021-06-18 09:23:41,419.55,2076058
2021-06-18 09:23:42,419.6,2078263
2021-06-18 09:23:43,419.45,2080771
2021-06-18 09:23:43,419.6,2080821
2021-06-18 09:23:44,419.7,2084806
2021-06-18 09:23:45,419.7,2085145
2021-06-18 09:23:47,419.55,2087835
2021-06-18 09:23:48,419.6,2089570
2021-06-18 09:23:49,419.5,2093852
2021-06-18 09:23:50,419.55,2097474
2021-06-18 09:23:51,419.55,2097808
2021-06-18 09:23:52,419.7,2102722
2021-06-18 09:23:53,419.75,2104099
2021-06-18 09:23:54,419.65,2105759
2021-06-18 09:23:55,419.6,2106010
2021-06-18 09:23:56,419.7,2108923
2021-06-18 09:23:57,419.8,2110895
2021-06-18 09:23:59,419.55,2116031
2021-06-18 09:24:04,419.55,2159158
2021-06-18 09:24:05,419.25,2162888
2021-06-18 09:24:06,419.25,2166732
2021-06-18 09:24:07,419.25,2168034
2021-06-18 09:24:08,419.2,2168522
2021-06-18 09:24:09,419.35,2168773
2021-06-18 09:24:10,419.25,2170165
2021-06-18 09:24:11,419.35,2170761
2021-06-18 09:24:12,419.35,2171980
2021-06-18 09:24:13,419.35,2172069
2021-06-18 09:24:14,419.35,2172608
2021-06-18 09:24:15,419.3,2172930
2021-06-18 09:24:16,419.35,2175211
2021-06-18 09:24:17,419.35,2175734
2021-06-18 09:24:18,419.35,2181064
2021-06-18 09:24:19,419.35,2184486
2021-06-18 09:24:20,419.55,2186781
2021-06-18 09:24:21,419.55,2187122
2021-06-18 09:24:22,419.45,2190514
2021-06-18 09:24:23,419.55,2190993
2021-06-18 09:24:23,419.4,2191283
2021-06-18 09:24:24,419.55,2192201
2021-06-18 09:24:25,419.55,2192750
2021-06-18 09:24:26,419.4,2198316
2021-06-18 09:24:27,419.6,2201319
2021-06-18 09:24:29,419.6,2202412
2021-06-18 09:24:30,419.55,2204150
2021-06-18 09:24:31,419.6,2205303
2021-06-18 09:24:32,419.7,2208376
2021-06-18 09:24:33,419.75,2208717
2021-06-18 09:24:34,419.7,2213745
2021-06-18 09:24:35,419.8,2216840
2021-06-18 09:24:36,419.75,2219720
2021-06-18 09:24:38,419.9,2230708
2021-06-18 09:24:39,420.1,2242306
2021-06-18 09:24:40,420.0,2243984
2021-06-18 09:24:41,419.9,2254768
2021-06-18 09:24:42,420.1,2262279
2021-06-18 09:24:43,420.1,2264080
2021-06-18 09:24:44,420.25,2276580
2021-06-18 09:24:45,420.25,2278581
2021-06-18 09:24:46,420.25,2282422
2021-06-18 09:24:47,420.15,2284992
2021-06-18 09:24:48,420.1,2285905
2021-06-18 09:24:49,420.25,2288590
2021-06-18 09:24:50,420.25,2289751
2021-06-18 09:24:51,420.15,2295481
2021-06-18 09:24:52,420.25,2297762
2021-06-18 09:24:53,420.15,2308876
2021-06-18 09:24:54,420.2,2334468
2021-06-18 09:24:55,420.2,2335004
2021-06-18 09:24:56,420.15,2342749
2021-06-18 09:24:57,420.15,2344421
2021-06-18 09:24:58,420.1,2354253
2021-06-18 09:24:59,420.15,2358292
2021-06-18 09:25:00,420.0,2361146
2021-06-18 09:25:01,420.05,2362823
2021-06-18 09:25:02,420.1,2364714
2021-06-18 09:25:03,420.0,2366064
2021-06-18 09:25:04,420.0,2366645
2021-06-18 09:25:05,420.1,2367449
2021-06-18 09:25:06,420.15,2370292
2021-06-18 09:25:07,420.15,2370835
2021-06-18 09:25:08,420.15,2371129
2021-06-18 09:25:09,420.15,2375280
2021-06-18 09:25:10,420.15,2377278
2021-06-18 09:25:11,420.25,2384463
2021-06-18 09:25:12,420.4,2389196
2021-06-18 09:25:13,420.4,2390093
2021-06-18 09:25:14,420.45,2391597
2021-06-18 09:25:15,420.45,2394119
2021-06-18 09:25:15,420.3,2393799
2021-06-18 09:25:16,420.45,2395890
2021-06-18 09:25:17,420.25,2396484
2021-06-18 09:25:18,420.45,2398573
2021-06-18 09:25:21,420.6,2406875
2021-06-18 09:25:22,420.65,2410344
2021-06-18 09:25:23,420.45,2415609
2021-06-18 09:25:24,420.6,2417094
2021-06-18 09:25:25,420.5,2421762
2021-06-18 09:25:25,420.7,2422555
2021-06-18 09:25:26,420.65,2422813
2021-06-18 09:25:28,420.7,2425255
2021-06-18 09:25:29,420.45,2427315
2021-06-18 09:25:30,420.65,2430736
2021-06-18 09:25:31,420.6,2432591
2021-06-18 09:25:32,420.65,2433929
2021-06-18 09:25:33,421.15,2487223
2021-06-18 09:25:34,421.25,2492322
2021-06-18 09:25:35,421.4,2503028
2021-06-18 09:25:36,421.5,2511050
2021-06-18 09:25:37,421.45,2515264
2021-06-18 09:25:38,421.55,2520081
2021-06-18 09:25:39,421.55,2528895
2021-06-18 09:25:40,422.0,2568914
2021-06-18 09:25:41,421.9,2593148
2021-06-18 09:25:42,421.8,2609170
2021-06-18 09:25:43,421.85,2614468
2021-06-18 09:25:43,421.8,2618014
2021-06-18 09:25:44,422.0,2624870
2021-06-18 09:25:45,421.75,2626244
2021-06-18 09:25:46,421.5,2628644
2021-06-18 09:25:48,421.35,2631328
2021-06-18 09:25:49,421.2,2636044
2021-06-18 09:25:50,421.0,2637296
2021-06-18 09:25:51,420.9,2641560
2021-06-18 09:25:52,421.05,2642811
2021-06-18 09:25:53,421.0,2644531
2021-06-18 09:25:54,420.75,2645287
2021-06-18 09:25:55,420.85,2646471
2021-06-18 09:25:55,420.75,2647168
2021-06-18 09:25:57,420.8,2649213
2021-06-18 09:25:58,420.8,2652226
2021-06-18 09:25:59,420.55,2666792
2021-06-18 09:26:00,420.8,2674955
2021-06-18 09:26:01,420.85,2681573
2021-06-18 09:26:02,420.9,2684469
2021-06-18 09:26:03,420.9,2686192
2021-06-18 09:26:04,420.9,2686833
2021-06-18 09:26:04,420.9,2687769
2021-06-18 09:26:05,420.8,2688130
2021-06-18 09:26:08,420.8,2691385
2021-06-18 09:26:09,420.8,2692738
2021-06-18 09:26:10,420.85,2695612
2021-06-18 09:26:11,420.65,2698030
2021-06-18 09:26:12,420.6,2698536
2021-06-18 09:26:13,420.65,2703344
2021-06-18 09:26:15,420.55,2707998
2021-06-18 09:26:16,420.65,2709687
2021-06-18 09:26:18,420.45,2712261
2021-06-18 09:26:17,420.65,2710942
2021-06-18 09:26:19,420.45,2716707
2021-06-18 09:26:20,420.6,2717177
2021-06-18 09:26:21,420.4,2719539
2021-06-18 09:26:22,420.55,2721464
2021-06-18 09:26:23,420.6,2723769
2021-06-18 09:26:24,420.6,2724520
2021-06-18 09:26:25,420.55,2725433
2021-06-18 09:26:26,420.55,2725483
2021-06-18 09:26:27,420.55,2725697
2021-06-18 09:26:28,420.55,2734209
2021-06-18 09:26:29,420.55,2736405
2021-06-18 09:26:30,420.55,2740436
2021-06-18 09:26:31,420.45,2742688
2021-06-18 09:26:32,420.45,2742688
2021-06-18 09:26:33,420.5,2744639
2021-06-18 09:26:34,420.55,2745201
2021-06-18 09:26:35,420.55,2745234
2021-06-18 09:26:38,420.5,2745877
2021-06-18 09:26:39,420.6,2750242
2021-06-18 09:26:40,420.6,2751883
2021-06-18 09:26:41,420.65,2752209
2021-06-18 09:26:42,420.65,2753936
2021-06-18 09:26:43,420.65,2755682
2021-06-18 09:26:44,420.6,2755825
2021-06-18 09:26:45,420.6,2756079
2021-06-18 09:26:46,420.7,2759975
2021-06-18 09:26:47,420.8,2760889
2021-06-18 09:26:48,420.75,2762031
2021-06-18 09:26:49,420.6,2762572
2021-06-18 09:26:50,420.7,2763554
2021-06-18 09:26:51,420.75,2765888
2021-06-18 09:26:52,420.7,2769472
2021-06-18 09:26:53,420.8,2770357
2021-06-18 09:26:54,420.8,2771006
2021-06-18 09:26:55,420.8,2773645
2021-06-18 09:26:56,420.75,2776389
2021-06-18 09:26:57,420.65,2777918
2021-06-18 09:26:58,420.7,2778128
2021-06-18 09:26:59,420.75,2779340
2021-06-18 09:27:00,420.85,2779721
2021-06-18 09:27:01,420.9,2780563
2021-06-18 09:27:02,420.85,2783374
2021-06-18 09:27:03,420.7,2784071
2021-06-18 09:27:04,420.85,2785221
2021-06-18 09:27:05,420.85,2785742
2021-06-18 09:27:06,420.8,2786110
2021-06-18 09:27:07,420.75,2789508
2021-06-18 09:27:08,420.7,2797688
2021-06-18 09:27:09,420.45,2814672
2021-06-18 09:27:11,420.65,2819404
2021-06-18 09:27:13,420.5,2825658
2021-06-18 09:27:14,420.5,2828441
2021-06-18 09:27:15,420.45,2828470
2021-06-18 09:27:16,420.5,2828876
2021-06-18 09:27:17,420.5,2830713
2021-06-18 09:27:18,420.5,2835186
2021-06-18 09:27:19,420.5,2836305
2021-06-18 09:27:20,420.5,2838902
2021-06-18 09:27:21,420.55,2839728
2021-06-18 09:27:22,420.5,2841955
2021-06-18 09:27:23,420.5,2842055
2021-06-18 09:27:24,420.5,2843622
2021-06-18 09:27:26,420.4,2845065
2021-06-18 09:27:27,420.5,2845424
2021-06-18 09:27:28,420.3,2846198
2021-06-18 09:27:29,420.45,2846530
2021-06-18 09:27:30,420.3,2847123
2021-06-18 09:27:31,420.3,2847123
2021-06-18 09:27:32,420.45,2849134
2021-06-18 09:27:33,420.4,2849688
2021-06-18 09:27:34,420.45,2851193
2021-06-18 09:27:35,420.3,2852676
2021-06-18 09:27:36,420.35,2853443
2021-06-18 09:27:37,420.45,2854518
2021-06-18 09:27:38,420.45,2855363
2021-06-18 09:27:39,420.7,2871139
2021-06-18 09:27:40,420.8,2875033
2021-06-18 09:27:43,420.7,2877751
2021-06-18 09:27:44,420.65,2878422
2021-06-18 09:27:45,420.5,2879557
2021-06-18 09:27:46,420.65,2880049
2021-06-18 09:27:47,420.65,2881384
2021-06-18 09:27:48,420.95,2892142
2021-06-18 09:27:49,421.0,2895305
2021-06-18 09:27:50,420.85,2896870
2021-06-18 09:27:51,421.0,2896899
2021-06-18 09:27:52,420.95,2898278
2021-06-18 09:27:53,420.85,2898427
2021-06-18 09:27:54,420.9,2898648
2021-06-18 09:27:55,420.9,2898889
2021-06-18 09:27:56,420.8,2900026
2021-06-18 09:27:57,420.7,2904003
2021-06-18 09:27:58,420.8,2905128
2021-06-18 09:27:59,420.8,2906330
2021-06-18 09:28:00,420.7,2906966
2021-06-18 09:28:01,420.7,2908134
2021-06-18 09:28:02,420.7,2908234
2021-06-18 09:28:03,420.6,2910653
2021-06-18 09:28:04,420.65,2914105
2021-06-18 09:28:05,420.55,2925192
2021-06-18 09:28:06,420.45,2925369
2021-06-18 09:28:07,420.5,2933233
2021-06-18 09:28:08,420.5,2934657
2021-06-18 09:28:09,420.55,2934880
2021-06-18 09:28:10,420.5,2934953
2021-06-18 09:28:11,420.5,2935628
2021-06-18 09:28:12,420.5,2937916
2021-06-18 09:28:13,420.55,2938040
2021-06-18 09:28:14,420.55,2938460
2021-06-18 09:28:15,420.55,2938537
2021-06-18 09:28:16,420.55,2938537
2021-06-18 09:28:17,420.55,2939066
2021-06-18 09:28:18,420.6,2949824
2021-06-18 09:28:19,420.7,2953849
2021-06-18 09:28:20,420.8,2953977
2021-06-18 09:28:21,420.65,2954677
2021-06-18 09:28:22,420.6,2954780
2021-06-18 09:28:23,420.6,2954895
2021-06-18 09:28:24,420.7,2955378
2021-06-18 09:28:25,420.7,2955528
2021-06-18 09:28:26,420.65,2956588
2021-06-18 09:28:27,420.7,2958170
2021-06-18 09:28:28,420.7,2958513
2021-06-18 09:28:29,420.7,2958708
2021-06-18 09:28:30,420.7,2959105
2021-06-18 09:28:32,420.65,2959691
2021-06-18 09:28:33,420.65,2961373
2021-06-18 09:28:34,420.7,2962000
2021-06-18 09:28:34,420.7,2962049
2021-06-18 09:28:35,420.7,2962165
2021-06-18 09:28:36,420.7,2962235
2021-06-18 09:28:37,420.75,2962413
2021-06-18 09:28:38,420.8,2963537
2021-06-18 09:28:39,420.75,2963626
2021-06-18 09:28:40,420.8,2964443
2021-06-18 09:28:41,420.8,2966039
2021-06-18 09:28:42,420.75,2966590
2021-06-18 09:28:44,420.8,2966679
2021-06-18 09:28:45,420.75,2966864
2021-06-18 09:28:46,420.8,2967389
2021-06-18 09:28:47,420.8,2967721
2021-06-18 09:28:48,420.75,2967970
2021-06-18 09:28:49,420.75,2968097
2021-06-18 09:28:50,420.75,2969173
2021-06-18 09:28:50,420.75,2969594
2021-06-18 09:28:51,420.7,2970015
2021-06-18 09:28:52,420.75,2971210
2021-06-18 09:28:53,420.75,2971510
2021-06-18 09:28:55,420.7,2971712
2021-06-18 09:28:56,420.75,2971919
2021-06-18 09:28:57,420.75,2972538
2021-06-18 09:28:58,420.75,2972817
2021-06-18 09:29:00,420.85,2975951
2021-06-18 09:29:01,420.9,2976753
2021-06-18 09:29:01,420.85,2976765
2021-06-18 09:29:02,420.9,2982178
2021-06-18 09:29:03,420.9,2982268
2021-06-18 09:29:04,420.75,2982923
2021-06-18 09:29:05,420.7,2983856
2021-06-18 09:29:06,420.65,2985135
2021-06-18 09:29:07,420.55,2989796
2021-06-18 09:29:08,420.55,2989941
2021-06-18 09:29:09,420.6,2992313
2021-06-18 09:29:10,420.55,2992396
2021-06-18 09:29:11,420.5,2992856
2021-06-18 09:29:13,420.55,2995384
2021-06-18 09:29:14,420.55,2995415
2021-06-18 09:29:15,420.55,2995568
2021-06-18 09:29:16,420.55,2995862
2021-06-18 09:29:17,420.55,2996868
2021-06-18 09:29:18,420.55,2996928
2021-06-18 09:29:19,420.55,2997569
2021-06-18 09:29:20,420.55,2997819
2021-06-18 09:29:21,420.6,2999565
2021-06-18 09:29:23,420.65,3000305
2021-06-18 09:29:23,420.65,3000305
2021-06-18 09:29:24,420.65,3000344
2021-06-18 09:29:25,420.65,3001165
2021-06-18 09:29:26,420.6,3001699
2021-06-18 09:29:27,420.65,3002101
2021-06-18 09:29:28,420.65,3002292
2021-06-18 09:29:29,420.6,3003373
2021-06-18 09:29:30,420.65,3005339
2021-06-18 09:29:31,420.55,3005951
2021-06-18 09:29:32,420.55,3006406
2021-06-18 09:29:33,420.55,3007063
2021-06-18 09:29:34,420.6,3007422
2021-06-18 09:29:35,420.55,3007437
2021-06-18 09:29:37,420.55,3007910
2021-06-18 09:29:38,420.55,3007910
2021-06-18 09:29:39,420.6,3008805
2021-06-18 09:29:39,420.6,3008805
2021-06-18 09:29:40,420.6,3008882
2021-06-18 09:29:41,420.6,3009900
2021-06-18 09:29:42,420.6,3011060
2021-06-18 09:29:43,420.6,3011238
2021-06-18 09:29:44,420.6,3011509
2021-06-18 09:29:45,420.6,3012812
2021-06-18 09:29:46,420.6,3013054
2021-06-18 09:29:47,420.3,3091548
2021-06-18 09:29:48,420.1,3093584
2021-06-18 09:29:49,420.15,3097328
2021-06-18 09:29:50,420.25,3097343
2021-06-18 09:29:51,420.1,3099153
2021-06-18 09:29:52,420.15,3100599
2021-06-18 09:29:53,420.05,3101599
2021-06-18 09:29:54,420.05,3101705
2021-06-18 09:29:56,420.15,3101838
2021-06-18 09:29:56,420.15,3101839
2021-06-18 09:29:57,420.15,3102091
2021-06-18 09:29:58,420.05,3102374
2021-06-18 09:29:59,420.15,3102478
2021-06-18 09:30:00,420.15,3102608
2021-06-18 09:30:01,420.15,3103760
2021-06-18 09:30:02,420.05,3105086
2021-06-18 09:30:03,420.05,3114802
2021-06-18 09:30:05,420.0,3132107
2021-06-18 09:30:05,420.05,3132108
2021-06-18 09:30:06,420.05,3133350
2021-06-18 09:30:07,420.05,3133883
2021-06-18 09:30:08,420.05,3134731
2021-06-18 09:30:09,420.05,3134778
2021-06-18 09:30:10,419.85,3139764
2021-06-18 09:30:11,419.8,3140571
2021-06-18 09:30:12,419.8,3140885
2021-06-18 09:30:13,419.8,3142969
2021-06-18 09:30:14,419.8,3143583
2021-06-18 09:30:16,419.75,3145912
2021-06-18 09:30:17,419.65,3147436
2021-06-18 09:30:17,419.65,3147686
2021-06-18 09:30:19,419.75,3152807
2021-06-18 09:30:20,419.8,3153312
2021-06-18 09:30:21,419.8,3153620
2021-06-18 09:30:22,419.65,3154658
2021-06-18 09:30:23,419.75,3154729
2021-06-18 09:30:25,419.8,3155145
2021-06-18 09:30:26,419.65,3156097
2021-06-18 09:30:26,419.65,3156097
2021-06-18 09:30:27,419.7,3156508
2021-06-18 09:30:28,419.75,3157222
2021-06-18 09:30:29,419.75,3157853
2021-06-18 09:30:31,419.6,3160479
2021-06-18 09:30:32,419.75,3161852
2021-06-18 09:30:33,419.6,3164510
2021-06-18 09:30:33,419.55,3165431
2021-06-18 09:30:34,419.7,3166515
2021-06-18 09:30:35,419.7,3167663
2021-06-18 09:30:36,419.65,3168503
2021-06-18 09:30:37,419.5,3175697
2021-06-18 09:30:38,419.6,3176940
2021-06-18 09:30:39,419.4,3178780
2021-06-18 09:30:40,419.25,3181619
2021-06-18 09:30:41,419.25,3182294
2021-06-18 09:30:43,419.25,3182528
2021-06-18 09:30:44,419.35,3183645
2021-06-18 09:30:45,419.25,3184191
2021-06-18 09:30:46,419.25,3185636
2021-06-18 09:30:46,419.25,3185636
2021-06-18 09:30:47,419.35,3187046
2021-06-18 09:30:48,419.35,3187861
2021-06-18 09:30:49,419.35,3190688
2021-06-18 09:30:51,419.35,3190753
2021-06-18 09:30:52,419.2,3195635
2021-06-18 09:30:53,419.3,3195696
2021-06-18 09:30:53,419.25,3195728
2021-06-18 09:30:54,419.25,3197084
2021-06-18 09:30:55,419.15,3199624
2021-06-18 09:30:56,419.2,3200304
2021-06-18 09:30:57,419.2,3201401
2021-06-18 09:30:58,419.15,3204923
2021-06-18 09:31:00,419.2,3205812
2021-06-18 09:31:01,419.15,3206985
2021-06-18 09:31:01,419.15,3206995
2021-06-18 09:31:02,419.1,3207700
2021-06-18 09:31:03,419.05,3211322
2021-06-18 09:31:04,419.1,3211661
2021-06-18 09:31:05,419.05,3213038
2021-06-18 09:31:06,419.0,3218865
2021-06-18 09:31:07,419.0,3219660
2021-06-18 09:31:08,418.75,3261448
2021-06-18 09:31:09,418.95,3262340
2021-06-18 09:31:10,418.9,3263807
2021-06-18 09:31:11,418.9,3269778
2021-06-18 09:31:12,418.85,3269974
2021-06-18 09:31:13,418.85,3270886
2021-06-18 09:31:14,418.9,3275175
2021-06-18 09:31:15,418.9,3275882
2021-06-18 09:31:17,418.9,3276821
2021-06-18 09:31:18,418.85,3278116
2021-06-18 09:31:19,418.75,3285476
2021-06-18 09:31:19,418.75,3285476
2021-06-18 09:31:22,419.05,3296635
2021-06-18 09:31:23,419.15,3297886
2021-06-18 09:31:25,419.05,3299674
2021-06-18 09:31:26,419.25,3302172
2021-06-18 09:31:27,419.25,3302851
2021-06-18 09:31:28,419.15,3303271
2021-06-18 09:31:29,419.25,3306883
2021-06-18 09:31:29,419.25,3306883
2021-06-18 09:31:30,419.35,3307711
2021-06-18 09:31:31,419.3,3310184
2021-06-18 09:31:32,419.3,3310749
2021-06-18 09:31:33,419.4,3311510
2021-06-18 09:31:34,419.3,3311745
2021-06-18 09:31:35,419.25,3312755
2021-06-18 09:31:36,419.25,3313868
2021-06-18 09:31:37,419.25,3314612
2021-06-18 09:31:38,419.1,3320565
2021-06-18 09:31:39,419.2,3322471
2021-06-18 09:31:40,419.15,3324129
2021-06-18 09:31:41,419.0,3327449
2021-06-18 09:31:42,419.0,3331760
2021-06-18 09:31:43,419.15,3331779
2021-06-18 09:31:44,419.1,3334079
2021-06-18 09:31:46,419.05,3334182
2021-06-18 09:31:46,419.1,3334383
2021-06-18 09:31:48,419.0,3335452
2021-06-18 09:31:49,419.1,3336218
2021-06-18 09:31:50,419.0,3336461
2021-06-18 09:31:50,419.0,3336369
2021-06-18 09:31:51,419.0,3337044
2021-06-18 09:31:52,419.1,3338073
2021-06-18 09:31:53,419.1,3338143
2021-06-18 09:31:54,419.05,3338228
2021-06-18 09:31:55,419.1,3339305
2021-06-18 09:31:58,419.1,3342427
2021-06-18 09:31:59,419.1,3342539
2021-06-18 09:32:00,419.2,3342698
2021-06-18 09:32:00,419.2,3342698
2021-06-18 09:32:01,419.1,3343135
2021-06-18 09:32:03,419.05,3343245
2021-06-18 09:32:04,419.15,3347266
2021-06-18 09:32:04,419.0,3347100
2021-06-18 09:32:05,419.15,3347477
2021-06-18 09:32:06,419.1,3347496
2021-06-18 09:32:07,419.15,3348161
2021-06-18 09:32:08,419.0,3349768
2021-06-18 09:32:09,419.0,3350455
2021-06-18 09:32:10,419.0,3351659
2021-06-18 09:32:12,419.15,3352061
2021-06-18 09:32:13,419.0,3352663
2021-06-18 09:32:14,419.15,3354164
2021-06-18 09:32:15,419.0,3355909
2021-06-18 09:32:16,419.05,3356646
2021-06-18 09:32:17,419.0,3356961
2021-06-18 09:32:18,419.1,3357440
2021-06-18 09:32:18,419.0,3357224
2021-06-18 09:32:19,419.0,3358588
2021-06-18 09:32:20,418.6,3406469
2021-06-18 09:32:21,418.7,3408470
2021-06-18 09:32:24,418.75,3410990
2021-06-18 09:32:25,418.9,3412041
2021-06-18 09:32:26,418.95,3414219
2021-06-18 09:32:27,418.9,3414505
2021-06-18 09:32:28,418.9,3414577
2021-06-18 09:32:28,418.9,3414577
2021-06-18 09:32:29,418.7,3418272
2021-06-18 09:32:30,418.85,3420323
2021-06-18 09:32:32,418.9,3420352
2021-06-18 09:32:32,418.6,3421732
2021-06-18 09:32:34,418.7,3421928
2021-06-18 09:32:35,418.7,3422290
2021-06-18 09:32:36,418.7,3422859
2021-06-18 09:32:37,418.6,3429417
2021-06-18 09:32:38,418.75,3430071
2021-06-18 09:32:39,418.7,3430254
2021-06-18 09:32:40,418.7,3430625
2021-06-18 09:32:40,418.7,3431269
2021-06-18 09:32:41,418.5,3434929
2021-06-18 09:32:43,418.7,3435760
2021-06-18 09:32:44,418.65,3436136
2021-06-18 09:32:45,418.6,3436431
2021-06-18 09:32:46,418.65,3436481
2021-06-18 09:32:47,418.5,3438032
2021-06-18 09:32:47,418.7,3439317
2021-06-18 09:32:48,418.6,3441287
2021-06-18 09:32:50,418.65,3442676
2021-06-18 09:32:51,418.8,3444265
2021-06-18 09:32:51,418.85,3444266
2021-06-18 09:32:55,419.0,3448682
2021-06-18 09:32:56,419.0,3449117
2021-06-18 09:32:57,419.1,3453327
2021-06-18 09:32:59,419.15,3454174
2021-06-18 09:33:00,419.0,3454216
2021-06-18 09:33:01,419.15,3455121
2021-06-18 09:33:02,419.1,3455206
2021-06-18 09:33:03,419.1,3455337
2021-06-18 09:33:03,419.05,3455348
2021-06-18 09:33:05,419.05,3460293
2021-06-18 09:33:05,419.0,3460302
2021-06-18 09:33:07,418.95,3461073
2021-06-18 09:33:07,419.0,3461298
2021-06-18 09:33:08,418.95,3462922
2021-06-18 09:33:09,418.95,3465837
2021-06-18 09:33:10,418.8,3466542
2021-06-18 09:33:11,418.85,3467276
2021-06-18 09:33:13,418.85,3468954
2021-06-18 09:33:14,418.75,3469661
2021-06-18 09:33:15,418.75,3470391
2021-06-18 09:33:16,418.9,3471282
2021-06-18 09:33:17,418.95,3475525
2021-06-18 09:33:18,418.8,3476122
2021-06-18 09:33:19,418.8,3476311
2021-06-18 09:33:20,418.8,3476454
2021-06-18 09:33:21,418.8,3478384
2021-06-18 09:33:22,418.95,3478531
2021-06-18 09:33:22,418.95,3478531
2021-06-18 09:33:23,418.8,3479565
2021-06-18 09:33:24,418.9,3480230
2021-06-18 09:33:26,418.95,3481405
2021-06-18 09:33:27,419.0,3483159
2021-06-18 09:33:28,418.95,3483678
2021-06-18 09:33:28,418.95,3483678
2021-06-18 09:33:29,418.95,3484154
2021-06-18 09:33:30,418.95,3485271
2021-06-18 09:33:31,418.9,3485413
2021-06-18 09:33:33,418.85,3486880
2021-06-18 09:33:34,419.0,3487525
2021-06-18 09:33:35,419.0,3491079
2021-06-18 09:33:36,418.95,3491792
2021-06-18 09:33:37,419.0,3492092
2021-06-18 09:33:38,419.0,3492706
2021-06-18 09:33:38,418.85,3492776
2021-06-18 09:33:39,418.95,3492904
2021-06-18 09:33:41,418.95,3498356
2021-06-18 09:33:42,418.85,3498853
2021-06-18 09:33:43,418.95,3499880
2021-06-18 09:33:43,418.95,3499880
2021-06-18 09:33:44,418.95,3500111
2021-06-18 09:33:45,418.85,3502466
2021-06-18 09:33:46,418.85,3502716
2021-06-18 09:33:47,418.95,3504231
2021-06-18 09:33:48,418.95,3505132
2021-06-18 09:33:50,418.9,3510639
2021-06-18 09:33:51,418.85,3511215
2021-06-18 09:33:52,418.85,3511752
2021-06-18 09:33:53,418.9,3512557
2021-06-18 09:33:53,418.9,3512557
2021-06-18 09:33:55,418.75,3519134
2021-06-18 09:33:56,418.8,3520626
2021-06-18 09:33:56,418.8,3520525
2021-06-18 09:33:57,418.8,3523684
2021-06-18 09:33:58,418.8,3523920
2021-06-18 09:33:59,418.7,3525095
2021-06-18 09:34:00,418.7,3526099
2021-06-18 09:34:01,418.8,3526693
2021-06-18 09:34:03,418.75,3528006
2021-06-18 09:34:04,418.75,3528626
2021-06-18 09:34:04,418.75,3528726
2021-06-18 09:34:05,418.7,3529470
2021-06-18 09:34:06,418.8,3530214
2021-06-18 09:34:08,418.8,3530656
2021-06-18 09:34:09,418.75,3530838
2021-06-18 09:34:10,418.8,3531860
2021-06-18 09:34:11,418.7,3532069
2021-06-18 09:34:12,418.7,3532120
2021-06-18 09:34:13,418.7,3532951
2021-06-18 09:34:14,418.7,3534036
2021-06-18 09:34:15,418.75,3537696
2021-06-18 09:34:15,418.7,3538527
2021-06-18 09:34:16,418.8,3540532
2021-06-18 09:34:17,419.0,3541254
2021-06-18 09:34:18,419.0,3541740
2021-06-18 09:34:19,419.0,3541771
2021-06-18 09:34:20,418.95,3542967
2021-06-18 09:34:22,418.9,3544899
2021-06-18 09:34:23,418.95,3545179
2021-06-18 09:34:24,418.85,3547436
2021-06-18 09:34:25,418.95,3549042
2021-06-18 09:34:26,418.95,3549992
2021-06-18 09:34:27,418.95,3550118
2021-06-18 09:34:28,418.95,3551973
2021-06-18 09:34:29,418.95,3552218
2021-06-18 09:34:30,419.0,3555938
2021-06-18 09:34:34,419.0,3557299
2021-06-18 09:34:35,418.95,3557331
2021-06-18 09:34:36,418.95,3557740
2021-06-18 09:34:37,418.95,3559330
2021-06-18 09:34:38,419.0,3559898
2021-06-18 09:34:39,419.0,3561189
2021-06-18 09:34:39,419.0,3561189
2021-06-18 09:34:41,418.8,3567126
2021-06-18 09:34:42,418.8,3567417
2021-06-18 09:34:43,418.75,3567706
2021-06-18 09:34:44,418.85,3570293
2021-06-18 09:34:45,418.85,3570608
2021-06-18 09:34:46,418.75,3570629
2021-06-18 09:34:47,418.8,3571137
2021-06-18 09:34:48,418.75,3571594
2021-06-18 09:34:49,418.75,3571676
2021-06-18 09:34:49,418.8,3572176
2021-06-18 09:34:50,418.8,3572296
2021-06-18 09:34:51,418.8,3578590
2021-06-18 09:34:53,418.9,3580319
2021-06-18 09:34:54,418.8,3580488
2021-06-18 09:34:54,418.8,3580498
2021-06-18 09:34:55,418.8,3580855
2021-06-18 09:34:56,418.8,3581146
2021-06-18 09:34:58,418.9,3582255
2021-06-18 09:34:59,418.9,3582370
2021-06-18 09:35:00,418.8,3582446
2021-06-18 09:35:01,418.9,3583595
2021-06-18 09:35:02,418.85,3584221
2021-06-18 09:35:03,418.85,3584813
2021-06-18 09:35:04,418.8,3587261
2021-06-18 09:35:05,418.8,3587981
2021-06-18 09:35:07,418.75,3591763
2021-06-18 09:35:08,418.7,3592123
2021-06-18 09:35:09,418.75,3593143
2021-06-18 09:35:10,418.7,3593970
2021-06-18 09:35:11,418.75,3595953
2021-06-18 09:35:12,418.7,3596437
2021-06-18 09:35:13,418.8,3596876
2021-06-18 09:35:14,418.8,3596983
2021-06-18 09:35:15,418.75,3597103
2021-06-18 09:35:16,418.8,3597261
2021-06-18 09:35:17,418.8,3599466
2021-06-18 09:35:17,418.75,3599523
2021-06-18 09:35:18,418.75,3599583
2021-06-18 09:35:20,418.8,3601239
2021-06-18 09:35:21,418.75,3601532
2021-06-18 09:35:21,418.8,3601547
2021-06-18 09:35:22,418.75,3602390
2021-06-18 09:35:23,418.8,3602500
2021-06-18 09:35:24,418.75,3602720
2021-06-18 09:35:25,418.8,3604982
2021-06-18 09:35:27,418.75,3605410
2021-06-18 09:35:28,418.8,3606528
2021-06-18 09:35:29,418.8,3606788
2021-06-18 09:35:30,418.8,3607483
2021-06-18 09:35:31,418.8,3608568
2021-06-18 09:35:32,418.85,3609128
2021-06-18 09:35:33,418.8,3609820
2021-06-18 09:35:34,418.85,3609868
2021-06-18 09:35:35,418.8,3610163
2021-06-18 09:35:36,418.8,3610821
2021-06-18 09:35:37,418.85,3611161
2021-06-18 09:35:38,418.85,3612290
2021-06-18 09:35:39,418.75,3612998
2021-06-18 09:35:40,418.9,3617253
2021-06-18 09:35:41,418.9,3617376
2021-06-18 09:35:42,418.8,3617975
2021-06-18 09:35:43,418.8,3619050
2021-06-18 09:35:44,418.8,3620579
2021-06-18 09:35:45,418.85,3621591
2021-06-18 09:35:46,418.75,3621904
2021-06-18 09:35:47,418.75,3622339
2021-06-18 09:35:47,418.9,3622375
2021-06-18 09:35:48,418.8,3622895
2021-06-18 09:35:50,418.75,3623578
2021-06-18 09:35:50,418.8,3623581
2021-06-18 09:35:52,418.75,3624235
2021-06-18 09:35:53,418.75,3624667
2021-06-18 09:35:54,418.8,3624668
2021-06-18 09:35:55,418.8,3625027
2021-06-18 09:35:56,418.8,3625202
2021-06-18 09:35:57,418.8,3625716
2021-06-18 09:35:58,418.8,3626309
2021-06-18 09:35:59,418.75,3627358
2021-06-18 09:36:00,418.8,3627508
2021-06-18 09:36:01,418.75,3628236
2021-06-18 09:36:02,418.85,3628963
2021-06-18 09:36:03,418.75,3629807
2021-06-18 09:36:04,418.8,3630061
2021-06-18 09:36:04,418.8,3630081
2021-06-18 09:36:06,418.8,3630092
2021-06-18 09:36:07,418.75,3631140
2021-06-18 09:36:08,418.6,3686210
2021-06-18 09:36:09,418.6,3687567
2021-06-18 09:36:11,418.55,3689317
2021-06-18 09:36:12,418.5,3689604
2021-06-18 09:36:13,418.5,3689960
2021-06-18 09:36:14,418.5,3690412
2021-06-18 09:36:15,418.6,3690882
2021-06-18 09:36:16,418.6,3691319
2021-06-18 09:36:17,418.6,3691909
2021-06-18 09:36:18,418.6,3692815
2021-06-18 09:36:19,418.6,3692901
2021-06-18 09:36:20,418.5,3693618
2021-06-18 09:36:21,418.5,3694735
2021-06-18 09:36:22,418.6,3697476
2021-06-18 09:36:23,418.5,3699058
2021-06-18 09:36:24,418.5,3699629
2021-06-18 09:36:25,418.55,3699732
2021-06-18 09:36:25,418.55,3699732
2021-06-18 09:36:27,418.5,3702110
2021-06-18 09:36:28,418.55,3703216
2021-06-18 09:36:29,418.55,3703527
2021-06-18 09:36:30,418.55,3703858
2021-06-18 09:36:31,418.55,3704258
2021-06-18 09:36:32,418.55,3704489
2021-06-18 09:36:33,418.5,3704901
2021-06-18 09:36:34,418.5,3705486
2021-06-18 09:36:35,418.55,3705621
2021-06-18 09:36:36,418.5,3705680
2021-06-18 09:36:37,418.5,3706550
2021-06-18 09:36:37,418.5,3706150
2021-06-18 09:36:38,418.55,3708114
2021-06-18 09:36:40,418.5,3708831
2021-06-18 09:36:41,418.5,3708925
2021-06-18 09:36:42,418.55,3709448
2021-06-18 09:36:43,418.5,3710028
2021-06-18 09:36:44,418.5,3710294
2021-06-18 09:36:45,418.5,3716438
2021-06-18 09:36:46,418.55,3716935
2021-06-18 09:36:47,418.5,3717072
2021-06-18 09:36:48,418.55,3718728
2021-06-18 09:36:49,418.5,3718892
2021-06-18 09:36:50,418.55,3719078
2021-06-18 09:36:51,418.5,3720452
2021-06-18 09:36:52,418.55,3721379
2021-06-18 09:36:53,418.6,3726126
2021-06-18 09:36:54,418.65,3737453
2021-06-18 09:36:55,418.7,3737762
2021-06-18 09:36:56,418.7,3737875
2021-06-18 09:36:57,418.7,3737892
2021-06-18 09:36:58,418.6,3737992
2021-06-18 09:36:59,418.7,3738053
2021-06-18 09:37:00,418.7,3738176
2021-06-18 09:37:01,418.6,3739055
2021-06-18 09:37:02,418.7,3740197
2021-06-18 09:37:04,418.7,3742054
2021-06-18 09:37:05,418.7,3742174
2021-06-18 09:37:06,418.65,3742702
2021-06-18 09:37:07,418.6,3744378
2021-06-18 09:37:08,418.65,3744586
2021-06-18 09:37:09,418.65,3745211
2021-06-18 09:37:10,418.65,3745531
2021-06-18 09:37:11,418.7,3748659
2021-06-18 09:37:12,418.6,3748694
2021-06-18 09:37:13,418.55,3748709
2021-06-18 09:37:14,418.55,3750312
2021-06-18 09:37:16,418.65,3751107
2021-06-18 09:37:17,418.65,3751138
2021-06-18 09:37:18,418.55,3751338
2021-06-18 09:37:19,418.6,3751339
2021-06-18 09:37:20,418.55,3752189
2021-06-18 09:37:21,418.55,3752499
2021-06-18 09:37:22,418.5,3754748
2021-06-18 09:37:23,418.55,3754914
2021-06-18 09:37:24,418.6,3755333
2021-06-18 09:37:25,418.7,3756732
2021-06-18 09:37:26,418.6,3757392
2021-06-18 09:37:27,418.7,3757444
2021-06-18 09:37:28,418.6,3758006
2021-06-18 09:37:29,418.6,3758393
2021-06-18 09:37:30,418.6,3758393
2021-06-18 09:37:31,418.6,3758494
2021-06-18 09:37:32,418.6,3759884
2021-06-18 09:37:33,418.7,3760562
2021-06-18 09:37:34,418.7,3760662
2021-06-18 09:37:35,418.65,3760996
2021-06-18 09:37:36,418.6,3761479
2021-06-18 09:37:37,418.6,3762243
2021-06-18 09:37:38,418.65,3763055
2021-06-18 09:37:39,418.65,3763805
2021-06-18 09:37:40,418.6,3763970
2021-06-18 09:37:41,418.65,3764571
2021-06-18 09:37:42,418.65,3764712
2021-06-18 09:37:43,418.6,3765997
2021-06-18 09:37:44,418.6,3766644
2021-06-18 09:37:45,418.7,3770946
2021-06-18 09:37:46,418.65,3771130
2021-06-18 09:37:47,418.65,3771476
2021-06-18 09:37:48,418.7,3771593
2021-06-18 09:37:49,418.7,3771932
2021-06-18 09:37:50,418.7,3773626
2021-06-18 09:37:51,418.75,3774451
2021-06-18 09:37:52,418.7,3775241
2021-06-18 09:37:53,418.75,3776314
2021-06-18 09:37:54,418.75,3776384
2021-06-18 09:37:55,418.7,3777635
2021-06-18 09:37:56,418.75,3777832
2021-06-18 09:37:57,418.9,3782590
2021-06-18 09:37:58,418.8,3782690
2021-06-18 09:37:59,418.85,3784882
2021-06-18 09:38:00,418.85,3785211
2021-06-18 09:38:01,418.8,3788059
2021-06-18 09:38:02,418.8,3788160
2021-06-18 09:38:03,418.75,3788618
2021-06-18 09:38:04,418.9,3788952
2021-06-18 09:38:05,418.8,3789793
2021-06-18 09:38:06,418.8,3790487
2021-06-18 09:38:08,418.7,3791298
2021-06-18 09:38:09,418.8,3791841
2021-06-18 09:38:10,418.8,3792593
2021-06-18 09:38:11,418.7,3792633
2021-06-18 09:38:12,418.8,3794021
2021-06-18 09:38:13,418.75,3794592
2021-06-18 09:38:14,418.9,3795186
2021-06-18 09:38:15,418.8,3795357
2021-06-18 09:38:16,418.8,3795357
2021-06-18 09:38:17,418.9,3795382
2021-06-18 09:38:18,418.9,3795532
2021-06-18 09:38:19,418.9,3796398
2021-06-18 09:38:20,418.9,3796889
2021-06-18 09:38:21,418.8,3796975
2021-06-18 09:38:22,418.9,3797427
2021-06-18 09:38:23,418.9,3800287
2021-06-18 09:38:24,418.9,3800309
2021-06-18 09:38:25,418.9,3804247
2021-06-18 09:38:26,418.95,3804393
2021-06-18 09:38:27,419.0,3804873
2021-06-18 09:38:28,419.0,3805094
2021-06-18 09:38:29,419.0,3805168
2021-06-18 09:38:30,419.0,3807041
2021-06-18 09:38:31,418.95,3810188
2021-06-18 09:38:32,418.95,3810840
2021-06-18 09:38:33,419.0,3810905
2021-06-18 09:38:34,419.0,3811560
2021-06-18 09:38:35,419.0,3812212
2021-06-18 09:38:37,419.0,3812780
2021-06-18 09:38:38,419.0,3815763
2021-06-18 09:38:39,419.2,3819932
2021-06-18 09:38:40,419.2,3821745
2021-06-18 09:38:41,419.4,3822131
2021-06-18 09:38:42,419.25,3822152
2021-06-18 09:38:43,419.3,3823007
2021-06-18 09:38:44,419.3,3823628
2021-06-18 09:38:45,419.25,3823852
2021-06-18 09:38:46,419.25,3824071
2021-06-18 09:38:47,419.3,3826271
2021-06-18 09:38:49,419.2,3828651
2021-06-18 09:38:50,419.2,3829156
2021-06-18 09:38:51,419.2,3830191
2021-06-18 09:38:52,419.05,3834982
2021-06-18 09:38:53,419.25,3836153
2021-06-18 09:38:54,419.25,3837510
2021-06-18 09:38:55,419.3,3837686
2021-06-18 09:38:56,419.25,3838118
2021-06-18 09:38:57,419.4,3839507
2021-06-18 09:38:58,419.5,3840497
2021-06-18 09:38:59,419.35,3840553
2021-06-18 09:39:00,419.5,3840628
2021-06-18 09:39:01,419.5,3842841
2021-06-18 09:39:02,419.5,3844453
2021-06-18 09:39:03,419.35,3844640
2021-06-18 09:39:04,419.35,3845037
2021-06-18 09:39:05,419.35,3845827
2021-06-18 09:39:06,419.3,3846961
2021-06-18 09:39:07,419.25,3847590
2021-06-18 09:39:08,419.3,3847701
2021-06-18 09:39:09,419.25,3848109
2021-06-18 09:39:10,419.05,3851849
2021-06-18 09:39:11,419.1,3852602
2021-06-18 09:39:12,419.0,3853261
2021-06-18 09:39:13,419.0,3855338
2021-06-18 09:39:14,419.1,3855438
2021-06-18 09:39:15,418.9,3866242
2021-06-18 09:39:16,418.95,3866301
2021-06-18 09:39:17,418.9,3867791
2021-06-18 09:39:18,418.9,3869016
2021-06-18 09:39:19,418.9,3869309
2021-06-18 09:39:20,418.9,3869560
2021-06-18 09:39:21,418.9,3869661
2021-06-18 09:39:22,418.9,3870791
2021-06-18 09:39:23,418.9,3871330
2021-06-18 09:39:24,418.95,3874498
2021-06-18 09:39:25,418.9,3874879
2021-06-18 09:39:26,418.95,3875660
2021-06-18 09:39:27,418.9,3875661
2021-06-18 09:39:28,418.95,3875711
2021-06-18 09:39:29,418.95,3876416
2021-06-18 09:39:30,419.0,3877840
2021-06-18 09:39:31,419.0,3877863
2021-06-18 09:39:32,419.0,3877965
2021-06-18 09:39:33,418.95,3878019
2021-06-18 09:39:34,418.95,3880253
2021-06-18 09:39:35,419.0,3880345
2021-06-18 09:39:36,419.0,3881039
2021-06-18 09:39:37,419.1,3881539
2021-06-18 09:39:38,418.95,3881769
2021-06-18 09:39:39,418.95,3881944
2021-06-18 09:39:40,419.0,3882106
2021-06-18 09:39:41,418.95,3882108
2021-06-18 09:39:42,419.0,3882690
2021-06-18 09:39:43,419.0,3882855
2021-06-18 09:39:44,418.95,3884046
2021-06-18 09:39:45,419.0,3884180
2021-06-18 09:39:46,419.0,3884513
2021-06-18 09:39:47,419.0,3885194
2021-06-18 09:39:49,419.0,3887490
2021-06-18 09:39:49,418.9,3887493
2021-06-18 09:39:50,419.0,3887508
2021-06-18 09:39:51,418.9,3888242
2021-06-18 09:39:52,418.95,3888502
2021-06-18 09:39:53,419.0,3888768
2021-06-18 09:39:54,419.0,3891398
2021-06-18 09:39:55,418.9,3893200
2021-06-18 09:39:56,418.9,3893549
2021-06-18 09:39:57,418.9,3894656
2021-06-18 09:39:58,418.9,3895340
2021-06-18 09:39:59,418.9,3895951
2021-06-18 09:40:00,418.9,3896551
2021-06-18 09:40:01,418.9,3898048
2021-06-18 09:40:02,418.95,3898754
2021-06-18 09:40:03,418.9,3898806
2021-06-18 09:40:04,418.9,3899761
2021-06-18 09:40:05,418.9,3900264
2021-06-18 09:40:06,418.9,3900778
2021-06-18 09:40:07,418.9,3902341
2021-06-18 09:40:08,418.8,3903020
2021-06-18 09:40:10,418.85,3906485
2021-06-18 09:40:10,418.75,3906640
2021-06-18 09:40:12,418.7,3912016
2021-06-18 09:40:13,418.6,3914851
2021-06-18 09:40:14,418.5,3921410
2021-06-18 09:40:15,418.5,3922367
2021-06-18 09:40:16,418.5,3925147
2021-06-18 09:40:17,418.5,3949436
2021-06-18 09:40:18,418.3,3949945
2021-06-18 09:40:19,418.45,3950702
2021-06-18 09:40:20,418.45,3951002
2021-06-18 09:40:21,418.3,3951072
2021-06-18 09:40:22,418.3,3951949
2021-06-18 09:40:23,418.4,3952162
2021-06-18 09:40:24,418.4,3952767
2021-06-18 09:40:25,418.4,3953184
2021-06-18 09:40:26,418.3,3954280
2021-06-18 09:40:27,418.3,3957985
2021-06-18 09:40:29,418.3,3958722
2021-06-18 09:40:28,418.3,3958510
2021-06-18 09:40:30,418.3,3958944
2021-06-18 09:40:31,418.3,3964020
2021-06-18 09:40:32,418.3,3965676
2021-06-18 09:40:33,418.3,3970601
2021-06-18 09:40:34,418.3,3970728
2021-06-18 09:40:35,418.35,3974656
2021-06-18 09:40:36,418.35,3976557
2021-06-18 09:40:37,418.3,3978045
2021-06-18 09:40:38,418.3,3982138
2021-06-18 09:40:39,418.3,3982265
2021-06-18 09:40:40,418.35,3982818
2021-06-18 09:40:41,418.35,3984247
2021-06-18 09:40:42,418.35,3985801
2021-06-18 09:40:43,418.35,3986271
2021-06-18 09:40:44,418.35,3986538
2021-06-18 09:40:45,418.45,3986812
2021-06-18 09:40:46,418.5,3987011
2021-06-18 09:40:47,418.55,3989749
2021-06-18 09:40:48,418.55,3989860
2021-06-18 09:40:49,418.6,3989892
2021-06-18 09:40:50,418.65,3990145
2021-06-18 09:40:51,418.45,3992618
2021-06-18 09:40:52,418.65,3992888
2021-06-18 09:40:53,418.6,3993006
2021-06-18 09:40:55,418.6,3993251
2021-06-18 09:40:55,418.6,3993251
2021-06-18 09:40:56,418.6,3993531
2021-06-18 09:40:57,418.5,3993583
2021-06-18 09:40:58,418.5,3993809
2021-06-18 09:40:59,418.45,3994202
2021-06-18 09:41:00,418.5,3994456
2021-06-18 09:41:01,418.5,3994626
2021-06-18 09:41:02,418.55,3995357
2021-06-18 09:41:03,418.5,3995608
2021-06-18 09:41:04,418.45,3999356
2021-06-18 09:41:05,418.5,4000128
2021-06-18 09:41:06,418.55,4000303
2021-06-18 09:41:07,418.5,4001793
2021-06-18 09:41:08,418.6,4001893
2021-06-18 09:41:09,418.55,4001904
2021-06-18 09:41:10,418.55,4002006
2021-06-18 09:41:11,418.5,4002630
2021-06-18 09:41:13,418.45,4002821
2021-06-18 09:41:14,418.55,4003111
2021-06-18 09:41:15,418.5,4003341
2021-06-18 09:41:16,418.45,4004600
2021-06-18 09:41:16,418.45,4004600
2021-06-18 09:41:18,418.45,4005948
2021-06-18 09:41:18,418.45,4006173
2021-06-18 09:41:19,418.35,4010108
2021-06-18 09:41:20,418.3,4011260
2021-06-18 09:41:21,418.3,4011681
2021-06-18 09:41:22,418.3,4013708
2021-06-18 09:41:23,418.3,4014557
2021-06-18 09:41:24,418.35,4014702
2021-06-18 09:41:25,418.3,4015506
2021-06-18 09:41:26,418.3,4018533
2021-06-18 09:41:27,418.2,4018702
2021-06-18 09:41:28,418.2,4019400
2021-06-18 09:41:29,418.2,4020609
2021-06-18 09:41:30,418.3,4022064
2021-06-18 09:41:31,418.25,4023668
2021-06-18 09:41:32,418.2,4024240
2021-06-18 09:41:33,418.25,4027538
2021-06-18 09:41:34,418.2,4027939
2021-06-18 09:41:35,418.15,4028307
2021-06-18 09:41:36,418.15,4028492
2021-06-18 09:41:38,418.15,4033185
2021-06-18 09:41:38,418.15,4033285
2021-06-18 09:41:39,418.2,4034762
2021-06-18 09:41:40,418.15,4035662
2021-06-18 09:41:42,418.25,4037408
2021-06-18 09:41:42,418.2,4037808
2021-06-18 09:41:43,418.2,4037910
2021-06-18 09:41:44,418.2,4037930
2021-06-18 09:41:45,418.2,4039547
2021-06-18 09:41:46,418.1,4040818
2021-06-18 09:41:47,418.15,4041640
2021-06-18 09:41:48,418.15,4041744
2021-06-18 09:41:50,418.15,4042750
2021-06-18 09:41:51,418.2,4044037
2021-06-18 09:41:53,418.15,4044729
2021-06-18 09:41:54,418.2,4047434
2021-06-18 09:41:55,418.2,4048471
2021-06-18 09:41:56,418.15,4049793
2021-06-18 09:41:57,418.4,4053671
2021-06-18 09:41:57,418.4,4053681
2021-06-18 09:41:58,418.4,4054330
2021-06-18 09:41:59,418.35,4054961
2021-06-18 09:42:00,418.45,4055188
2021-06-18 09:42:01,418.3,4055193
2021-06-18 09:42:02,418.4,4056385
2021-06-18 09:42:03,418.4,4056999
2021-06-18 09:42:04,418.35,4057139
2021-06-18 09:42:05,418.25,4057144
2021-06-18 09:42:06,418.2,4058002
2021-06-18 09:42:07,418.3,4059803
2021-06-18 09:42:08,418.15,4059930
2021-06-18 09:42:10,418.15,4060531
2021-06-18 09:42:09,418.3,4060110
2021-06-18 09:42:11,418.15,4061471
2021-06-18 09:42:12,418.1,4061710
2021-06-18 09:42:13,418.25,4062260
2021-06-18 09:42:14,418.2,4062652
2021-06-18 09:42:15,418.15,4064289
2021-06-18 09:42:16,418.1,4076421
2021-06-18 09:42:17,418.15,4078361
2021-06-18 09:42:18,418.1,4079531
2021-06-18 09:42:19,418.1,4081460
2021-06-18 09:42:20,418.15,4081831
2021-06-18 09:42:21,418.05,4084657
2021-06-18 09:42:22,418.1,4084969
2021-06-18 09:42:23,418.05,4097665
2021-06-18 09:42:24,418.05,4097892
2021-06-18 09:42:25,418.0,4099529
2021-06-18 09:42:26,418.05,4100159
2021-06-18 09:42:27,418.05,4102188
2021-06-18 09:42:28,418.0,4103934
2021-06-18 09:42:29,418.05,4104246
2021-06-18 09:42:30,418.0,4104880
2021-06-18 09:42:31,418.05,4106720
2021-06-18 09:42:32,418.05,4107291
2021-06-18 09:42:34,418.05,4108353
2021-06-18 09:42:34,418.0,4111858
2021-06-18 09:42:35,418.0,4112668
2021-06-18 09:42:36,417.9,4172443
2021-06-18 09:42:37,417.8,4190944
2021-06-18 09:42:38,417.85,4191963
2021-06-18 09:42:40,417.8,4192506
2021-06-18 09:42:40,417.8,4192786
2021-06-18 09:42:42,417.65,4195200
2021-06-18 09:42:43,417.8,4195709
2021-06-18 09:42:44,417.75,4198966
2021-06-18 09:42:45,417.75,4202360
2021-06-18 09:42:45,417.8,4202560
2021-06-18 09:42:47,417.55,4205814
2021-06-18 09:42:48,417.65,4208755
2021-06-18 09:42:49,417.65,4212017
2021-06-18 09:42:49,417.6,4211127
2021-06-18 09:42:50,417.6,4212328
2021-06-18 09:42:51,417.5,4215170
2021-06-18 09:42:52,417.6,4216541
2021-06-18 09:42:53,417.6,4218978
2021-06-18 09:42:54,417.55,4220099
2021-06-18 09:42:56,417.55,4222860
2021-06-18 09:42:57,417.6,4224356
2021-06-18 09:42:58,417.3,4268600
2021-06-18 09:42:58,417.25,4273495
2021-06-18 09:42:59,417.3,4277179
2021-06-18 09:43:00,417.3,4278392
2021-06-18 09:43:01,417.1,4281809
2021-06-18 09:43:02,417.1,4283840
2021-06-18 09:43:04,417.1,4288217
2021-06-18 09:43:05,417.35,4304371
2021-06-18 09:43:05,417.4,4303121
2021-06-18 09:43:06,417.3,4309435
2021-06-18 09:43:07,417.35,4314520
2021-06-18 09:43:08,417.35,4314685
2021-06-18 09:43:09,417.35,4322758
2021-06-18 09:43:10,417.35,4325597
2021-06-18 09:43:12,417.45,4328906
2021-06-18 09:43:13,417.5,4331968
2021-06-18 09:43:14,417.5,4333806
2021-06-18 09:43:15,417.6,4335536
2021-06-18 09:43:16,417.55,4351213
2021-06-18 09:43:17,417.5,4352175
2021-06-18 09:43:18,417.55,4352595
2021-06-18 09:43:19,417.55,4356903
2021-06-18 09:43:19,417.55,4358013
2021-06-18 09:43:20,417.6,4360459
2021-06-18 09:43:21,417.55,4362628
2021-06-18 09:43:22,417.7,4363895
2021-06-18 09:43:23,417.5,4365751
2021-06-18 09:43:24,417.6,4366368
2021-06-18 09:43:26,417.6,4366679
2021-06-18 09:43:27,417.6,4367888
2021-06-18 09:43:28,417.55,4368737
2021-06-18 09:43:29,417.6,4370240
2021-06-18 09:43:30,417.55,4370617
2021-06-18 09:43:31,417.55,4371306
2021-06-18 09:43:32,417.45,4376452
2021-06-18 09:43:33,417.5,4376791
2021-06-18 09:43:34,417.3,4380122
2021-06-18 09:43:35,417.4,4380460
2021-06-18 09:43:35,417.4,4380633
2021-06-18 09:43:36,417.2,4381874
2021-06-18 09:43:37,417.35,4383849
2021-06-18 09:43:38,417.2,4384816
2021-06-18 09:43:40,417.2,4385207
2021-06-18 09:43:41,417.35,4385872
2021-06-18 09:43:42,417.25,4387790
2021-06-18 09:43:43,417.2,4388715
2021-06-18 09:43:43,417.25,4388739
2021-06-18 09:43:44,417.35,4389367
2021-06-18 09:43:45,417.2,4390453
2021-06-18 09:43:46,417.3,4393761
2021-06-18 09:43:47,417.2,4393991
2021-06-18 09:43:48,417.2,4395067
2021-06-18 09:43:50,417.2,4395884
2021-06-18 09:43:51,417.25,4396790
2021-06-18 09:43:52,416.55,4507134
2021-06-18 09:43:53,416.65,4515478
2021-06-18 09:43:54,416.8,4517238
2021-06-18 09:43:55,416.75,4522814
2021-06-18 09:43:56,416.95,4527156
2021-06-18 09:43:57,417.0,4528397
2021-06-18 09:43:58,416.95,4531503
2021-06-18 09:43:59,416.95,4534439
2021-06-18 09:43:59,416.75,4534489
2021-06-18 09:44:00,416.6,4537053
2021-06-18 09:44:01,416.7,4539657
2021-06-18 09:44:02,416.65,4543594
2021-06-18 09:44:03,416.55,4561366
2021-06-18 09:44:04,416.25,4566670
2021-06-18 09:44:06,416.3,4570537
2021-06-18 09:44:07,416.2,4581552
2021-06-18 09:44:09,416.15,4603528
2021-06-18 09:44:10,416.15,4609343
2021-06-18 09:44:11,416.0,4615693
2021-06-18 09:44:12,416.05,4635921
2021-06-18 09:44:13,416.0,4638193
2021-06-18 09:44:14,416.15,4641987
2021-06-18 09:44:15,416.15,4644844
2021-06-18 09:44:16,416.05,4647086
2021-06-18 09:44:16,416.05,4647042
2021-06-18 09:44:18,416.1,4655097
2021-06-18 09:44:19,416.0,4671764
2021-06-18 09:44:20,416.05,4675726
2021-06-18 09:44:20,416.1,4676506
2021-06-18 09:44:21,416.2,4680213
2021-06-18 09:44:22,416.15,4682708
2021-06-18 09:44:23,416.25,4689168
2021-06-18 09:44:24,416.35,4692548
2021-06-18 09:44:25,416.45,4694445
2021-06-18 09:44:27,416.3,4698282
2021-06-18 09:44:28,416.35,4700532
2021-06-18 09:44:29,416.3,4703422
2021-06-18 09:44:30,416.3,4704921
2021-06-18 09:44:31,416.3,4705528
2021-06-18 09:44:32,416.3,4707898
2021-06-18 09:44:33,416.15,4709863
2021-06-18 09:44:34,416.3,4710475
2021-06-18 09:44:34,416.25,4710637
2021-06-18 09:44:35,416.25,4711950
2021-06-18 09:44:36,416.1,4713410
2021-06-18 09:44:37,416.15,4716765
2021-06-18 09:44:39,416.2,4719017
2021-06-18 09:44:40,416.1,4719507
2021-06-18 09:44:41,416.1,4720216
2021-06-18 09:44:42,416.1,4722484
2021-06-18 09:44:43,416.1,4723931
2021-06-18 09:44:44,416.1,4724318
2021-06-18 09:44:45,416.2,4724601
2021-06-18 09:44:46,416.1,4726100
2021-06-18 09:44:47,416.1,4732121
2021-06-18 09:44:48,416.05,4733389
2021-06-18 09:44:50,416.0,4737218
2021-06-18 09:44:50,416.05,4738812
2021-06-18 09:44:51,415.85,4759621
2021-06-18 09:44:52,416.0,4765025
2021-06-18 09:44:54,416.05,4768666
2021-06-18 09:44:56,416.25,4779191
2021-06-18 09:44:58,416.0,4782413
2021-06-18 09:44:59,416.05,4785394
2021-06-18 09:45:00,415.9,4787405
2021-06-18 09:45:02,415.9,4800263
2021-06-18 09:45:03,415.75,4806200
2021-06-18 09:45:04,415.6,4814406
2021-06-18 09:45:06,415.5,4830358
2021-06-18 09:45:07,415.5,4834014
2021-06-18 09:45:08,415.5,4838847
2021-06-18 09:45:09,415.25,4841409
2021-06-18 09:45:10,415.5,4847511
2021-06-18 09:45:11,415.55,4853835
2021-06-18 09:45:12,415.65,4858622
2021-06-18 09:45:13,415.4,4862235
2021-06-18 09:45:14,415.6,4863578
2021-06-18 09:45:15,415.6,4865698
2021-06-18 09:45:16,415.6,4866139
2021-06-18 09:45:17,415.6,4869404
2021-06-18 09:45:18,415.55,4874747
2021-06-18 09:45:19,415.7,4877837
2021-06-18 09:45:20,415.8,4881280
2021-06-18 09:45:21,415.6,4882790
2021-06-18 09:45:21,415.65,4882991
2021-06-18 09:45:22,415.75,4887625
2021-06-18 09:45:23,415.7,4889768
2021-06-18 09:45:24,415.8,4890410
2021-06-18 09:45:25,415.85,4891690
2021-06-18 09:45:26,415.8,4895141
2021-06-18 09:45:27,415.75,4899162
2021-06-18 09:45:28,415.85,4900736
2021-06-18 09:45:30,416.0,4923062
2021-06-18 09:45:31,416.0,4926591
2021-06-18 09:45:32,416.0,4929826
2021-06-18 09:45:33,415.95,4934170
2021-06-18 09:45:34,416.15,4935154
2021-06-18 09:45:35,415.95,4951151
2021-06-18 09:45:36,415.9,4953595
2021-06-18 09:45:37,416.15,4966874
2021-06-18 09:45:38,416.15,4969791
2021-06-18 09:45:39,416.05,4970352
2021-06-18 09:45:40,416.5,4981705
2021-06-18 09:45:41,416.35,4984009
2021-06-18 09:45:42,416.3,4987473
2021-06-18 09:45:43,416.5,4989903
2021-06-18 09:45:44,416.5,4991941
2021-06-18 09:45:45,416.6,4993737
2021-06-18 09:45:45,416.7,4996087
2021-06-18 09:45:46,416.6,4999253
2021-06-18 09:45:47,416.5,5001945
2021-06-18 09:45:49,416.55,5004701
2021-06-18 09:45:50,416.65,5007681
2021-06-18 09:45:51,416.6,5015068
2021-06-18 09:45:52,416.45,5023220
2021-06-18 09:45:53,416.55,5026859
2021-06-18 09:45:54,416.1,5077693
2021-06-18 09:45:55,416.15,5079683
2021-06-18 09:45:56,416.1,5083972
2021-06-18 09:45:57,416.3,5088030
2021-06-18 09:45:58,416.35,5089251
2021-06-18 09:45:59,416.3,5097461
2021-06-18 09:46:00,415.75,5129217
2021-06-18 09:46:01,415.75,5132436
2021-06-18 09:46:02,415.75,5134942
2021-06-18 09:46:03,415.75,5138734
2021-06-18 09:46:04,415.7,5142467
2021-06-18 09:46:05,415.7,5145075
2021-06-18 09:46:06,415.15,5180431
2021-06-18 09:46:07,415.15,5189813
2021-06-18 09:46:08,415.05,5195324
2021-06-18 09:46:10,415.1,5198322
2021-06-18 09:46:11,414.85,5294286
2021-06-18 09:46:12,414.7,5300636
2021-06-18 09:46:13,415.1,5325426
2021-06-18 09:46:14,415.1,5335248
2021-06-18 09:46:15,415.05,5336356
2021-06-18 09:46:16,414.85,5340452
2021-06-18 09:46:17,415.0,5346078
2021-06-18 09:46:18,414.95,5349654
2021-06-18 09:46:19,415.0,5357624
2021-06-18 09:46:20,415.1,5364301
2021-06-18 09:46:21,415.05,5370120
2021-06-18 09:46:22,415.1,5376660
2021-06-18 09:46:24,415.15,5378999
2021-06-18 09:46:25,415.0,5382581
2021-06-18 09:46:26,415.3,5391842
2021-06-18 09:46:27,415.1,5399506
2021-06-18 09:46:28,415.3,5401629
2021-06-18 09:46:29,415.3,5402176
2021-06-18 09:46:30,415.3,5404436
2021-06-18 09:46:31,415.0,5407092
2021-06-18 09:46:32,415.3,5409447
2021-06-18 09:46:32,415.1,5411087
2021-06-18 09:46:34,415.25,5412895
2021-06-18 09:46:35,415.3,5416497
2021-06-18 09:46:36,415.3,5419705
2021-06-18 09:46:37,415.3,5420870
2021-06-18 09:46:38,415.15,5428168
2021-06-18 09:46:39,415.3,5429192
2021-06-18 09:46:40,415.25,5431909
2021-06-18 09:46:41,415.45,5433233
2021-06-18 09:46:42,415.35,5435211
2021-06-18 09:46:43,415.3,5438824
2021-06-18 09:46:44,415.25,5439583
2021-06-18 09:46:45,415.1,5442371
2021-06-18 09:46:46,415.2,5443623
2021-06-18 09:46:47,415.35,5449876
2021-06-18 09:46:47,415.2,5450527
2021-06-18 09:46:48,415.2,5452785
2021-06-18 09:46:49,415.1,5456524
2021-06-18 09:46:51,415.0,5486236
2021-06-18 09:46:52,415.1,5487559
2021-06-18 09:46:53,415.2,5488189
2021-06-18 09:46:54,415.05,5489236
2021-06-18 09:46:55,415.2,5489899
2021-06-18 09:46:56,415.15,5492514
2021-06-18 09:46:56,415.05,5492515
2021-06-18 09:46:57,415.2,5494292
2021-06-18 09:46:59,415.05,5499298
2021-06-18 09:47:00,415.25,5500633
2021-06-18 09:47:01,415.4,5502457
2021-06-18 09:47:02,415.15,5503866
2021-06-18 09:47:03,415.5,5506285
2021-06-18 09:47:04,415.25,5507151
2021-06-18 09:47:05,415.5,5509660
2021-06-18 09:47:06,415.25,5512437
2021-06-18 09:47:07,415.2,5513161
2021-06-18 09:47:08,415.45,5513991
2021-06-18 09:47:08,415.5,5514082
2021-06-18 09:47:10,415.65,5518826
2021-06-18 09:47:14,415.55,5528186
2021-06-18 09:47:15,415.4,5530424
2021-06-18 09:47:16,415.5,5531036
2021-06-18 09:47:17,415.6,5533319
2021-06-18 09:47:18,415.5,5537208
2021-06-18 09:47:18,415.6,5533976
2021-06-18 09:47:19,415.55,5538019
2021-06-18 09:47:20,415.45,5538540
2021-06-18 09:47:22,415.45,5545498
2021-06-18 09:47:23,415.55,5549533
2021-06-18 09:47:24,415.55,5550303
2021-06-18 09:47:25,415.55,5550986
2021-06-18 09:47:26,415.55,5554634
2021-06-18 09:47:27,415.5,5556150
2021-06-18 09:47:28,415.5,5556640
2021-06-18 09:47:29,415.45,5557916
2021-06-18 09:47:30,415.4,5558142
2021-06-18 09:47:31,415.5,5563352
2021-06-18 09:47:32,415.45,5565142
2021-06-18 09:47:33,415.45,5565319
2021-06-18 09:47:34,415.4,5567424
2021-06-18 09:47:35,415.4,5567957
2021-06-18 09:47:36,415.15,5575517
2021-06-18 09:47:37,415.2,5579378
2021-06-18 09:47:38,415.2,5580942
2021-06-18 09:47:39,415.25,5582389
2021-06-18 09:47:40,415.45,5585226
2021-06-18 09:47:42,415.4,5589281
2021-06-18 09:47:43,415.4,5590385
2021-06-18 09:47:45,415.4,5591346
2021-06-18 09:47:44,415.45,5591287
2021-06-18 09:47:46,415.45,5593371
2021-06-18 09:47:47,415.5,5595571
2021-06-18 09:47:49,415.7,5601542
2021-06-18 09:47:50,415.7,5602042
2021-06-18 09:47:51,415.5,5602270
2021-06-18 09:47:52,415.6,5605973
2021-06-18 09:47:53,415.4,5606205
2021-06-18 09:47:54,415.45,5607813
2021-06-18 09:47:55,415.1,5645041
2021-06-18 09:47:56,415.0,5659376
2021-06-18 09:47:57,415.0,5660625
2021-06-18 09:47:58,414.95,5664719
2021-06-18 09:47:59,415.0,5664761
2021-06-18 09:48:00,414.9,5665491
2021-06-18 09:48:01,415.0,5669989
2021-06-18 09:48:02,415.0,5670450
2021-06-18 09:48:03,414.8,5673166
2021-06-18 09:48:04,414.9,5676061
2021-06-18 09:48:05,414.85,5679814
2021-06-18 09:48:06,414.9,5680127
2021-06-18 09:48:07,414.8,5683636
2021-06-18 09:48:08,414.8,5684648
2021-06-18 09:48:09,414.7,5691491
2021-06-18 09:48:10,414.9,5693758
2021-06-18 09:48:11,414.85,5697112
2021-06-18 09:48:12,414.7,5699548
2021-06-18 09:48:13,414.8,5701742
2021-06-18 09:48:14,414.75,5702812
2021-06-18 09:48:15,414.65,5705987
2021-06-18 09:48:16,414.55,5713506
2021-06-18 09:48:17,414.35,5718444
2021-06-18 09:48:18,414.4,5722681
2021-06-18 09:48:19,414.45,5723346
2021-06-18 09:48:20,414.45,5727928
2021-06-18 09:48:21,414.4,5733172
2021-06-18 09:48:22,414.6,5733309
2021-06-18 09:48:23,414.6,5737002
2021-06-18 09:48:24,414.55,5738424
2021-06-18 09:48:26,414.4,5740311
2021-06-18 09:48:25,414.4,5740311
2021-06-18 09:48:27,414.4,5743561
2021-06-18 09:48:28,414.5,5747323
2021-06-18 09:48:29,414.45,5747917
2021-06-18 09:48:30,414.45,5749991
2021-06-18 09:48:31,414.7,5750487
2021-06-18 09:48:32,414.55,5753465
2021-06-18 09:48:33,414.6,5755338
2021-06-18 09:48:35,414.75,5756318
2021-06-18 09:48:34,414.7,5756193
2021-06-18 09:48:36,414.65,5757945
2021-06-18 09:48:37,414.9,5758972
2021-06-18 09:48:38,414.7,5759893
2021-06-18 09:48:39,414.5,5772477
2021-06-18 09:48:40,414.65,5773605
2021-06-18 09:48:41,414.45,5775966
2021-06-18 09:48:42,414.65,5779923
2021-06-18 09:48:43,414.5,5782407
2021-06-18 09:48:44,414.6,5784734
2021-06-18 09:48:45,414.55,5785401
2021-06-18 09:48:46,414.4,5787603
2021-06-18 09:48:47,414.45,5788305
2021-06-18 09:48:49,414.35,5796581
2021-06-18 09:48:50,414.4,5799105
2021-06-18 09:48:52,414.2,5804134
2021-06-18 09:48:53,414.3,5807013
2021-06-18 09:48:54,414.25,5808399
2021-06-18 09:48:55,414.25,5810239
2021-06-18 09:48:56,414.35,5811143
2021-06-18 09:48:57,414.25,5812840
2021-06-18 09:48:58,414.3,5815974
2021-06-18 09:48:59,414.2,5818132
2021-06-18 09:49:00,414.1,5821932
2021-06-18 09:49:01,414.25,5822865
2021-06-18 09:49:02,414.25,5826754
2021-06-18 09:49:03,413.55,5906721
2021-06-18 09:49:04,413.75,5922792
2021-06-18 09:49:05,413.75,5930563
2021-06-18 09:49:06,413.75,5932147
2021-06-18 09:49:07,413.75,5944996
2021-06-18 09:49:08,413.9,5946694
2021-06-18 09:49:09,413.9,5949322
2021-06-18 09:49:10,414.0,5959163
2021-06-18 09:49:12,414.1,5962922
2021-06-18 09:49:13,414.25,5966461
2021-06-18 09:49:14,414.25,5967110
2021-06-18 09:49:15,414.1,5986866
2021-06-18 09:49:16,413.85,5991371
2021-06-18 09:49:17,413.9,5995693
2021-06-18 09:49:18,413.8,5999506
2021-06-18 09:49:19,413.85,6001685
2021-06-18 09:49:20,413.8,6005323
2021-06-18 09:49:21,413.9,6009198
2021-06-18 09:49:22,413.75,6012855
2021-06-18 09:49:23,413.85,6016180
2021-06-18 09:49:24,414.0,6017330
2021-06-18 09:49:25,414.0,6019191
2021-06-18 09:49:26,413.85,6025504
2021-06-18 09:49:27,414.0,6033935
2021-06-18 09:49:28,413.75,6042643
2021-06-18 09:49:29,413.9,6044383
2021-06-18 09:49:30,414.0,6044959
2021-06-18 09:49:32,413.9,6047864
2021-06-18 09:49:31,413.8,6047853
2021-06-18 09:49:33,413.8,6049409
2021-06-18 09:49:34,413.95,6051864
2021-06-18 09:49:35,414.0,6053454
2021-06-18 09:49:36,413.95,6068410
2021-06-18 09:49:37,413.9,6070525
2021-06-18 09:49:38,413.9,6070966
2021-06-18 09:49:40,413.9,6073416
2021-06-18 09:49:40,414.0,6073838
2021-06-18 09:49:41,414.1,6078724
2021-06-18 09:49:42,413.9,6087201
2021-06-18 09:49:43,413.8,6089457
2021-06-18 09:49:44,413.95,6090063
2021-06-18 09:49:45,414.0,6093343
2021-06-18 09:49:46,414.05,6095335
2021-06-18 09:49:47,414.05,6098395
2021-06-18 09:49:48,413.95,6101731
2021-06-18 09:49:49,414.0,6104700
2021-06-18 09:49:51,414.05,6109354
2021-06-18 09:49:52,414.0,6112455
2021-06-18 09:49:54,414.1,6114335
2021-06-18 09:49:55,414.05,6116001
2021-06-18 09:49:56,413.8,6123217
2021-06-18 09:49:57,413.8,6125796
2021-06-18 09:49:58,413.95,6126258
2021-06-18 09:49:59,413.9,6131148
2021-06-18 09:50:02,413.45,6165744
2021-06-18 09:50:03,413.55,6167906
2021-06-18 09:50:04,413.55,6176702
2021-06-18 09:50:05,413.6,6180867
2021-06-18 09:50:06,413.8,6188544
2021-06-18 09:50:07,413.65,6189632
2021-06-18 09:50:09,413.85,6194951
2021-06-18 09:50:09,413.85,6194966
2021-06-18 09:50:10,413.85,6195841
2021-06-18 09:50:11,413.7,6199986
2021-06-18 09:50:12,413.8,6201025
2021-06-18 09:50:13,413.85,6201424
2021-06-18 09:50:14,413.85,6206684
2021-06-18 09:50:15,413.75,6207466
2021-06-18 09:50:16,413.75,6211621
2021-06-18 09:50:18,413.85,6217140
2021-06-18 09:50:18,413.85,6217206
2021-06-18 09:50:19,413.85,6221651
2021-06-18 09:50:20,413.85,6247860
2021-06-18 09:50:21,414.3,6269561
2021-06-18 09:50:22,414.2,6273072
2021-06-18 09:50:23,414.25,6278930
2021-06-18 09:50:24,414.1,6281850
2021-06-18 09:50:25,414.25,6285345
2021-06-18 09:50:26,414.25,6288847
2021-06-18 09:50:27,414.25,6292493
2021-06-18 09:50:28,414.15,6300561
2021-06-18 09:50:30,414.55,6313603
2021-06-18 09:50:31,414.4,6318964
2021-06-18 09:50:33,414.4,6320670
2021-06-18 09:50:33,414.2,6322245
2021-06-18 09:50:34,413.85,6432093
2021-06-18 09:50:35,414.1,6436035
2021-06-18 09:50:36,413.8,6439242
2021-06-18 09:50:37,414.1,6442783
2021-06-18 09:50:38,414.15,6451884
2021-06-18 09:50:39,414.15,6452255
2021-06-18 09:50:41,414.0,6454325
2021-06-18 09:50:41,413.9,6454975
2021-06-18 09:50:42,414.0,6459052
2021-06-18 09:50:43,414.0,6461567
2021-06-18 09:50:44,414.2,6464000
2021-06-18 09:50:45,414.2,6466843
2021-06-18 09:50:46,414.15,6471471
2021-06-18 09:50:47,414.2,6478058
2021-06-18 09:50:48,414.1,6482472
2021-06-18 09:50:49,414.2,6491743
2021-06-18 09:50:50,414.5,6496798
2021-06-18 09:50:52,414.2,6498844
2021-06-18 09:50:52,414.15,6500090
2021-06-18 09:50:53,414.25,6502179
2021-06-18 09:50:54,414.2,6504561
2021-06-18 09:50:55,414.35,6506955
2021-06-18 09:50:56,414.3,6512961
2021-06-18 09:50:58,414.5,6519742
2021-06-18 09:50:58,414.5,6519825
2021-06-18 09:50:59,414.35,6521138
2021-06-18 09:51:00,414.5,6521363
2021-06-18 09:51:01,414.5,6529623
2021-06-18 09:51:02,414.5,6535313
2021-06-18 09:51:03,414.55,6537573
2021-06-18 09:51:04,414.6,6538344
2021-06-18 09:51:06,414.65,6544938
2021-06-18 09:51:07,414.7,6545888
2021-06-18 09:51:08,414.6,6547091
2021-06-18 09:51:09,414.7,6548096
2021-06-18 09:51:10,414.6,6551293
2021-06-18 09:51:12,414.65,6554080
2021-06-18 09:51:13,414.65,6555820
2021-06-18 09:51:14,414.65,6558529
2021-06-18 09:51:15,414.75,6559934
2021-06-18 09:51:16,414.65,6562207
2021-06-18 09:51:18,414.65,6563839
2021-06-18 09:51:18,414.6,6564680
2021-06-18 09:51:19,414.4,6583769
2021-06-18 09:51:20,414.4,6585655
2021-06-18 09:51:21,414.4,6587817
2021-06-18 09:51:22,414.45,6592957
2021-06-18 09:51:25,414.55,6595573
2021-06-18 09:51:26,414.45,6598561
2021-06-18 09:51:27,414.35,6600692
2021-06-18 09:51:27,414.35,6600618
2021-06-18 09:51:28,414.35,6602647
2021-06-18 09:51:29,414.55,6604739
2021-06-18 09:51:30,414.7,6609543
2021-06-18 09:51:31,414.75,6612409
2021-06-18 09:51:32,414.65,6612705
2021-06-18 09:51:33,414.75,6616866
2021-06-18 09:51:34,414.55,6617045
2021-06-18 09:51:35,414.65,6617789
2021-06-18 09:51:36,414.55,6622083
2021-06-18 09:51:37,414.65,6622778
2021-06-18 09:51:38,414.7,6624073
2021-06-18 09:51:39,414.85,6630467
2021-06-18 09:51:41,414.7,6631107
2021-06-18 09:51:41,414.75,6631048
2021-06-18 09:51:42,414.7,6632574
2021-06-18 09:51:43,414.85,6640700
2021-06-18 09:51:44,414.85,6640831
2021-06-18 09:51:45,414.85,6641172
2021-06-18 09:51:46,414.7,6641804
2021-06-18 09:51:47,414.85,6643692
2021-06-18 09:51:48,414.8,6646838
2021-06-18 09:51:49,414.85,6649183
2021-06-18 09:51:51,414.7,6649713
2021-06-18 09:51:52,414.8,6651887
2021-06-18 09:51:52,414.75,6651992
2021-06-18 09:51:54,414.7,6655660
2021-06-18 09:51:55,414.7,6658057
2021-06-18 09:51:57,414.65,6659491
2021-06-18 09:51:58,414.65,6662050
2021-06-18 09:51:59,414.65,6663866
2021-06-18 09:51:59,414.65,6663866
2021-06-18 09:52:00,414.5,6664923
2021-06-18 09:52:01,414.5,6670930
2021-06-18 09:52:02,414.55,6674038
2021-06-18 09:52:03,414.4,6675693
2021-06-18 09:52:05,414.5,6678009
2021-06-18 09:52:06,414.35,6687456
2021-06-18 09:52:06,414.35,6687627
2021-06-18 09:52:08,414.4,6691781
2021-06-18 09:52:10,414.4,6693710
2021-06-18 09:52:11,414.4,6694650
2021-06-18 09:52:12,414.5,6696454
2021-06-18 09:52:13,414.4,6696578
2021-06-18 09:52:13,414.4,6696578
2021-06-18 09:52:14,414.35,6698567
2021-06-18 09:52:15,414.4,6701388
2021-06-18 09:52:17,414.2,6706325
2021-06-18 09:52:18,414.25,6707461
2021-06-18 09:52:19,414.25,6710119
2021-06-18 09:52:20,414.1,6710386
2021-06-18 09:52:21,414.2,6711811
2021-06-18 09:52:22,414.0,6716967
2021-06-18 09:52:23,414.0,6718660
2021-06-18 09:52:24,414.15,6725740
2021-06-18 09:52:26,414.1,6727368
2021-06-18 09:52:27,414.0,6729403
2021-06-18 09:52:27,414.0,6730603
2021-06-18 09:52:28,414.05,6733006
2021-06-18 09:52:29,413.85,6746877
2021-06-18 09:52:30,414.0,6751320
2021-06-18 09:52:31,413.75,6763088
2021-06-18 09:52:32,413.95,6764135
2021-06-18 09:52:33,413.65,6771288
2021-06-18 09:52:34,413.75,6771832
2021-06-18 09:52:35,413.8,6778743
2021-06-18 09:52:36,413.65,6781634
2021-06-18 09:52:38,413.7,6785422
2021-06-18 09:52:39,413.65,6786900
2021-06-18 09:52:40,413.65,6787730
2021-06-18 09:52:41,413.6,6792160
2021-06-18 09:52:43,413.5,6802569
2021-06-18 09:52:43,413.5,6803099
2021-06-18 09:52:44,413.3,6807093
2021-06-18 09:52:47,413.3,6819076
2021-06-18 09:52:48,413.3,6823570
2021-06-18 09:52:49,413.1,6825289
2021-06-18 09:52:49,413.3,6825262
2021-06-18 09:52:51,413.15,6842792
2021-06-18 09:52:52,413.0,6849015
2021-06-18 09:52:53,413.05,6857255
2021-06-18 09:52:54,413.0,6865127
2021-06-18 09:52:54,412.75,6886928
2021-06-18 09:52:55,413.0,6899537
2021-06-18 09:52:56,412.75,6907000
2021-06-18 09:52:57,412.9,6911977
2021-06-18 09:52:58,412.8,6916461
2021-06-18 09:52:59,412.75,6919148
2021-06-18 09:53:00,412.7,6924527
2021-06-18 09:53:01,412.9,6939329
2021-06-18 09:53:03,413.0,6941233
2021-06-18 09:53:04,413.0,6943684
2021-06-18 09:53:05,412.85,6946959
2021-06-18 09:53:06,412.75,6951175
2021-06-18 09:53:06,412.75,6951316
2021-06-18 09:53:07,412.8,6954360
2021-06-18 09:53:08,412.8,6958961
2021-06-18 09:53:09,412.75,6960939
2021-06-18 09:53:10,412.7,6962015
2021-06-18 09:53:11,412.55,6968792
2021-06-18 09:53:12,412.4,6974629
2021-06-18 09:53:13,412.55,6978772
2021-06-18 09:53:14,412.8,6982462
2021-06-18 09:53:15,412.8,6986415
2021-06-18 09:53:17,412.65,6989628
2021-06-18 09:53:18,412.5,6990465
2021-06-18 09:53:19,412.65,7000057
2021-06-18 09:53:21,412.55,7002629
2021-06-18 09:53:24,412.6,7010850
2021-06-18 09:53:25,412.6,7018433
2021-06-18 09:53:26,412.35,7022271
2021-06-18 09:53:26,412.5,7022396
2021-06-18 09:53:27,412.35,7027290
2021-06-18 09:53:28,412.4,7030896
2021-06-18 09:53:29,412.6,7035472
2021-06-18 09:53:30,412.6,7037888
2021-06-18 09:53:32,412.55,7040864
2021-06-18 09:53:33,412.6,7042037
2021-06-18 09:53:35,412.55,7045009
2021-06-18 09:53:36,412.5,7048332
2021-06-18 09:53:36,412.5,7048417
2021-06-18 09:53:37,412.5,7051054
2021-06-18 09:53:38,412.55,7055075
2021-06-18 09:53:39,412.75,7058793
2021-06-18 09:53:40,412.65,7060622
2021-06-18 09:53:41,412.55,7062695
2021-06-18 09:53:42,412.65,7063450
2021-06-18 09:53:43,412.6,7066071
2021-06-18 09:53:44,412.5,7067630
2021-06-18 09:53:46,412.65,7068806
2021-06-18 09:53:47,412.6,7070456
2021-06-18 09:53:48,412.6,7071707
2021-06-18 09:53:49,412.6,7073145
2021-06-18 09:53:50,412.65,7074823
2021-06-18 09:53:51,412.65,7082132
2021-06-18 09:53:52,412.75,7085373
2021-06-18 09:53:53,412.75,7087502
2021-06-18 09:53:55,413.0,7094631
2021-06-18 09:53:56,413.0,7095026
2021-06-18 09:53:57,413.0,7097996
2021-06-18 09:53:58,412.85,7098466
2021-06-18 09:53:59,412.8,7101394
2021-06-18 09:54:00,412.85,7102051
2021-06-18 09:54:00,412.85,7102467
2021-06-18 09:54:01,412.85,7103034
2021-06-18 09:54:02,412.75,7104028
2021-06-18 09:54:03,412.75,7106607
2021-06-18 09:54:04,412.85,7107569
2021-06-18 09:54:05,412.95,7108301
2021-06-18 09:54:06,412.95,7110157
2021-06-18 09:54:07,412.95,7111669
2021-06-18 09:54:08,412.9,7112061
2021-06-18 09:54:10,412.8,7116758
2021-06-18 09:54:11,412.85,7120662
2021-06-18 09:54:12,412.85,7121581
2021-06-18 09:54:13,412.8,7123101
2021-06-18 09:54:13,412.8,7123185
2021-06-18 09:54:14,412.85,7149497
2021-06-18 09:54:15,412.95,7150688
2021-06-18 09:54:16,413.05,7152096
2021-06-18 09:54:17,413.15,7156436
2021-06-18 09:54:19,413.05,7159880
2021-06-18 09:54:20,413.1,7161134
2021-06-18 09:54:21,413.1,7162636
2021-06-18 09:54:22,413.05,7162903
2021-06-18 09:54:22,413.05,7163245
2021-06-18 09:54:23,413.0,7166050
2021-06-18 09:54:25,412.95,7168282
2021-06-18 09:54:26,413.05,7169600
2021-06-18 09:54:27,413.0,7172808
2021-06-18 09:54:28,413.0,7172912
2021-06-18 09:54:29,413.05,7173784
2021-06-18 09:54:30,412.95,7175446
2021-06-18 09:54:30,412.95,7175767
2021-06-18 09:54:31,413.0,7176204
2021-06-18 09:54:32,412.95,7178125
2021-06-18 09:54:33,412.95,7188869
2021-06-18 09:54:35,413.0,7192025
2021-06-18 09:54:36,413.0,7193210
2021-06-18 09:54:37,412.95,7196238
2021-06-18 09:54:38,412.9,7201227
2021-06-18 09:54:39,412.95,7204092
2021-06-18 09:54:40,412.95,7204701
2021-06-18 09:54:41,412.85,7204928
2021-06-18 09:54:41,412.95,7205133
2021-06-18 09:54:42,413.0,7207282
2021-06-18 09:54:44,413.0,7207498
2021-06-18 09:54:45,413.0,7208336
2021-06-18 09:54:46,412.9,7209192
2021-06-18 09:54:47,413.0,7209959
2021-06-18 09:54:48,412.95,7210554
2021-06-18 09:54:49,412.9,7212864
2021-06-18 09:54:50,413.0,7216239
2021-06-18 09:54:51,412.95,7216469
2021-06-18 09:54:51,413.0,7222271
2021-06-18 09:54:52,412.95,7224285
2021-06-18 09:54:53,412.95,7231154
2021-06-18 09:54:54,412.95,7232972
2021-06-18 09:54:55,412.85,7243777
2021-06-18 09:54:56,412.85,7246985
2021-06-18 09:54:57,412.8,7248333
2021-06-18 09:54:58,412.8,7250561
2021-06-18 09:54:59,412.7,7253206
2021-06-18 09:55:00,412.75,7257275
2021-06-18 09:55:01,412.6,7262911
2021-06-18 09:55:02,412.55,7264866
2021-06-18 09:55:03,412.7,7265415
2021-06-18 09:55:04,412.7,7267234
2021-06-18 09:55:05,412.55,7269418
2021-06-18 09:55:08,412.6,7273444
2021-06-18 09:55:09,412.6,7274068
2021-06-18 09:55:10,412.55,7275629
2021-06-18 09:55:11,412.55,7277283
2021-06-18 09:55:12,412.55,7278181
2021-06-18 09:55:13,412.55,7280223
2021-06-18 09:55:14,412.5,7283250
2021-06-18 09:55:15,412.65,7296597
2021-06-18 09:55:16,412.55,7299177
2021-06-18 09:55:17,412.55,7301123
2021-06-18 09:55:18,412.15,7335882
2021-06-18 09:55:19,412.15,7344620
2021-06-18 09:55:20,412.1,7345451
2021-06-18 09:55:20,412.15,7345765
2021-06-18 09:55:21,412.05,7367805
2021-06-18 09:55:22,411.95,7413721
2021-06-18 09:55:25,411.75,7435364
2021-06-18 09:55:26,411.6,7437608
2021-06-18 09:55:27,411.7,7446460
2021-06-18 09:55:28,411.55,7452450
2021-06-18 09:55:28,411.5,7452249
2021-06-18 09:55:29,411.7,7457764
2021-06-18 09:55:30,411.6,7459788
2021-06-18 09:55:31,411.65,7461960
2021-06-18 09:55:32,411.6,7465485
2021-06-18 09:55:34,411.5,7470145
2021-06-18 09:55:35,411.4,7474303
2021-06-18 09:55:36,411.6,7477779
2021-06-18 09:55:37,411.5,7480086
2021-06-18 09:55:38,411.55,7482831
2021-06-18 09:55:39,411.7,7488335
2021-06-18 09:55:40,411.75,7494696
2021-06-18 09:55:40,411.7,7494746
2021-06-18 09:55:41,412.0,7501993
2021-06-18 09:55:42,411.85,7504843
2021-06-18 09:55:43,411.95,7515166
2021-06-18 09:55:44,411.85,7526519
2021-06-18 09:55:45,411.75,7528645
2021-06-18 09:55:47,411.95,7531795
2021-06-18 09:55:47,411.85,7532816
2021-06-18 09:55:49,411.75,7555357
2021-06-18 09:55:50,411.75,7557246
2021-06-18 09:55:51,411.8,7563606
2021-06-18 09:55:51,411.7,7561910
2021-06-18 09:55:52,411.85,7587539
2021-06-18 09:55:53,411.75,7589907
2021-06-18 09:55:55,411.75,7593198
2021-06-18 09:55:57,411.7,7596495
2021-06-18 09:55:58,411.8,7599022
2021-06-18 09:55:59,411.6,7601438
2021-06-18 09:56:00,411.65,7604336
2021-06-18 09:56:01,411.5,7612008
2021-06-18 09:56:02,411.5,7614879
2021-06-18 09:56:03,411.3,7644082
2021-06-18 09:56:04,411.25,7648350
2021-06-18 09:56:04,411.5,7648513
2021-06-18 09:56:06,411.5,7651327
2021-06-18 09:56:07,411.4,7654033
2021-06-18 09:56:08,411.5,7655060
2021-06-18 09:56:09,411.2,7661503
2021-06-18 09:56:10,411.3,7666356
2021-06-18 09:56:11,411.2,7669300
2021-06-18 09:56:12,411.5,7673265
2021-06-18 09:56:13,411.25,7675489
2021-06-18 09:56:14,411.4,7683106
2021-06-18 09:56:15,411.3,7685299
2021-06-18 09:56:15,411.2,7684910
2021-06-18 09:56:17,411.45,7691952
2021-06-18 09:56:18,411.3,7695920
2021-06-18 09:56:19,411.25,7699054
2021-06-18 09:56:20,411.35,7701140
2021-06-18 09:56:21,411.3,7706897
2021-06-18 09:56:23,411.3,7721385
2021-06-18 09:56:24,411.15,7723288
2021-06-18 09:56:25,411.4,7725401
2021-06-18 09:56:25,411.2,7725391
2021-06-18 09:56:26,411.5,7735428
2021-06-18 09:56:27,411.35,7735969
2021-06-18 09:56:28,411.4,7736920
2021-06-18 09:56:29,411.6,7741233
2021-06-18 09:56:30,411.4,7745627
2021-06-18 09:56:31,411.3,7747743
2021-06-18 09:56:32,411.4,7751188
2021-06-18 09:56:33,411.6,7752735
2021-06-18 09:56:34,411.45,7753080
2021-06-18 09:56:35,411.5,7755401
2021-06-18 09:56:36,411.6,7757170
2021-06-18 09:56:37,411.7,7759262
2021-06-18 09:56:38,411.65,7760444
2021-06-18 09:56:39,411.75,7763985
2021-06-18 09:56:40,411.55,7764158
2021-06-18 09:56:41,411.55,7765462
2021-06-18 09:56:42,411.55,7766932
2021-06-18 09:56:43,411.65,7772924
2021-06-18 09:56:44,411.8,7773857
2021-06-18 09:56:45,411.75,7776278
2021-06-18 09:56:46,411.6,7778217
2021-06-18 09:56:47,411.75,7780008
2021-06-18 09:56:48,411.7,7783088
2021-06-18 09:56:49,411.5,7787337
2021-06-18 09:56:51,411.5,7791032
2021-06-18 09:56:52,411.5,7794737
2021-06-18 09:56:53,411.4,7795108
2021-06-18 09:56:54,411.35,7800591
2021-06-18 09:56:55,411.4,7802886
2021-06-18 09:56:56,411.4,7804511
2021-06-18 09:56:57,411.35,7810397
2021-06-18 09:56:58,411.4,7814141
2021-06-18 09:56:58,411.15,7820512
2021-06-18 09:57:00,411.15,7821646
2021-06-18 09:57:01,411.0,7837715
2021-06-18 09:57:02,411.0,7866825
2021-06-18 09:57:03,410.75,7873858
2021-06-18 09:57:04,410.65,7880173
2021-06-18 09:57:05,410.5,7882464
2021-06-18 09:57:06,410.55,7884598
2021-06-18 09:57:07,410.45,7896436
2021-06-18 09:57:08,410.45,7900171
2021-06-18 09:57:09,410.35,7903716
2021-06-18 09:57:10,410.5,7906028
2021-06-18 09:57:11,410.4,7907964
2021-06-18 09:57:12,410.25,7936212
2021-06-18 09:57:13,410.05,7986068
2021-06-18 09:57:13,410.1,7996723
2021-06-18 09:57:15,410.25,8000428
2021-06-18 09:57:16,410.15,8005898
2021-06-18 09:57:17,410.35,8014274
2021-06-18 09:57:18,410.45,8018038
2021-06-18 09:57:19,410.3,8019363
2021-06-18 09:57:20,410.5,8022071
2021-06-18 09:57:21,410.6,8030858
2021-06-18 09:57:22,410.55,8033542
2021-06-18 09:57:23,410.65,8046932
2021-06-18 09:57:24,410.7,8049503
2021-06-18 09:57:25,410.3,8058137
2021-06-18 09:57:26,410.45,8069733
2021-06-18 09:57:27,410.65,8081147
2021-06-18 09:57:29,410.15,8107215
2021-06-18 09:57:29,410.15,8107216
2021-06-18 09:57:30,410.25,8111545
2021-06-18 09:57:31,410.3,8118573
2021-06-18 09:57:33,409.75,8213064
2021-06-18 09:57:34,409.6,8223600
2021-06-18 09:57:35,409.7,8232501
2021-06-18 09:57:36,409.65,8236604
2021-06-18 09:57:37,409.7,8238201
2021-06-18 09:57:38,410.1,8255291
2021-06-18 09:57:39,409.95,8273197
2021-06-18 09:57:39,409.75,8276623
2021-06-18 09:57:40,409.8,8280428
2021-06-18 09:57:41,410.3,8286286
2021-06-18 09:57:42,410.0,8300041
2021-06-18 09:57:44,409.95,8303492
2021-06-18 09:57:45,409.95,8306610
2021-06-18 09:57:46,409.85,8310948
2021-06-18 09:57:47,410.1,8317643
2021-06-18 09:57:48,409.85,8318826
2021-06-18 09:57:49,409.8,8322153
2021-06-18 09:57:50,409.95,8332004
2021-06-18 09:57:51,409.9,8336375
2021-06-18 09:57:52,409.9,8338231
2021-06-18 09:57:53,409.95,8339839
2021-06-18 09:57:54,409.85,8341176
2021-06-18 09:57:55,409.8,8343171
2021-06-18 09:57:56,409.8,8347391
2021-06-18 09:57:57,409.75,8355182
2021-06-18 09:57:58,409.8,8357557
2021-06-18 09:57:59,410.05,8406816
2021-06-18 09:58:00,409.95,8410565
2021-06-18 09:58:01,410.2,8417683
2021-06-18 09:58:02,410.25,8421374
2021-06-18 09:58:03,410.3,8423558
2021-06-18 09:58:04,410.3,8432997
2021-06-18 09:58:05,410.2,8435548
2021-06-18 09:58:06,410.35,8436936
2021-06-18 09:58:07,410.5,8439844
2021-06-18 09:58:08,410.35,8444438
2021-06-18 09:58:09,410.65,8449015
2021-06-18 09:58:10,410.55,8453706
2021-06-18 09:58:11,410.65,8457012
2021-06-18 09:58:12,410.6,8458383
2021-06-18 09:58:13,410.45,8463332
2021-06-18 09:58:14,410.8,8466029
2021-06-18 09:58:15,410.7,8482132
2021-06-18 09:58:16,410.7,8485045
2021-06-18 09:58:17,410.8,8489303
2021-06-18 09:58:18,411.05,8511868
2021-06-18 09:58:19,411.1,8516059
2021-06-18 09:58:20,411.1,8516209
2021-06-18 09:58:21,411.0,8525150
2021-06-18 09:58:22,411.0,8527416
2021-06-18 09:58:23,410.9,8534647
2021-06-18 09:58:24,410.75,8540039
2021-06-18 09:58:25,410.4,8549679
2021-06-18 09:58:26,410.5,8554359
2021-06-18 09:58:27,410.4,8556913
2021-06-18 09:58:28,410.15,8559352
2021-06-18 09:58:29,410.3,8559772
2021-06-18 09:58:30,410.2,8564061
2021-06-18 09:58:31,410.3,8565821
2021-06-18 09:58:32,410.2,8569403
2021-06-18 09:58:33,410.2,8570512
2021-06-18 09:58:34,410.2,8574614
2021-06-18 09:58:35,410.35,8576815
2021-06-18 09:58:36,410.35,8585620
2021-06-18 09:58:37,410.2,8588409
2021-06-18 09:58:38,410.35,8591778
2021-06-18 09:58:39,410.15,8614934
2021-06-18 09:58:40,410.2,8616275
2021-06-18 09:58:41,410.0,8626780
2021-06-18 09:58:42,410.0,8630655
2021-06-18 09:58:43,409.3,8690217
2021-06-18 09:58:44,409.5,8693259
2021-06-18 09:58:45,409.5,8699680
2021-06-18 09:58:46,409.45,8702112
2021-06-18 09:58:47,409.5,8706109
2021-06-18 09:58:48,409.6,8720632
2021-06-18 09:58:49,409.6,8721861
2021-06-18 09:58:50,409.5,8725329
2021-06-18 09:58:51,409.6,8727098
2021-06-18 09:58:52,409.75,8737789
2021-06-18 09:58:53,409.6,8743919
2021-06-18 09:58:54,409.5,8748797
2021-06-18 09:58:55,409.7,8751445
2021-06-18 09:58:56,409.35,8756446
2021-06-18 09:58:57,409.4,8758203
2021-06-18 09:58:59,409.65,8763233
2021-06-18 09:58:58,409.6,8762916
2021-06-18 09:59:00,409.85,8765265
2021-06-18 09:59:01,410.05,8773547
2021-06-18 09:59:02,410.1,8774452
2021-06-18 09:59:03,409.8,8787194
2021-06-18 09:59:04,409.8,8790252
2021-06-18 09:59:05,409.55,8792298
2021-06-18 09:59:06,409.65,8793411
2021-06-18 09:59:07,409.55,8797854
2021-06-18 09:59:08,409.5,8800312
2021-06-18 09:59:10,409.3,8810769
2021-06-18 09:59:11,409.2,8818201
2021-06-18 09:59:12,409.35,8823089
2021-06-18 09:59:14,409.1,8828800
2021-06-18 09:59:13,409.25,8826018
2021-06-18 09:59:15,409.15,8829886
2021-06-18 09:59:16,409.1,8831682
2021-06-18 09:59:17,409.15,8851209
2021-06-18 09:59:18,409.15,8853100
2021-06-18 09:59:19,409.0,8855842
2021-06-18 09:59:20,409.1,8857117
2021-06-18 09:59:21,409.1,8859806
2021-06-18 09:59:22,409.1,8859881
2021-06-18 09:59:23,408.7,8897857
2021-06-18 09:59:24,408.9,8901777
2021-06-18 09:59:25,408.6,8904578
2021-06-18 09:59:26,408.75,8912682
2021-06-18 09:59:27,408.75,8918320
2021-06-18 09:59:28,408.8,8928760
2021-06-18 09:59:29,408.8,8933843
2021-06-18 09:59:30,408.95,8944099
2021-06-18 09:59:31,409.15,8956474
2021-06-18 09:59:32,409.25,8958448
2021-06-18 09:59:33,409.2,8960081
2021-06-18 09:59:34,408.8,8969651
2021-06-18 09:59:35,408.7,8974033
2021-06-18 09:59:36,408.75,8977715
2021-06-18 09:59:37,408.85,8988967
2021-06-18 09:59:38,408.65,8990937
2021-06-18 09:59:39,408.85,8994360
2021-06-18 09:59:40,408.95,8996881
2021-06-18 09:59:41,408.8,9000366
2021-06-18 09:59:42,408.85,9004678
2021-06-18 09:59:43,409.0,9007515
2021-06-18 09:59:44,409.0,9007750
2021-06-18 09:59:45,408.95,9008690
2021-06-18 09:59:46,408.9,9012485
2021-06-18 09:59:47,409.0,9015597
2021-06-18 09:59:48,409.05,9017314
2021-06-18 09:59:49,409.25,9020347
2021-06-18 09:59:52,409.2,9031772
2021-06-18 09:59:53,409.05,9033045
2021-06-18 09:59:54,409.05,9037257
2021-06-18 09:59:55,409.3,9039788
2021-06-18 09:59:56,409.3,9041199
2021-06-18 09:59:57,409.3,9045270
2021-06-18 09:59:58,409.3,9058615
2021-06-18 09:59:59,409.45,9061500
2021-06-18 10:00:00,409.45,9064148
2021-06-18 10:00:01,409.4,9070779
2021-06-18 10:00:02,409.45,9072234
2021-06-18 10:00:04,409.3,9076756
2021-06-18 10:00:04,409.45,9076957
2021-06-18 10:00:05,409.5,9078321
2021-06-18 10:00:06,409.4,9078789
2021-06-18 10:00:07,409.4,9081453
2021-06-18 10:00:08,409.5,9084805
2021-06-18 10:00:09,409.7,9089239
2021-06-18 10:00:10,409.6,9095514
2021-06-18 10:00:11,409.3,9148133
2021-06-18 10:00:12,409.35,9149941
2021-06-18 10:00:13,409.3,9153173
2021-06-18 10:00:14,409.2,9155361
2021-06-18 10:00:15,409.2,9165160
2021-06-18 10:00:16,409.05,9169630
2021-06-18 10:00:17,408.8,9187584
2021-06-18 10:00:18,408.8,9197506
2021-06-18 10:00:20,408.8,9221057
2021-06-18 10:00:21,409.1,9227426
2021-06-18 10:00:23,408.9,9231818
2021-06-18 10:00:23,409.0,9233129
2021-06-18 10:00:24,409.2,9234581
2021-06-18 10:00:25,409.3,9236465
2021-06-18 10:00:26,409.0,9238354
2021-06-18 10:00:27,409.05,9242156
2021-06-18 10:00:28,409.05,9245619
2021-06-18 10:00:29,409.05,9247674
2021-06-18 10:00:30,409.1,9249970
2021-06-18 10:00:31,409.2,9251537
2021-06-18 10:00:32,409.3,9253533
2021-06-18 10:00:33,409.4,9262363
2021-06-18 10:00:35,409.5,9266037
2021-06-18 10:00:35,409.6,9266072
2021-06-18 10:00:36,409.45,9267931
2021-06-18 10:00:37,409.6,9274675
2021-06-18 10:00:38,409.5,9277471
2021-06-18 10:00:39,409.5,9277773
2021-06-18 10:00:40,409.5,9278706
2021-06-18 10:00:41,409.75,9280036
2021-06-18 10:00:43,409.7,9280357
2021-06-18 10:00:43,409.7,9281881
2021-06-18 10:00:44,409.7,9283181
2021-06-18 10:00:45,409.75,9286783
2021-06-18 10:00:46,409.75,9289178
2021-06-18 10:00:47,409.6,9291161
2021-06-18 10:00:48,409.6,9295170
2021-06-18 10:00:51,409.6,9314544
2021-06-18 10:00:52,409.6,9317015
2021-06-18 10:00:53,409.6,9318543
2021-06-18 10:00:55,409.65,9320149
2021-06-18 10:00:56,409.95,9324775
2021-06-18 10:00:57,410.0,9327126
2021-06-18 10:00:58,410.0,9328067
2021-06-18 10:00:59,410.3,9352602
2021-06-18 10:01:00,410.3,9354642
2021-06-18 10:01:01,409.85,9360450
2021-06-18 10:01:02,410.0,9361258
2021-06-18 10:01:03,410.0,9365660
2021-06-18 10:01:04,409.95,9367012
2021-06-18 10:01:06,409.95,9368253
2021-06-18 10:01:06,410.0,9368285
2021-06-18 10:01:07,410.0,9374592
2021-06-18 10:01:08,410.0,9377839
2021-06-18 10:01:09,409.95,9379604
2021-06-18 10:01:10,409.95,9382796
2021-06-18 10:01:11,409.85,9387088
2021-06-18 10:01:12,409.9,9393182
2021-06-18 10:01:13,410.0,9397355
2021-06-18 10:01:14,410.0,9399903
2021-06-18 10:01:15,409.95,9403142
2021-06-18 10:01:17,410.0,9405754
2021-06-18 10:01:17,410.0,9405854
2021-06-18 10:01:18,410.0,9406753
2021-06-18 10:01:19,410.0,9409263
2021-06-18 10:01:20,410.0,9412115
2021-06-18 10:01:21,410.0,9413417
2021-06-18 10:01:22,409.9,9414882
2021-06-18 10:01:23,410.0,9416725
2021-06-18 10:01:24,410.0,9417275
2021-06-18 10:01:25,410.2,9421776
2021-06-18 10:01:27,410.15,9422509
2021-06-18 10:01:26,410.15,9421913
2021-06-18 10:01:29,410.3,9426711
2021-06-18 10:01:30,410.4,9432082
2021-06-18 10:01:31,410.15,9434336
2021-06-18 10:01:33,410.2,9438477
2021-06-18 10:01:34,410.2,9439769
2021-06-18 10:01:35,410.15,9440754
2021-06-18 10:01:36,410.25,9442472
2021-06-18 10:01:38,410.25,9444285
2021-06-18 10:01:38,410.4,9445156
2021-06-18 10:01:40,410.45,9448826
2021-06-18 10:01:40,410.45,9448846
2021-06-18 10:01:41,410.5,9452415
2021-06-18 10:01:42,410.7,9458900
2021-06-18 10:01:43,410.5,9460828
2021-06-18 10:01:44,410.65,9486651
2021-06-18 10:01:45,410.5,9489033
2021-06-18 10:01:46,410.7,9492280
2021-06-18 10:01:47,410.55,9492544
2021-06-18 10:01:48,410.65,9497740
2021-06-18 10:01:49,410.55,9498724
2021-06-18 10:01:51,410.7,9502668
2021-06-18 10:01:51,410.65,9503088
2021-06-18 10:01:52,410.7,9505297
2021-06-18 10:01:54,410.8,9510823
2021-06-18 10:01:55,410.7,9511345
2021-06-18 10:01:56,411.0,9523379
2021-06-18 10:01:57,411.05,9537542
2021-06-18 10:01:58,410.85,9540050
2021-06-18 10:01:59,410.85,9542760
2021-06-18 10:02:00,410.8,9545857
2021-06-18 10:02:01,410.7,9562281
2021-06-18 10:02:02,410.5,9564532
2021-06-18 10:02:03,410.5,9567036
2021-06-18 10:02:04,410.45,9590983
2021-06-18 10:02:06,410.4,9593598
2021-06-18 10:02:06,410.45,9595197
2021-06-18 10:02:07,410.4,9599072
2021-06-18 10:02:08,410.4,9601962
2021-06-18 10:02:09,410.45,9607211
2021-06-18 10:02:10,410.4,9609655
2021-06-18 10:02:13,410.2,9615802
2021-06-18 10:02:14,410.2,9617502
2021-06-18 10:02:15,410.25,9620097
2021-06-18 10:02:15,410.4,9625197
2021-06-18 10:02:16,410.25,9628361
2021-06-18 10:02:17,410.35,9632149
2021-06-18 10:02:18,410.25,9633330
2021-06-18 10:02:19,410.35,9634125
2021-06-18 10:02:20,410.25,9634457
2021-06-18 10:02:21,410.15,9635797
2021-06-18 10:02:22,410.25,9638009
2021-06-18 10:02:23,410.25,9640112
2021-06-18 10:02:25,410.4,9641165
2021-06-18 10:02:26,410.45,9641759
2021-06-18 10:02:27,410.3,9643233
2021-06-18 10:02:27,410.3,9643333
2021-06-18 10:02:28,410.4,9643973
2021-06-18 10:02:29,410.35,9645037
2021-06-18 10:02:30,410.65,9647058
2021-06-18 10:02:31,410.7,9647408
2021-06-18 10:02:32,410.6,9651402
2021-06-18 10:02:34,410.7,9652255
2021-06-18 10:02:35,410.7,9654066
2021-06-18 10:02:36,410.8,9655054
2021-06-18 10:02:37,410.85,9656636
2021-06-18 10:02:38,410.8,9657708
2021-06-18 10:02:39,410.8,9657924
2021-06-18 10:02:40,410.9,9660782
2021-06-18 10:02:41,411.0,9663735
2021-06-18 10:02:42,410.9,9665029
2021-06-18 10:02:43,410.85,9667866
2021-06-18 10:02:45,411.0,9669615
2021-06-18 10:02:45,410.9,9670582
2021-06-18 10:02:46,410.75,9727296
2021-06-18 10:02:48,410.75,9729952
2021-06-18 10:02:49,410.75,9730825
2021-06-18 10:02:50,410.55,9735055
2021-06-18 10:02:51,410.55,9737328
2021-06-18 10:02:52,410.6,9742164
2021-06-18 10:02:53,410.4,9744383
2021-06-18 10:02:54,410.6,9746124
2021-06-18 10:02:55,410.65,9750104
2021-06-18 10:02:55,410.55,9750266
2021-06-18 10:02:56,410.65,9756772
2021-06-18 10:02:57,410.9,9760937
2021-06-18 10:02:58,410.8,9763852
2021-06-18 10:02:59,410.75,9766386
2021-06-18 10:03:00,410.8,9769280
2021-06-18 10:03:01,410.8,9771819
2021-06-18 10:03:02,410.8,9776183
2021-06-18 10:03:03,410.85,9779417
2021-06-18 10:03:04,410.75,9780211
2021-06-18 10:03:05,410.7,9781329
2021-06-18 10:03:06,410.7,9782334
2021-06-18 10:03:07,410.65,9783336
2021-06-18 10:03:08,410.6,9783699
2021-06-18 10:03:09,410.7,9784025
2021-06-18 10:03:10,410.7,9784912
2021-06-18 10:03:11,410.8,9786257
2021-06-18 10:03:12,410.75,9788045
2021-06-18 10:03:13,410.8,9788486
2021-06-18 10:03:14,410.8,9789445
2021-06-18 10:03:16,410.8,9791393
2021-06-18 10:03:19,410.8,9796693
2021-06-18 10:03:21,410.9,9808789
2021-06-18 10:03:22,410.75,9811267
2021-06-18 10:03:22,410.75,9811393
2021-06-18 10:03:24,410.95,9816035
2021-06-18 10:03:25,410.9,9816539
2021-06-18 10:03:26,410.95,9818666
2021-06-18 10:03:27,410.95,9821048
2021-06-18 10:03:28,410.9,9823875
2021-06-18 10:03:29,410.8,9827027
2021-06-18 10:03:30,410.75,9828699
2021-06-18 10:03:31,410.8,9830326
2021-06-18 10:03:32,410.85,9833994
2021-06-18 10:03:33,410.9,9836014
2021-06-18 10:03:34,410.85,9841757
2021-06-18 10:03:35,410.9,9843853
2021-06-18 10:03:37,410.85,9846239
2021-06-18 10:03:38,410.85,9847812
2021-06-18 10:03:38,410.85,9847409
2021-06-18 10:03:39,410.9,9848847
2021-06-18 10:03:41,410.9,9853157
2021-06-18 10:03:42,410.9,9853612
2021-06-18 10:03:43,410.8,9855548
2021-06-18 10:03:45,410.95,9859567
2021-06-18 10:03:46,411.0,9872687
2021-06-18 10:03:47,411.15,9873856
2021-06-18 10:03:48,411.15,9877133
2021-06-18 10:03:49,411.05,9879235
2021-06-18 10:03:50,411.15,9881501
2021-06-18 10:03:52,411.05,9885765
2021-06-18 10:03:54,411.1,9888001
2021-06-18 10:03:55,411.1,9889282
2021-06-18 10:03:56,411.15,9890563
2021-06-18 10:03:56,411.15,9890869
2021-06-18 10:03:57,410.95,9896508
2021-06-18 10:03:58,411.0,9898171
2021-06-18 10:03:59,410.9,9911738
2021-06-18 10:04:00,410.65,9945963
2021-06-18 10:04:01,410.65,9949401
2021-06-18 10:04:02,410.6,9953617
2021-06-18 10:04:03,410.5,9957330
2021-06-18 10:04:04,410.5,9960422
2021-06-18 10:04:05,410.5,9962624
2021-06-18 10:04:06,410.5,9966900
2021-06-18 10:04:07,410.5,9969572
2021-06-18 10:04:08,410.5,9970689
2021-06-18 10:04:09,410.5,9972129
2021-06-18 10:04:10,410.75,9975497
2021-06-18 10:04:11,410.75,9976681
2021-06-18 10:04:14,410.75,9979519
2021-06-18 10:04:15,410.7,9979883
2021-06-18 10:04:15,410.75,9980073
2021-06-18 10:04:16,410.55,9983140
2021-06-18 10:04:17,410.8,9986598
2021-06-18 10:04:18,411.0,9989195
2021-06-18 10:04:19,411.0,9989730
2021-06-18 10:04:20,411.05,9990063
2021-06-18 10:04:22,410.95,9990994
2021-06-18 10:04:23,411.25,10002542
2021-06-18 10:04:24,411.3,10004652
2021-06-18 10:04:25,411.3,10004977
2021-06-18 10:04:26,411.3,10005963
2021-06-18 10:04:27,411.4,10022092
2021-06-18 10:04:27,411.3,10023047
2021-06-18 10:04:28,411.65,10036917
2021-06-18 10:04:29,411.55,10039929
2021-06-18 10:04:30,411.75,10041577
2021-06-18 10:04:31,411.75,10044820
2021-06-18 10:04:32,411.65,10047060
2021-06-18 10:04:35,411.5,10052514
2021-06-18 10:04:36,411.75,10055982
2021-06-18 10:04:37,411.75,10058290
2021-06-18 10:04:38,411.75,10061473
2021-06-18 10:04:39,411.7,10061713
2021-06-18 10:04:40,411.8,10069091
2021-06-18 10:04:41,411.75,10070509
2021-06-18 10:04:42,411.85,10074016
2021-06-18 10:04:43,411.75,10083491
2021-06-18 10:04:44,411.8,10085812
2021-06-18 10:04:45,411.75,10087670
2021-06-18 10:04:46,411.75,10094195
2021-06-18 10:04:47,411.65,10097620
2021-06-18 10:04:48,411.5,10101303
2021-06-18 10:04:50,411.5,10105648
2021-06-18 10:04:51,411.3,10107208
2021-06-18 10:04:52,411.5,10108071
2021-06-18 10:04:53,411.5,10110197
2021-06-18 10:04:54,411.5,10111405
2021-06-18 10:04:55,411.7,10115332
2021-06-18 10:04:56,411.5,10116159
2021-06-18 10:04:57,411.65,10127663
2021-06-18 10:04:58,411.8,10128608
2021-06-18 10:04:59,411.6,10131189
2021-06-18 10:05:01,411.8,10135357
2021-06-18 10:05:02,411.7,10137762
2021-06-18 10:05:03,411.7,10138928
2021-06-18 10:05:04,411.7,10139713
2021-06-18 10:05:05,411.8,10147270
2021-06-18 10:05:07,411.9,10148441
2021-06-18 10:05:07,411.75,10148853
2021-06-18 10:05:08,411.95,10155052
2021-06-18 10:05:09,412.1,10169138
2021-06-18 10:05:10,412.1,10174247
2021-06-18 10:05:12,412.2,10175766
2021-06-18 10:05:12,412.2,10179219
2021-06-18 10:05:13,412.35,10181277
2021-06-18 10:05:14,412.1,10185062
2021-06-18 10:05:15,412.2,10187048
2021-06-18 10:05:16,412.25,10194932
2021-06-18 10:05:17,412.15,10197803
2021-06-18 10:05:19,412.1,10198926
2021-06-18 10:05:20,412.05,10206847
2021-06-18 10:05:21,412.0,10213607
2021-06-18 10:05:22,412.0,10215572
2021-06-18 10:05:23,411.85,10217569
2021-06-18 10:05:24,412.1,10221412
2021-06-18 10:05:25,412.15,10230716
2021-06-18 10:05:26,412.25,10232239
2021-06-18 10:05:27,412.15,10234124
2021-06-18 10:05:28,412.1,10237321
2021-06-18 10:05:29,412.05,10240729
2021-06-18 10:05:30,412.25,10241495
2021-06-18 10:05:31,412.25,10242713
2021-06-18 10:05:31,412.1,10248840
2021-06-18 10:05:33,412.15,10253531
2021-06-18 10:05:33,412.15,10255967
2021-06-18 10:05:34,412.1,10261765
2021-06-18 10:05:35,412.35,10264089
2021-06-18 10:05:36,412.25,10267961
2021-06-18 10:05:37,412.15,10273448
2021-06-18 10:05:38,412.25,10276995
2021-06-18 10:05:40,412.35,10280356
2021-06-18 10:05:41,412.25,10281767
2021-06-18 10:05:42,412.15,10285895
2021-06-18 10:05:43,412.15,10288011
2021-06-18 10:05:44,412.35,10290348
2021-06-18 10:05:45,412.25,10321753
2021-06-18 10:05:46,412.2,10327533
2021-06-18 10:05:47,412.25,10330437
2021-06-18 10:05:48,412.2,10333134
2021-06-18 10:05:48,412.2,10333141
2021-06-18 10:05:49,412.1,10334751
2021-06-18 10:05:50,412.2,10339182
2021-06-18 10:05:51,412.15,10345201
2021-06-18 10:05:52,412.15,10346634
2021-06-18 10:05:53,412.0,10349111
2021-06-18 10:05:56,412.2,10356604
2021-06-18 10:05:58,412.15,10359170
2021-06-18 10:05:59,412.3,10359689
2021-06-18 10:06:00,412.2,10360305
2021-06-18 10:06:02,412.2,10361373
2021-06-18 10:06:02,412.35,10361585
2021-06-18 10:06:04,412.35,10362526
2021-06-18 10:06:05,412.25,10364074
2021-06-18 10:06:06,412.3,10365666
2021-06-18 10:06:07,412.3,10366112
2021-06-18 10:06:07,412.3,10366412
2021-06-18 10:06:08,412.3,10367309
2021-06-18 10:06:10,412.25,10369415
2021-06-18 10:06:11,412.3,10369879
2021-06-18 10:06:12,412.3,10370891
2021-06-18 10:06:13,412.3,10372603
2021-06-18 10:06:14,412.3,10373060
2021-06-18 10:06:15,412.3,10373985
2021-06-18 10:06:16,412.3,10374857
2021-06-18 10:06:18,412.3,10377306
2021-06-18 10:06:19,412.25,10378914
2021-06-18 10:06:20,412.2,10379518
2021-06-18 10:06:21,412.3,10380800
2021-06-18 10:06:22,412.3,10382496
2021-06-18 10:06:23,412.3,10384235
2021-06-18 10:06:24,412.35,10385744
2021-06-18 10:06:25,412.3,10387386
2021-06-18 10:06:25,412.25,10387387
2021-06-18 10:06:26,412.3,10389061
2021-06-18 10:06:28,412.3,10390553
2021-06-18 10:06:28,412.3,10391003
2021-06-18 10:06:29,412.3,10391235
2021-06-18 10:06:31,412.25,10394242
2021-06-18 10:06:32,412.25,10395492
2021-06-18 10:06:33,412.3,10398751
2021-06-18 10:06:34,412.25,10400122
2021-06-18 10:06:34,412.25,10400122
2021-06-18 10:06:36,412.15,10403072
2021-06-18 10:06:37,412.25,10404302
2021-06-18 10:06:38,412.25,10404562
2021-06-18 10:06:39,412.25,10405348
2021-06-18 10:06:40,411.9,10494428
2021-06-18 10:06:41,411.95,10497020
2021-06-18 10:06:42,412.15,10499671
2021-06-18 10:06:43,412.15,10501533
2021-06-18 10:06:44,412.2,10503397
2021-06-18 10:06:45,412.05,10506732
2021-06-18 10:06:46,412.2,10513456
2021-06-18 10:06:47,412.15,10516204
2021-06-18 10:06:48,412.15,10518869
2021-06-18 10:06:49,412.2,10519374
2021-06-18 10:06:50,412.35,10530544
2021-06-18 10:06:51,412.3,10531752
2021-06-18 10:06:52,412.15,10533001
2021-06-18 10:06:52,412.35,10533155
2021-06-18 10:06:53,412.35,10535728
2021-06-18 10:06:54,412.25,10537228
2021-06-18 10:06:56,412.25,10539501
2021-06-18 10:06:57,412.25,10540855
2021-06-18 10:06:58,412.25,10541062
2021-06-18 10:06:59,412.2,10541825
2021-06-18 10:07:00,412.2,10541986
2021-06-18 10:07:01,412.25,10543041
2021-06-18 10:07:02,412.25,10544519
