timestamp,ltp,volume
2021-06-18 09:16:32,344.1,1088150
2021-06-18 09:16:33,344.1,1091139
2021-06-18 09:16:34,344.0,1092097
2021-06-18 09:16:35,344.2,1092627
2021-06-18 09:16:36,344.3,1094979
2021-06-18 09:16:37,344.25,1096178
2021-06-18 09:16:38,344.0,1113096
2021-06-18 09:16:39,344.05,1116880
2021-06-18 09:16:40,344.35,1119538
2021-06-18 09:16:41,344.0,1128585
2021-06-18 09:16:43,344.1,1135451
2021-06-18 09:16:44,344.2,1138169
2021-06-18 09:16:48,344.05,1151095
2021-06-18 09:16:49,344.5,1156019
2021-06-18 09:16:50,344.35,1157660
2021-06-18 09:16:51,344.4,1158500
2021-06-18 09:16:52,344.35,1159574
2021-06-18 09:16:53,344.4,1160025
2021-06-18 09:16:54,344.4,1161419
2021-06-18 09:16:55,344.35,1161943
2021-06-18 09:16:56,344.35,1162911
2021-06-18 09:16:57,344.35,1163147
2021-06-18 09:16:58,344.3,1167345
2021-06-18 09:17:00,344.25,1172334
2021-06-18 09:17:01,344.0,1190391
2021-06-18 09:17:02,344.05,1191937
2021-06-18 09:17:03,344.25,1194998
2021-06-18 09:17:04,344.25,1196603
2021-06-18 09:17:05,344.25,1197611
2021-06-18 09:17:06,344.4,1200828
2021-06-18 09:17:07,344.25,1202776
2021-06-18 09:17:08,344.05,1203999
2021-06-18 09:17:11,344.2,1244302
2021-06-18 09:17:12,344.15,1245920
2021-06-18 09:17:13,343.9,1267258
2021-06-18 09:17:14,343.7,1268616
2021-06-18 09:17:15,343.75,1272957
2021-06-18 09:17:16,343.85,1277256
2021-06-18 09:17:17,343.8,1280671
2021-06-18 09:17:18,343.85,1282670
2021-06-18 09:17:19,344.0,1284559
2021-06-18 09:17:20,343.8,1286641
2021-06-18 09:17:21,343.95,1287180
2021-06-18 09:17:22,343.95,1288246
2021-06-18 09:17:23,343.95,1288414
2021-06-18 09:17:24,343.8,1289653
2021-06-18 09:17:25,343.9,1296753
2021-06-18 09:17:26,343.8,1307431
2021-06-18 09:17:27,343.9,1308051
2021-06-18 09:17:28,343.75,1321089
2021-06-18 09:17:29,343.8,1325763
2021-06-18 09:17:30,343.8,1331371
2021-06-18 09:17:31,343.8,1332051
2021-06-18 09:17:32,343.7,1333680
2021-06-18 09:17:33,343.7,1338120
2021-06-18 09:17:34,343.6,1339696
2021-06-18 09:17:35,343.85,1341527
2021-06-18 09:17:36,343.85,1343443
2021-06-18 09:17:37,343.5,1347690
2021-06-18 09:17:38,343.7,1365142
2021-06-18 09:17:39,343.6,1369009
2021-06-18 09:17:41,343.75,1371325
2021-06-18 09:17:41,343.75,1371325
2021-06-18 09:17:42,343.75,1375077
2021-06-18 09:17:44,343.8,1376594
2021-06-18 09:17:44,343.8,1376594
2021-06-18 09:17:46,343.75,1381077
2021-06-18 09:17:46,343.75,1381077
2021-06-18 09:17:47,343.85,1385536
2021-06-18 09:17:49,343.7,1389726
2021-06-18 09:17:49,343.8,1393232
2021-06-18 09:17:50,343.8,1394936
2021-06-18 09:17:51,343.65,1398641
2021-06-18 09:17:52,343.85,1400003
2021-06-18 09:17:53,343.85,1401075
2021-06-18 09:17:55,343.75,1410687
2021-06-18 09:17:55,343.6,1413830
2021-06-18 09:17:56,343.5,1416477
2021-06-18 09:17:57,343.75,1418034
2021-06-18 09:17:58,343.85,1419293
2021-06-18 09:17:59,343.8,1420024
2021-06-18 09:18:00,343.6,1427584
2021-06-18 09:18:01,343.7,1428288
2021-06-18 09:18:02,343.7,1439734
2021-06-18 09:18:03,343.65,1441174
2021-06-18 09:18:04,343.6,1445538
2021-06-18 09:18:05,343.75,1456407
2021-06-18 09:18:06,343.65,1466845
2021-06-18 09:18:07,343.75,1468227
2021-06-18 09:18:08,343.4,1477993
2021-06-18 09:18:09,343.45,1478756
2021-06-18 09:18:10,343.75,1483840
2021-06-18 09:18:11,343.75,1490253
2021-06-18 09:18:12,343.65,1492910
2021-06-18 09:18:13,343.65,1494191
2021-06-18 09:18:14,343.65,1496928
2021-06-18 09:18:16,343.6,1498181
2021-06-18 09:18:16,343.6,1498181
2021-06-18 09:18:18,343.5,1505781
2021-06-18 09:18:18,343.5,1505967
2021-06-18 09:18:20,343.7,1510366
2021-06-18 09:18:20,343.05,1594155
2021-06-18 09:18:21,343.3,1600080
2021-06-18 09:18:22,343.3,1600884
2021-06-18 09:18:23,343.2,1607750
2021-06-18 09:18:24,343.2,1609175
2021-06-18 09:18:25,343.1,1610441
2021-06-18 09:18:26,343.05,1610742
2021-06-18 09:18:27,343.25,1612367
2021-06-18 09:18:28,343.0,1613743
2021-06-18 09:18:29,343.0,1615884
2021-06-18 09:18:30,342.9,1632015
2021-06-18 09:18:31,342.85,1640352
2021-06-18 09:18:32,342.65,1640704
2021-06-18 09:18:33,342.85,1641527
2021-06-18 09:18:34,342.9,1645991
2021-06-18 09:18:35,342.85,1647869
2021-06-18 09:18:36,342.8,1648934
2021-06-18 09:18:37,342.9,1649739
2021-06-18 09:18:38,342.85,1653538
2021-06-18 09:18:39,342.75,1654493
2021-06-18 09:18:40,342.85,1654990
2021-06-18 09:18:41,342.95,1655980
2021-06-18 09:18:42,342.75,1659957
2021-06-18 09:18:43,342.95,1661578
2021-06-18 09:18:44,342.95,1662876
2021-06-18 09:18:45,342.95,1664009
2021-06-18 09:18:46,342.95,1673105
2021-06-18 09:18:47,343.05,1674986
2021-06-18 09:18:49,343.05,1676107
2021-06-18 09:18:49,343.15,1678619
2021-06-18 09:18:51,343.3,1680795
2021-06-18 09:18:51,343.35,1681805
2021-06-18 09:18:52,343.35,1682556
2021-06-18 09:18:53,343.35,1683123
2021-06-18 09:18:54,343.2,1684063
2021-06-18 09:18:55,343.35,1692704
2021-06-18 09:18:57,343.2,1695070
2021-06-18 09:18:58,343.3,1695731
2021-06-18 09:18:58,343.2,1696448
2021-06-18 09:18:59,343.15,1697213
2021-06-18 09:19:01,343.15,1702764
2021-06-18 09:19:02,343.2,1703690
2021-06-18 09:19:04,343.35,1711407
2021-06-18 09:19:04,343.35,1711607
2021-06-18 09:19:06,343.2,1712149
2021-06-18 09:19:06,343.2,1716276
2021-06-18 09:19:07,343.2,1716752
2021-06-18 09:19:09,343.35,1720211
2021-06-18 09:19:10,343.5,1721592
2021-06-18 09:19:11,343.5,1722928
2021-06-18 09:19:12,343.5,1723974
2021-06-18 09:19:13,343.5,1724341
2021-06-18 09:19:14,343.5,1724393
2021-06-18 09:19:15,343.5,1725420
2021-06-18 09:19:16,343.5,1729122
2021-06-18 09:19:17,343.55,1749277
2021-06-18 09:19:18,343.65,1750423
2021-06-18 09:19:19,343.65,1750651
2021-06-18 09:19:20,343.55,1752603
2021-06-18 09:19:21,343.5,1753921
2021-06-18 09:19:22,343.5,1754983
2021-06-18 09:19:23,343.5,1755356
2021-06-18 09:19:24,343.5,1765337
2021-06-18 09:19:25,343.4,1766977
2021-06-18 09:19:26,343.3,1772952
2021-06-18 09:19:28,343.45,1776805
2021-06-18 09:19:29,343.45,1778118
2021-06-18 09:19:30,343.3,1778875
2021-06-18 09:19:31,343.3,1808091
2021-06-18 09:19:33,343.3,1816327
2021-06-18 09:19:35,343.3,1820732
2021-06-18 09:19:35,343.3,1820752
2021-06-18 09:19:37,343.55,1826283
2021-06-18 09:19:38,343.55,1828010
2021-06-18 09:19:39,343.5,1828221
2021-06-18 09:19:40,343.35,1829083
2021-06-18 09:19:41,343.5,1830975
2021-06-18 09:19:43,343.5,1832171
2021-06-18 09:19:44,343.55,1835462
2021-06-18 09:19:45,343.35,1836528
2021-06-18 09:19:47,343.5,1837117
2021-06-18 09:19:47,343.5,1837151
2021-06-18 09:19:48,343.6,1837992
2021-06-18 09:19:49,343.5,1843421
2021-06-18 09:19:51,343.5,1850147
2021-06-18 09:19:52,343.55,1852345
2021-06-18 09:19:53,343.6,1855910
2021-06-18 09:19:54,343.5,1856295
2021-06-18 09:19:55,343.6,1857166
2021-06-18 09:19:57,343.6,1857487
2021-06-18 09:19:57,343.4,1858505
2021-06-18 09:19:58,343.55,1861094
2021-06-18 09:19:59,343.55,1864034
2021-06-18 09:20:00,343.5,1864978
2021-06-18 09:20:01,343.4,1867407
2021-06-18 09:20:02,343.1,1921291
2021-06-18 09:20:03,343.0,1921895
2021-06-18 09:20:04,343.15,1925545
2021-06-18 09:20:05,343.1,1930727
2021-06-18 09:20:06,343.05,1956209
2021-06-18 09:20:07,343.0,1957447
2021-06-18 09:20:09,342.8,1958478
2021-06-18 09:20:10,342.95,1960022
2021-06-18 09:20:11,342.8,1961835
2021-06-18 09:20:12,342.75,1974636
2021-06-18 09:20:13,342.6,1974883
2021-06-18 09:20:14,342.55,1976709
2021-06-18 09:20:15,342.8,1979756
2021-06-18 09:20:16,342.8,1981284
2021-06-18 09:20:17,342.95,1982595
2021-06-18 09:20:18,342.9,1983071
2021-06-18 09:20:20,342.85,1984363
2021-06-18 09:20:21,342.8,1986885
2021-06-18 09:20:21,342.8,1987040
2021-06-18 09:20:23,342.75,1987606
2021-06-18 09:20:24,342.95,1990497
2021-06-18 09:20:25,342.8,1992636
2021-06-18 09:20:26,342.45,2071007
2021-06-18 09:20:27,342.4,2071618
2021-06-18 09:20:27,342.65,2075921
2021-06-18 09:20:29,342.6,2081209
2021-06-18 09:20:31,342.55,2087384
2021-06-18 09:20:30,342.55,2082797
2021-06-18 09:20:31,342.4,2088146
2021-06-18 09:20:33,342.4,2093479
2021-06-18 09:20:33,342.45,2096198
2021-06-18 09:20:34,342.4,2097847
2021-06-18 09:20:35,342.35,2098111
2021-06-18 09:20:36,342.3,2099703
2021-06-18 09:20:37,342.15,2100378
2021-06-18 09:20:39,342.25,2103081
2021-06-18 09:20:40,342.2,2110195
2021-06-18 09:20:40,342.2,2111103
2021-06-18 09:20:41,342.05,2132479
2021-06-18 09:20:42,342.0,2147047
2021-06-18 09:20:43,342.0,2149579
2021-06-18 09:20:44,341.9,2203462
2021-06-18 09:20:45,341.75,2211089
2021-06-18 09:20:46,341.3,2224981
2021-06-18 09:20:47,341.3,2254809
2021-06-18 09:20:48,341.3,2256359
2021-06-18 09:20:49,341.0,2284811
2021-06-18 09:20:50,341.1,2287198
2021-06-18 09:20:51,341.0,2292464
2021-06-18 09:20:53,341.1,2303212
2021-06-18 09:20:53,341.1,2304431
2021-06-18 09:20:55,341.5,2309433
2021-06-18 09:20:56,341.2,2313730
2021-06-18 09:20:56,341.15,2314746
2021-06-18 09:20:57,341.25,2319152
2021-06-18 09:20:58,341.05,2361458
2021-06-18 09:21:00,340.95,2370756
2021-06-18 09:21:00,341.05,2372706
2021-06-18 09:21:01,341.0,2375081
2021-06-18 09:21:02,341.2,2378299
2021-06-18 09:21:03,341.5,2388753
2021-06-18 09:21:05,341.2,2411591
2021-06-18 09:21:05,341.2,2414981
2021-06-18 09:21:07,341.25,2424614
2021-06-18 09:21:08,341.1,2428874
2021-06-18 09:21:09,341.1,2443532
2021-06-18 09:21:09,341.05,2446077
2021-06-18 09:21:10,341.0,2450578
2021-06-18 09:21:12,340.85,2462898
2021-06-18 09:21:13,340.95,2470068
2021-06-18 09:21:13,341.0,2474241
2021-06-18 09:21:14,340.95,2477838
2021-06-18 09:21:16,340.7,2484326
2021-06-18 09:21:17,340.9,2492106
2021-06-18 09:21:18,340.9,2492706
2021-06-18 09:21:19,340.7,2495318
2021-06-18 09:21:20,340.8,2498975
2021-06-18 09:21:21,340.8,2505284
2021-06-18 09:21:22,340.85,2508934
2021-06-18 09:21:23,340.85,2510404
2021-06-18 09:21:24,340.8,2518441
2021-06-18 09:21:25,340.95,2519591
2021-06-18 09:21:26,340.85,2521277
2021-06-18 09:21:27,340.8,2525054
2021-06-18 09:21:28,340.95,2531945
2021-06-18 09:21:29,341.05,2588457
2021-06-18 09:21:31,340.95,2607777
2021-06-18 09:21:31,340.8,2607890
2021-06-18 09:21:32,340.95,2609224
2021-06-18 09:21:34,341.0,2630254
2021-06-18 09:21:35,341.1,2633196
2021-06-18 09:21:36,341.0,2636040
2021-06-18 09:21:36,341.0,2636690
2021-06-18 09:21:37,341.15,2639587
2021-06-18 09:21:38,341.2,2646735
2021-06-18 09:21:39,341.45,2648495
2021-06-18 09:21:41,341.45,2652908
2021-06-18 09:21:41,341.2,2651597
2021-06-18 09:21:42,341.2,2655106
2021-06-18 09:21:43,341.25,2659461
2021-06-18 09:21:44,341.15,2667111
2021-06-18 09:21:45,341.0,2684638
2021-06-18 09:21:46,341.2,2685910
2021-06-18 09:21:47,340.95,2690678
2021-06-18 09:21:48,341.05,2699395
2021-06-18 09:21:49,341.1,2700487
2021-06-18 09:21:50,341.0,2702400
2021-06-18 09:21:51,341.15,2703984
2021-06-18 09:21:52,341.05,2708586
2021-06-18 09:21:53,341.1,2711876
2021-06-18 09:21:54,340.95,2714542
2021-06-18 09:21:55,340.85,2719181
2021-06-18 09:21:56,340.85,2721329
2021-06-18 09:21:57,341.0,2723101
2021-06-18 09:21:59,341.05,2734172
2021-06-18 09:22:00,340.8,2740549
2021-06-18 09:22:02,341.15,2754199
2021-06-18 09:22:02,341.1,2755938
2021-06-18 09:22:03,341.1,2756544
2021-06-18 09:22:05,341.3,2759286
2021-06-18 09:22:05,341.35,2762856
2021-06-18 09:22:07,341.35,2763192
2021-06-18 09:22:07,341.45,2763835
2021-06-18 09:22:08,341.45,2771944
2021-06-18 09:22:09,341.4,2772749
2021-06-18 09:22:10,341.5,2775675
2021-06-18 09:22:11,341.5,2776033
2021-06-18 09:22:12,341.45,2777754
2021-06-18 09:22:14,341.45,2778878
2021-06-18 09:22:15,341.3,2787971
2021-06-18 09:22:16,341.35,2790337
2021-06-18 09:22:17,341.3,2791154
2021-06-18 09:22:17,341.3,2792204
2021-06-18 09:22:19,341.3,2793036
2021-06-18 09:22:20,341.3,2794702
2021-06-18 09:22:21,341.45,2795522
2021-06-18 09:22:22,341.35,2796964
2021-06-18 09:22:22,341.45,2796968
2021-06-18 09:22:23,341.3,2797646
2021-06-18 09:22:25,341.55,2814134
2021-06-18 09:22:26,341.4,2815165
2021-06-18 09:22:28,341.3,2818964
2021-06-18 09:22:29,341.15,2826837
2021-06-18 09:22:29,341.15,2827047
2021-06-18 09:22:30,341.1,2828918
2021-06-18 09:22:32,341.15,2833446
2021-06-18 09:22:32,341.2,2834012
2021-06-18 09:22:33,341.15,2834686
2021-06-18 09:22:34,341.3,2837223
2021-06-18 09:22:35,341.45,2839769
2021-06-18 09:22:37,341.3,2840333
2021-06-18 09:22:38,341.4,2840820
2021-06-18 09:22:39,341.35,2841079
2021-06-18 09:22:39,341.5,2841182
2021-06-18 09:22:41,341.55,2847558
2021-06-18 09:22:42,341.55,2848386
2021-06-18 09:22:42,341.7,2848577
2021-06-18 09:22:43,341.8,2852652
2021-06-18 09:22:44,341.9,2853241
2021-06-18 09:22:45,341.8,2853501
2021-06-18 09:22:46,341.75,2854564
2021-06-18 09:22:48,341.95,2861591
2021-06-18 09:22:50,341.8,2862455
2021-06-18 09:22:49,341.9,2862408
2021-06-18 09:22:51,341.9,2863180
2021-06-18 09:22:52,341.65,2908181
2021-06-18 09:22:53,341.95,2910175
2021-06-18 09:22:54,341.95,2911797
2021-06-18 09:22:55,341.65,2915434
2021-06-18 09:22:56,341.75,2918496
2021-06-18 09:22:59,341.6,2934583
2021-06-18 09:23:00,341.5,2936390
2021-06-18 09:23:02,341.55,2941328
2021-06-18 09:23:03,341.55,2942910
2021-06-18 09:23:04,341.55,2946034
2021-06-18 09:23:05,341.65,2949698
2021-06-18 09:23:06,341.5,2950358
2021-06-18 09:23:06,341.55,2950659
2021-06-18 09:23:08,341.75,2957472
2021-06-18 09:23:09,341.75,2958467
2021-06-18 09:23:11,341.9,2959067
2021-06-18 09:23:12,341.9,2960526
2021-06-18 09:23:13,341.8,2963643
2021-06-18 09:23:14,341.8,2964281
2021-06-18 09:23:14,341.85,2964434
2021-06-18 09:23:15,341.95,2966753
2021-06-18 09:23:16,341.85,2969261
2021-06-18 09:23:17,341.85,2970781
2021-06-18 09:23:18,342.0,2971380
2021-06-18 09:23:19,342.0,2975857
2021-06-18 09:23:20,342.0,2977250
2021-06-18 09:23:21,341.95,2981052
2021-06-18 09:23:22,342.2,2983243
2021-06-18 09:23:23,341.2,3067914
2021-06-18 09:23:25,341.45,3071767
2021-06-18 09:23:26,341.35,3073259
2021-06-18 09:23:27,341.4,3075067
2021-06-18 09:23:28,341.1,3081019
2021-06-18 09:23:29,341.0,3084565
2021-06-18 09:23:29,341.05,3088696
2021-06-18 09:23:30,341.0,3090073
2021-06-18 09:23:31,341.2,3091701
2021-06-18 09:23:32,341.2,3121029
2021-06-18 09:23:33,341.0,3123316
2021-06-18 09:23:35,341.2,3123788
2021-06-18 09:23:36,341.0,3126195
2021-06-18 09:23:37,341.2,3127981
2021-06-18 09:23:38,341.0,3168621
2021-06-18 09:23:39,341.0,3169599
2021-06-18 09:23:40,341.0,3171233
2021-06-18 09:23:41,341.05,3176943
2021-06-18 09:23:42,341.0,3177851
2021-06-18 09:23:43,341.0,3178653
2021-06-18 09:23:43,341.15,3179184
2021-06-18 09:23:44,341.2,3180350
2021-06-18 09:23:45,341.15,3181634
2021-06-18 09:23:47,341.2,3182981
2021-06-18 09:23:48,341.2,3184092
2021-06-18 09:23:49,341.2,3186010
2021-06-18 09:23:50,341.35,3188982
2021-06-18 09:23:51,341.3,3190404
2021-06-18 09:23:52,341.3,3190822
2021-06-18 09:23:53,341.45,3192108
2021-06-18 09:23:54,341.45,3195008
2021-06-18 09:23:55,341.4,3197120
2021-06-18 09:23:56,341.5,3197906
2021-06-18 09:23:57,341.55,3199161
2021-06-18 09:23:59,341.5,3201780
2021-06-18 09:24:04,341.75,3213677
2021-06-18 09:24:05,341.5,3216151
2021-06-18 09:24:06,341.6,3217370
2021-06-18 09:24:07,341.6,3218292
2021-06-18 09:24:08,341.55,3219823
2021-06-18 09:24:09,341.6,3220138
2021-06-18 09:24:10,341.6,3221401
2021-06-18 09:24:11,341.6,3222058
2021-06-18 09:24:12,341.7,3222790
2021-06-18 09:24:13,341.9,3223409
2021-06-18 09:24:14,341.85,3234692
2021-06-18 09:24:15,341.75,3235248
2021-06-18 09:24:16,341.9,3237994
2021-06-18 09:24:17,341.85,3239096
2021-06-18 09:24:18,341.85,3240404
2021-06-18 09:24:19,341.85,3240958
2021-06-18 09:24:20,341.75,3242709
2021-06-18 09:24:21,341.9,3243429
2021-06-18 09:24:22,341.85,3246662
2021-06-18 09:24:23,341.95,3248161
2021-06-18 09:24:23,341.95,3248161
2021-06-18 09:24:24,342.0,3250399
2021-06-18 09:24:25,342.15,3260340
2021-06-18 09:24:26,342.1,3261567
2021-06-18 09:24:27,342.35,3271800
2021-06-18 09:24:29,342.1,3272805
2021-06-18 09:24:30,342.1,3275716
2021-06-18 09:24:31,342.05,3279406
2021-06-18 09:24:32,342.25,3280092
2021-06-18 09:24:33,342.3,3282549
2021-06-18 09:24:34,342.45,3298125
2021-06-18 09:24:35,342.55,3299945
2021-06-18 09:24:36,342.4,3303280
2021-06-18 09:24:38,342.4,3305884
2021-06-18 09:24:39,342.5,3318389
2021-06-18 09:24:40,342.5,3323482
2021-06-18 09:24:41,342.5,3324203
2021-06-18 09:24:42,342.4,3325153
2021-06-18 09:24:43,342.5,3326053
2021-06-18 09:24:44,342.5,3328951
2021-06-18 09:24:45,342.45,3330153
2021-06-18 09:24:46,342.5,3331918
2021-06-18 09:24:47,342.6,3337984
2021-06-18 09:24:48,342.5,3341450
2021-06-18 09:24:49,342.5,3346141
2021-06-18 09:24:50,342.45,3359580
2021-06-18 09:24:51,342.5,3362728
2021-06-18 09:24:52,342.45,3364690
2021-06-18 09:24:53,342.4,3364965
2021-06-18 09:24:54,342.5,3365061
2021-06-18 09:24:55,342.35,3365756
2021-06-18 09:24:56,342.4,3370697
2021-06-18 09:24:57,342.4,3373820
2021-06-18 09:24:59,342.6,3393059
2021-06-18 09:25:00,342.5,3397116
2021-06-18 09:25:01,342.55,3397617
2021-06-18 09:25:02,342.45,3398482
2021-06-18 09:25:03,342.5,3399320
2021-06-18 09:25:04,342.5,3402383
2021-06-18 09:25:05,342.55,3402742
2021-06-18 09:25:06,342.5,3405039
2021-06-18 09:25:07,342.5,3406609
2021-06-18 09:25:08,342.4,3409075
2021-06-18 09:25:09,342.55,3409627
2021-06-18 09:25:10,342.65,3412953
2021-06-18 09:25:11,342.75,3417499
2021-06-18 09:25:12,342.6,3419438
2021-06-18 09:25:13,342.8,3420630
2021-06-18 09:25:14,342.7,3424437
2021-06-18 09:25:15,342.65,3426998
2021-06-18 09:25:15,342.8,3425122
2021-06-18 09:25:16,342.7,3429215
2021-06-18 09:25:17,342.75,3432738
2021-06-18 09:25:19,342.7,3433788
2021-06-18 09:25:20,342.65,3434834
2021-06-18 09:25:21,342.9,3442289
2021-06-18 09:25:22,342.95,3451818
2021-06-18 09:25:23,342.95,3452430
2021-06-18 09:25:24,343.0,3455878
2021-06-18 09:25:24,342.9,3456428
2021-06-18 09:25:26,342.95,3457002
2021-06-18 09:25:27,343.0,3457104
2021-06-18 09:25:28,342.95,3460062
2021-06-18 09:25:29,343.0,3462470
2021-06-18 09:25:30,342.85,3467536
2021-06-18 09:25:31,342.8,3470372
2021-06-18 09:25:32,342.85,3472899
2021-06-18 09:25:33,342.95,3474006
2021-06-18 09:25:34,342.9,3476765
2021-06-18 09:25:35,342.85,3478121
2021-06-18 09:25:36,342.9,3479893
2021-06-18 09:25:37,342.95,3480962
2021-06-18 09:25:38,342.9,3494175
2021-06-18 09:25:39,342.95,3499188
2021-06-18 09:25:40,343.0,3509846
2021-06-18 09:25:41,342.95,3511578
2021-06-18 09:25:44,343.1,3518949
2021-06-18 09:25:45,343.1,3520256
2021-06-18 09:25:46,343.1,3520582
2021-06-18 09:25:47,343.2,3521074
2021-06-18 09:25:48,342.95,3531582
2021-06-18 09:25:49,343.0,3533679
2021-06-18 09:25:50,342.95,3535325
2021-06-18 09:25:51,343.0,3535739
2021-06-18 09:25:52,343.1,3536658
2021-06-18 09:25:53,343.2,3539449
2021-06-18 09:25:54,343.15,3545273
2021-06-18 09:25:54,343.2,3545424
2021-06-18 09:25:56,343.05,3548696
2021-06-18 09:25:57,343.1,3550106
2021-06-18 09:25:58,343.05,3551118
2021-06-18 09:25:59,343.0,3553499
2021-06-18 09:26:00,343.1,3554443
2021-06-18 09:26:00,343.1,3553571
2021-06-18 09:26:01,343.1,3555447
2021-06-18 09:26:02,343.0,3557590
2021-06-18 09:26:03,343.1,3558499
2021-06-18 09:26:05,343.0,3558959
2021-06-18 09:26:07,343.05,3564825
2021-06-18 09:26:08,343.05,3568033
2021-06-18 09:26:09,343.15,3572146
2021-06-18 09:26:10,343.2,3580339
2021-06-18 09:26:10,343.2,3580583
2021-06-18 09:26:12,343.15,3582835
2021-06-18 09:26:13,343.2,3583163
2021-06-18 09:26:14,343.2,3584448
2021-06-18 09:26:16,343.25,3589180
2021-06-18 09:26:17,343.25,3589180
2021-06-18 09:26:18,343.2,3589645
2021-06-18 09:26:19,343.1,3590424
2021-06-18 09:26:20,343.15,3593069
2021-06-18 09:26:21,343.1,3593358
2021-06-18 09:26:22,343.15,3593459
2021-06-18 09:26:23,343.2,3597229
2021-06-18 09:26:24,343.05,3597505
2021-06-18 09:26:25,343.15,3599983
2021-06-18 09:26:26,343.05,3600202
2021-06-18 09:26:27,343.15,3602141
2021-06-18 09:26:28,343.25,3609175
2021-06-18 09:26:29,343.1,3610466
2021-06-18 09:26:30,343.1,3611255
2021-06-18 09:26:31,343.1,3612167
2021-06-18 09:26:32,343.2,3612707
2021-06-18 09:26:33,343.2,3613569
2021-06-18 09:26:34,343.25,3613954
2021-06-18 09:26:35,343.25,3614114
2021-06-18 09:26:38,343.2,3615653
2021-06-18 09:26:39,343.2,3617061
2021-06-18 09:26:40,343.15,3617340
2021-06-18 09:26:41,343.3,3621249
2021-06-18 09:26:42,343.25,3623133
2021-06-18 09:26:43,343.2,3623857
2021-06-18 09:26:44,343.25,3625087
2021-06-18 09:26:45,343.2,3625319
2021-06-18 09:26:46,343.2,3625584
2021-06-18 09:26:47,343.25,3626259
2021-06-18 09:26:48,343.2,3626312
2021-06-18 09:26:49,343.3,3627629
2021-06-18 09:26:50,343.2,3628604
2021-06-18 09:26:51,343.25,3629023
2021-06-18 09:26:52,343.25,3629099
2021-06-18 09:26:53,343.25,3630167
2021-06-18 09:26:55,343.25,3631096
2021-06-18 09:26:54,343.25,3630345
2021-06-18 09:26:56,343.2,3631494
2021-06-18 09:26:57,343.25,3632256
2021-06-18 09:26:58,343.25,3632914
2021-06-18 09:26:59,343.25,3633994
2021-06-18 09:27:00,343.25,3634014
2021-06-18 09:27:01,343.35,3638249
2021-06-18 09:27:02,343.35,3640714
2021-06-18 09:27:03,343.3,3642314
2021-06-18 09:27:04,343.3,3643806
2021-06-18 09:27:06,343.35,3648250
2021-06-18 09:27:07,343.45,3649452
2021-06-18 09:27:08,343.5,3652230
2021-06-18 09:27:09,343.5,3652562
2021-06-18 09:27:11,343.4,3666819
2021-06-18 09:27:13,343.5,3668541
2021-06-18 09:27:14,343.5,3669078
2021-06-18 09:27:15,343.5,3669078
2021-06-18 09:27:16,343.5,3673880
2021-06-18 09:27:17,343.6,3674486
2021-06-18 09:27:18,343.45,3675219
2021-06-18 09:27:19,343.45,3679250
2021-06-18 09:27:20,343.1,3695179
2021-06-18 09:27:21,343.4,3696375
2021-06-18 09:27:22,343.4,3696994
2021-06-18 09:27:23,343.5,3702289
2021-06-18 09:27:24,343.5,3703162
2021-06-18 09:27:26,343.35,3704858
2021-06-18 09:27:27,343.35,3706118
2021-06-18 09:27:28,343.4,3708152
2021-06-18 09:27:29,343.2,3708959
2021-06-18 09:27:31,343.2,3710183
2021-06-18 09:27:30,343.35,3709028
2021-06-18 09:27:32,343.35,3711150
2021-06-18 09:27:33,343.4,3711350
2021-06-18 09:27:34,343.3,3711591
2021-06-18 09:27:35,343.3,3712118
2021-06-18 09:27:36,343.3,3712873
2021-06-18 09:27:37,343.2,3714878
2021-06-18 09:27:38,343.2,3715747
2021-06-18 09:27:39,343.55,3741103
2021-06-18 09:27:40,343.7,3748235
2021-06-18 09:27:43,343.55,3751916
2021-06-18 09:27:44,343.55,3753831
2021-06-18 09:27:45,343.6,3755157
2021-06-18 09:27:46,343.75,3755689
2021-06-18 09:27:47,343.6,3755889
2021-06-18 09:27:48,343.7,3758571
2021-06-18 09:27:49,343.55,3758929
2021-06-18 09:27:50,343.6,3759890
2021-06-18 09:27:51,343.6,3761232
2021-06-18 09:27:52,343.75,3765129
2021-06-18 09:27:53,343.6,3765644
2021-06-18 09:27:54,343.7,3766147
2021-06-18 09:27:55,343.6,3766429
2021-06-18 09:27:56,343.8,3768829
2021-06-18 09:27:57,343.75,3769730
2021-06-18 09:27:58,343.75,3769780
2021-06-18 09:27:59,343.75,3773257
2021-06-18 09:28:00,343.75,3777151
2021-06-18 09:28:01,343.55,3779958
2021-06-18 09:28:02,343.55,3783305
2021-06-18 09:28:03,343.75,3784251
2021-06-18 09:28:04,343.7,3784484
2021-06-18 09:28:05,343.7,3785228
2021-06-18 09:28:06,343.6,3785554
2021-06-18 09:28:07,343.75,3786821
2021-06-18 09:28:08,343.55,3797774
2021-06-18 09:28:09,343.75,3799592
2021-06-18 09:28:14,343.7,3803156
2021-06-18 09:28:15,343.55,3803584
2021-06-18 09:28:16,343.55,3804160
2021-06-18 09:28:17,343.7,3806160
2021-06-18 09:28:18,343.7,3806753
2021-06-18 09:28:19,343.7,3807221
2021-06-18 09:28:20,343.6,3807716
2021-06-18 09:28:21,343.7,3807983
2021-06-18 09:28:22,343.55,3811924
2021-06-18 09:28:23,343.65,3812202
2021-06-18 09:28:24,343.7,3812534
2021-06-18 09:28:25,343.7,3816623
2021-06-18 09:28:26,343.7,3816988
2021-06-18 09:28:28,343.7,3819795
2021-06-18 09:28:28,343.5,3822738
2021-06-18 09:28:29,343.55,3822889
2021-06-18 09:28:31,343.7,3822999
2021-06-18 09:28:31,343.7,3823000
2021-06-18 09:28:32,343.7,3823241
2021-06-18 09:28:33,343.6,3825722
2021-06-18 09:28:34,343.65,3826744
2021-06-18 09:28:35,343.55,3827270
2021-06-18 09:28:36,343.75,3827574
2021-06-18 09:28:38,343.55,3832745
2021-06-18 09:28:39,343.55,3833141
2021-06-18 09:28:40,343.55,3833143
2021-06-18 09:28:41,343.55,3833398
2021-06-18 09:28:43,343.65,3833728
2021-06-18 09:28:43,343.65,3833754
2021-06-18 09:28:44,343.65,3834940
2021-06-18 09:28:45,343.5,3835341
2021-06-18 09:28:46,343.55,3835896
2021-06-18 09:28:47,343.55,3836333
2021-06-18 09:28:48,343.55,3837553
2021-06-18 09:28:49,343.6,3837944
2021-06-18 09:28:50,343.5,3838951
2021-06-18 09:28:51,343.6,3839221
2021-06-18 09:28:52,343.5,3839781
2021-06-18 09:28:53,343.5,3843570
2021-06-18 09:28:54,343.6,3843827
2021-06-18 09:28:56,343.5,3854815
2021-06-18 09:28:56,343.45,3855138
2021-06-18 09:28:57,343.4,3857092
2021-06-18 09:28:59,343.5,3857401
2021-06-18 09:28:59,343.4,3857958
2021-06-18 09:29:00,343.5,3859782
2021-06-18 09:29:01,343.5,3862019
2021-06-18 09:29:02,343.35,3863604
2021-06-18 09:29:03,343.45,3863699
2021-06-18 09:29:04,343.5,3865506
2021-06-18 09:29:05,343.2,3874124
2021-06-18 09:29:06,343.2,3874848
2021-06-18 09:29:07,343.35,3885562
2021-06-18 09:29:08,343.2,3886675
2021-06-18 09:29:09,343.4,3887108
2021-06-18 09:29:10,343.35,3888156
2021-06-18 09:29:11,343.35,3888156
2021-06-18 09:29:12,343.2,3888795
2021-06-18 09:29:13,343.05,3922964
2021-06-18 09:29:14,343.05,3923274
2021-06-18 09:29:15,343.05,3924395
2021-06-18 09:29:17,343.0,3924805
2021-06-18 09:29:17,342.95,3925062
2021-06-18 09:29:18,342.95,3925347
2021-06-18 09:29:19,342.95,3928251
2021-06-18 09:29:20,342.95,3931583
2021-06-18 09:29:22,342.95,3933237
2021-06-18 09:29:22,342.95,3933274
2021-06-18 09:29:23,343.0,3938856
2021-06-18 09:29:24,342.7,3940508
2021-06-18 09:29:25,342.7,3940671
2021-06-18 09:29:26,342.75,3941922
2021-06-18 09:29:27,342.65,3946479
2021-06-18 09:29:28,342.75,3947193
2021-06-18 09:29:29,342.6,3950271
2021-06-18 09:29:30,342.7,3951581
2021-06-18 09:29:31,342.7,3955103
2021-06-18 09:29:32,342.7,3955372
2021-06-18 09:29:33,342.65,3955942
2021-06-18 09:29:35,342.55,3958681
2021-06-18 09:29:35,342.6,3959437
2021-06-18 09:29:36,342.5,3966455
2021-06-18 09:29:37,342.5,3966835
2021-06-18 09:29:38,342.5,3968065
2021-06-18 09:29:39,342.5,3968887
2021-06-18 09:29:40,342.5,3970438
2021-06-18 09:29:41,342.4,3975089
2021-06-18 09:29:42,342.25,3978288
2021-06-18 09:29:43,342.3,3980938
2021-06-18 09:29:44,342.45,3981605
2021-06-18 09:29:45,342.45,3987795
2021-06-18 09:29:46,342.55,3991256
2021-06-18 09:29:47,342.5,3991726
2021-06-18 09:29:49,342.6,3994963
2021-06-18 09:29:51,342.45,3996852
2021-06-18 09:29:51,342.45,3996972
2021-06-18 09:29:52,342.7,3999026
2021-06-18 09:29:53,342.75,3999233
2021-06-18 09:29:55,342.7,4000851
2021-06-18 09:29:55,342.85,4000001
2021-06-18 09:29:56,342.7,4001193
2021-06-18 09:29:57,342.8,4003635
2021-06-18 09:29:58,342.6,4003753
2021-06-18 09:29:59,342.85,4005581
2021-06-18 09:30:00,342.75,4007686
2021-06-18 09:30:03,342.65,4010270
2021-06-18 09:30:04,342.8,4013436
2021-06-18 09:30:04,342.75,4010904
2021-06-18 09:30:05,342.7,4013832
2021-06-18 09:30:06,342.7,4014333
2021-06-18 09:30:07,342.5,4022274
2021-06-18 09:30:08,342.6,4022522
2021-06-18 09:30:11,342.2,4031133
2021-06-18 09:30:13,342.2,4033616
2021-06-18 09:30:15,342.25,4034920
2021-06-18 09:30:16,342.25,4035671
2021-06-18 09:30:17,342.2,4035956
2021-06-18 09:30:18,342.35,4036439
2021-06-18 09:30:19,342.35,4037494
2021-06-18 09:30:20,342.35,4038571
2021-06-18 09:30:21,342.2,4042296
2021-06-18 09:30:22,342.0,4049220
2021-06-18 09:30:24,342.0,4052901
2021-06-18 09:30:25,342.0,4053607
2021-06-18 09:30:26,342.1,4054981
2021-06-18 09:30:27,342.1,4059130
2021-06-18 09:30:28,342.1,4059419
2021-06-18 09:30:30,342.25,4061133
2021-06-18 09:30:31,342.1,4062797
2021-06-18 09:30:32,342.25,4064578
2021-06-18 09:30:32,342.1,4064932
2021-06-18 09:30:33,342.1,4066333
2021-06-18 09:30:34,342.2,4066421
2021-06-18 09:30:35,342.1,4066643
2021-06-18 09:30:36,342.1,4080716
2021-06-18 09:30:37,342.05,4084081
2021-06-18 09:30:39,341.85,4120132
2021-06-18 09:30:40,341.6,4127184
2021-06-18 09:30:41,341.65,4128099
2021-06-18 09:30:42,341.75,4129800
2021-06-18 09:30:44,341.95,4134803
2021-06-18 09:30:44,341.95,4135124
2021-06-18 09:30:46,341.95,4137568
2021-06-18 09:30:47,342.2,4148318
2021-06-18 09:30:48,341.95,4148665
2021-06-18 09:30:50,341.95,4148744
2021-06-18 09:30:51,341.85,4148966
2021-06-18 09:30:51,342.0,4149131
2021-06-18 09:30:52,342.0,4150596
2021-06-18 09:30:53,341.9,4151550
2021-06-18 09:30:54,341.85,4153228
2021-06-18 09:30:55,341.8,4154553
2021-06-18 09:30:56,341.9,4154918
2021-06-18 09:30:57,341.85,4156197
2021-06-18 09:30:59,341.9,4156531
2021-06-18 09:31:00,341.85,4156702
2021-06-18 09:31:00,341.8,4156742
2021-06-18 09:31:01,341.8,4157245
2021-06-18 09:31:02,341.85,4158062
2021-06-18 09:31:03,341.8,4162757
2021-06-18 09:31:04,341.7,4163581
2021-06-18 09:31:05,341.8,4165572
2021-06-18 09:31:06,341.8,4166079
2021-06-18 09:31:07,342.0,4175043
2021-06-18 09:31:08,342.0,4175090
2021-06-18 09:31:09,341.9,4175274
2021-06-18 09:31:10,341.9,4175451
2021-06-18 09:31:12,342.0,4175622
2021-06-18 09:31:12,342.1,4181278
2021-06-18 09:31:13,341.95,4181543
2021-06-18 09:31:14,342.0,4182735
2021-06-18 09:31:16,341.9,4184069
2021-06-18 09:31:17,342.0,4184361
2021-06-18 09:31:17,342.05,4184405
2021-06-18 09:31:18,342.0,4184463
2021-06-18 09:31:19,342.05,4185950
2021-06-18 09:31:20,342.0,4186724
2021-06-18 09:31:21,342.05,4187568
2021-06-18 09:31:23,342.05,4187917
2021-06-18 09:31:24,342.2,4192270
2021-06-18 09:31:25,342.15,4192450
2021-06-18 09:31:26,342.15,4192780
2021-06-18 09:31:27,342.3,4199375
2021-06-18 09:31:27,342.4,4199595
2021-06-18 09:31:28,342.4,4200176
2021-06-18 09:31:29,342.3,4200510
2021-06-18 09:31:30,342.25,4202022
2021-06-18 09:31:32,342.45,4210108
2021-06-18 09:31:33,342.65,4210168
2021-06-18 09:31:34,342.45,4210425
2021-06-18 09:31:35,342.65,4210480
2021-06-18 09:31:36,342.55,4211792
2021-06-18 09:31:38,342.6,4212412
2021-06-18 09:31:39,342.55,4212560
2021-06-18 09:31:40,342.6,4212700
2021-06-18 09:31:41,342.65,4213420
2021-06-18 09:31:42,342.65,4213561
2021-06-18 09:31:43,342.65,4213632
2021-06-18 09:31:44,342.6,4213743
2021-06-18 09:31:45,342.6,4214172
2021-06-18 09:31:46,342.6,4215629
2021-06-18 09:31:47,342.6,4215642
2021-06-18 09:31:48,342.5,4222290
2021-06-18 09:31:49,342.5,4223109
2021-06-18 09:31:49,342.4,4223108
2021-06-18 09:31:50,342.5,4223390
2021-06-18 09:31:51,342.3,4225104
2021-06-18 09:31:52,342.3,4225756
2021-06-18 09:31:53,342.3,4226627
2021-06-18 09:31:54,342.3,4227268
2021-06-18 09:31:55,342.25,4227938
2021-06-18 09:31:57,342.3,4228088
2021-06-18 09:31:58,342.3,4228197
2021-06-18 09:31:58,342.3,4228697
2021-06-18 09:31:59,342.3,4228801
2021-06-18 09:32:00,342.3,4229902
2021-06-18 09:32:02,342.3,4230454
2021-06-18 09:32:03,342.3,4230786
2021-06-18 09:32:03,342.3,4230911
2021-06-18 09:32:04,342.2,4231064
2021-06-18 09:32:05,342.2,4232274
2021-06-18 09:32:06,342.25,4232311
2021-06-18 09:32:07,342.15,4235890
2021-06-18 09:32:08,342.2,4237299
2021-06-18 09:32:09,342.05,4237406
2021-06-18 09:32:11,342.3,4238394
2021-06-18 09:32:12,342.2,4240483
2021-06-18 09:32:12,342.2,4240483
2021-06-18 09:32:13,342.35,4240683
2021-06-18 09:32:14,342.2,4240974
2021-06-18 09:32:15,342.2,4241063
2021-06-18 09:32:16,342.35,4241282
2021-06-18 09:32:17,342.3,4241417
2021-06-18 09:32:18,342.35,4242338
2021-06-18 09:32:19,342.2,4242537
2021-06-18 09:32:22,342.35,4242822
2021-06-18 09:32:23,342.35,4243997
2021-06-18 09:32:23,342.35,4243997
2021-06-18 09:32:24,342.4,4244578
2021-06-18 09:32:25,342.4,4244609
2021-06-18 09:32:26,342.35,4244994
2021-06-18 09:32:27,342.4,4245469
2021-06-18 09:32:28,342.45,4245604
2021-06-18 09:32:29,342.5,4245729
2021-06-18 09:32:31,342.5,4246743
2021-06-18 09:32:32,342.6,4249498
2021-06-18 09:32:33,342.6,4250061
2021-06-18 09:32:34,342.5,4250140
2021-06-18 09:32:35,342.6,4250527
2021-06-18 09:32:36,342.6,4250557
2021-06-18 09:32:37,342.5,4251227
2021-06-18 09:32:37,342.5,4251801
2021-06-18 09:32:38,342.65,4253321
2021-06-18 09:32:39,342.6,4253329
2021-06-18 09:32:42,342.65,4255445
2021-06-18 09:32:43,342.65,4255547
2021-06-18 09:32:44,342.55,4256748
2021-06-18 09:32:45,342.5,4257078
2021-06-18 09:32:45,342.5,4257078
2021-06-18 09:32:46,342.5,4261343
2021-06-18 09:32:47,342.35,4263275
2021-06-18 09:32:49,342.5,4263782
2021-06-18 09:32:50,342.5,4264342
2021-06-18 09:32:51,342.5,4264688
2021-06-18 09:32:52,342.5,4264905
2021-06-18 09:32:53,342.4,4265690
2021-06-18 09:32:54,342.4,4265802
2021-06-18 09:32:55,342.4,4265965
2021-06-18 09:32:56,342.5,4266143
2021-06-18 09:32:56,342.5,4266143
2021-06-18 09:32:57,342.45,4266287
2021-06-18 09:32:58,342.4,4266464
2021-06-18 09:32:59,342.4,4268342
2021-06-18 09:33:00,342.5,4269928
2021-06-18 09:33:02,342.3,4275146
2021-06-18 09:33:03,342.35,4275911
2021-06-18 09:33:04,342.25,4279725
2021-06-18 09:33:05,342.35,4280346
2021-06-18 09:33:06,342.35,4280897
2021-06-18 09:33:07,342.2,4281428
2021-06-18 09:33:08,342.3,4282477
2021-06-18 09:33:08,342.3,4282709
2021-06-18 09:33:09,342.25,4282833
2021-06-18 09:33:11,342.0,4289454
2021-06-18 09:33:11,342.0,4289454
2021-06-18 09:33:12,342.1,4292404
2021-06-18 09:33:13,342.1,4292533
2021-06-18 09:33:14,342.0,4292688
2021-06-18 09:33:15,342.0,4292839
2021-06-18 09:33:16,342.3,4297454
2021-06-18 09:33:17,342.35,4297759
2021-06-18 09:33:18,342.3,4297811
2021-06-18 09:33:19,342.3,4298231
2021-06-18 09:33:20,342.3,4298231
2021-06-18 09:33:21,342.3,4298365
2021-06-18 09:33:22,342.3,4298742
2021-06-18 09:33:24,342.2,4298857
2021-06-18 09:33:25,342.2,4298982
2021-06-18 09:33:26,342.25,4301005
2021-06-18 09:33:27,342.25,4301210
2021-06-18 09:33:28,342.2,4301400
2021-06-18 09:33:28,342.2,4301400
2021-06-18 09:33:30,342.3,4303098
2021-06-18 09:33:31,342.2,4303136
2021-06-18 09:33:32,342.1,4304412
2021-06-18 09:33:32,342.1,4304412
2021-06-18 09:33:34,342.05,4305131
2021-06-18 09:33:35,342.1,4306419
2021-06-18 09:33:36,342.2,4306882
2021-06-18 09:33:37,342.2,4306901
2021-06-18 09:33:38,342.25,4307559
2021-06-18 09:33:39,342.2,4308171
2021-06-18 09:33:40,342.2,4308739
2021-06-18 09:33:41,342.2,4308910
2021-06-18 09:33:42,342.1,4309139
2021-06-18 09:33:42,342.1,4309406
2021-06-18 09:33:44,342.2,4309495
2021-06-18 09:33:45,342.05,4312575
2021-06-18 09:33:45,342.15,4313049
2021-06-18 09:33:46,342.1,4313552
2021-06-18 09:33:47,342.05,4313680
2021-06-18 09:33:48,342.05,4313881
2021-06-18 09:33:49,342.15,4314291
2021-06-18 09:33:50,342.15,4314809
2021-06-18 09:33:51,342.15,4314909
2021-06-18 09:33:52,342.15,4315861
2021-06-18 09:33:54,342.15,4316801
2021-06-18 09:33:54,342.15,4316830
2021-06-18 09:33:55,342.0,4321895
2021-06-18 09:33:56,341.85,4345300
2021-06-18 09:33:57,341.85,4345831
2021-06-18 09:33:59,341.85,4346865
2021-06-18 09:34:00,341.85,4348903
2021-06-18 09:34:00,341.85,4348903
2021-06-18 09:34:01,341.85,4351239
2021-06-18 09:34:02,341.85,4351881
2021-06-18 09:34:04,341.75,4352723
2021-06-18 09:34:05,341.75,4353137
2021-06-18 09:34:06,341.9,4353267
2021-06-18 09:34:06,341.85,4353260
2021-06-18 09:34:07,341.9,4353799
2021-06-18 09:34:09,341.85,4354003
2021-06-18 09:34:09,341.9,4354455
2021-06-18 09:34:10,341.85,4355477
2021-06-18 09:34:12,341.85,4355705
2021-06-18 09:34:13,341.85,4355854
2021-06-18 09:34:14,341.8,4356476
2021-06-18 09:34:15,341.8,4356955
2021-06-18 09:34:16,341.9,4357125
2021-06-18 09:34:18,341.8,4361320
2021-06-18 09:34:17,341.8,4361136
2021-06-18 09:34:19,341.9,4361917
2021-06-18 09:34:20,341.8,4363944
2021-06-18 09:34:21,341.9,4364108
2021-06-18 09:34:21,341.9,4364108
2021-06-18 09:34:23,342.0,4370805
2021-06-18 09:34:24,342.0,4371609
2021-06-18 09:34:25,342.0,4371743
2021-06-18 09:34:26,342.15,4378010
2021-06-18 09:34:27,342.1,4381641
2021-06-18 09:34:29,342.1,4382057
2021-06-18 09:34:28,342.1,4381844
2021-06-18 09:34:29,342.1,4382633
2021-06-18 09:34:30,342.1,4383856
2021-06-18 09:34:31,342.1,4384001
2021-06-18 09:34:33,342.2,4384949
2021-06-18 09:34:34,342.1,4385267
2021-06-18 09:34:35,342.15,4388017
2021-06-18 09:34:35,342.1,4388078
2021-06-18 09:34:36,342.1,4388593
2021-06-18 09:34:37,341.95,4388968
2021-06-18 09:34:38,341.95,4389466
2021-06-18 09:34:39,341.9,4389775
2021-06-18 09:34:40,341.95,4395992
2021-06-18 09:34:42,341.85,4397083
2021-06-18 09:34:43,341.85,4398131
2021-06-18 09:34:43,341.9,4398132
2021-06-18 09:34:45,341.8,4398453
2021-06-18 09:34:46,341.9,4398729
2021-06-18 09:34:47,341.95,4400108
2021-06-18 09:34:48,341.95,4401543
2021-06-18 09:34:48,341.95,4401543
2021-06-18 09:34:49,342.0,4402135
2021-06-18 09:34:50,342.1,4403784
2021-06-18 09:34:52,342.1,4404801
2021-06-18 09:34:53,342.15,4404886
2021-06-18 09:34:54,342.0,4406063
2021-06-18 09:34:55,342.15,4406084
2021-06-18 09:34:55,342.15,4406084
2021-06-18 09:34:56,342.2,4406249
2021-06-18 09:34:57,342.2,4409255
2021-06-18 09:34:58,342.1,4409295
2021-06-18 09:35:00,341.9,4412956
2021-06-18 09:35:01,342.0,4413031
2021-06-18 09:35:02,342.0,4413280
2021-06-18 09:35:03,342.05,4413438
2021-06-18 09:35:04,341.9,4414054
2021-06-18 09:35:05,341.9,4418119
2021-06-18 09:35:06,341.85,4418420
2021-06-18 09:35:07,341.95,4419733
2021-06-18 09:35:09,341.95,4421204
2021-06-18 09:35:11,341.95,4424162
2021-06-18 09:35:12,341.85,4424398
2021-06-18 09:35:12,341.85,4424583
2021-06-18 09:35:13,341.85,4425313
2021-06-18 09:35:14,341.9,4427148
2021-06-18 09:35:16,341.85,4431539
2021-06-18 09:35:17,341.85,4432772
2021-06-18 09:35:18,341.8,4437437
2021-06-18 09:35:19,341.8,4438129
2021-06-18 09:35:20,341.45,4484351
2021-06-18 09:35:21,341.4,4485362
2021-06-18 09:35:22,341.35,4488325
2021-06-18 09:35:23,341.4,4492170
2021-06-18 09:35:24,341.4,4496371
2021-06-18 09:35:25,341.4,4506624
2021-06-18 09:35:26,341.15,4506634
2021-06-18 09:35:26,341.15,4506634
2021-06-18 09:35:28,341.3,4507167
2021-06-18 09:35:28,341.4,4509185
2021-06-18 09:35:30,341.3,4509343
2021-06-18 09:35:31,341.25,4510564
2021-06-18 09:35:31,341.35,4510577
2021-06-18 09:35:33,341.4,4511717
2021-06-18 09:35:34,341.35,4511905
2021-06-18 09:35:35,341.3,4513040
2021-06-18 09:35:36,341.35,4515326
2021-06-18 09:35:37,341.2,4517456
2021-06-18 09:35:37,341.35,4517571
2021-06-18 09:35:39,341.25,4518303
2021-06-18 09:35:40,341.4,4519369
2021-06-18 09:35:41,341.3,4519869
2021-06-18 09:35:42,341.4,4520155
2021-06-18 09:35:43,341.4,4520577
2021-06-18 09:35:44,341.25,4520677
2021-06-18 09:35:45,341.4,4521364
2021-06-18 09:35:46,341.4,4522861
2021-06-18 09:35:47,341.25,4523326
2021-06-18 09:35:48,341.3,4523549
2021-06-18 09:35:49,341.25,4524957
2021-06-18 09:35:50,341.25,4525946
2021-06-18 09:35:51,341.4,4526662
2021-06-18 09:35:52,341.25,4527062
2021-06-18 09:35:53,341.25,4532025
2021-06-18 09:35:54,341.25,4532965
2021-06-18 09:35:55,341.25,4533201
2021-06-18 09:35:56,341.4,4534401
2021-06-18 09:35:57,341.4,4535312
2021-06-18 09:35:58,341.5,4535535
2021-06-18 09:35:59,341.35,4536063
2021-06-18 09:36:00,341.5,4536808
2021-06-18 09:36:01,341.4,4537597
2021-06-18 09:36:02,341.5,4539810
2021-06-18 09:36:03,341.35,4540565
2021-06-18 09:36:04,341.35,4542640
2021-06-18 09:36:05,341.35,4545855
2021-06-18 09:36:05,341.35,4547866
2021-06-18 09:36:07,341.2,4557326
2021-06-18 09:36:08,341.15,4566688
2021-06-18 09:36:09,341.1,4567217
2021-06-18 09:36:10,341.15,4571158
2021-06-18 09:36:11,341.1,4571460
2021-06-18 09:36:12,341.0,4571601
2021-06-18 09:36:13,341.0,4575567
2021-06-18 09:36:14,341.0,4578961
2021-06-18 09:36:14,341.1,4581430
2021-06-18 09:36:15,341.1,4582084
2021-06-18 09:36:16,341.05,4582745
2021-06-18 09:36:17,341.0,4584405
2021-06-18 09:36:19,341.1,4586833
2021-06-18 09:36:20,341.0,4587503
2021-06-18 09:36:21,341.05,4592112
2021-06-18 09:36:21,341.1,4593052
2021-06-18 09:36:23,341.05,4601073
2021-06-18 09:36:24,341.1,4601523
2021-06-18 09:36:25,341.05,4604605
2021-06-18 09:36:26,341.0,4605800
2021-06-18 09:36:27,341.2,4606641
2021-06-18 09:36:28,341.1,4606848
2021-06-18 09:36:29,341.2,4608288
2021-06-18 09:36:30,341.25,4609397
2021-06-18 09:36:31,341.1,4609758
2021-06-18 09:36:32,341.05,4613455
2021-06-18 09:36:33,341.0,4615008
2021-06-18 09:36:34,341.0,4615285
2021-06-18 09:36:35,341.0,4615404
2021-06-18 09:36:36,341.1,4615661
2021-06-18 09:36:37,341.2,4616307
2021-06-18 09:36:38,341.1,4616466
2021-06-18 09:36:39,341.1,4616990
2021-06-18 09:36:40,341.1,4617460
2021-06-18 09:36:41,341.05,4620092
2021-06-18 09:36:42,341.2,4621187
2021-06-18 09:36:43,341.0,4623652
2021-06-18 09:36:43,341.0,4623652
2021-06-18 09:36:45,341.0,4635570
2021-06-18 09:36:46,341.1,4636007
2021-06-18 09:36:47,341.05,4636189
2021-06-18 09:36:48,341.05,4642281
2021-06-18 09:36:49,341.15,4643551
2021-06-18 09:36:50,341.2,4643651
2021-06-18 09:36:51,341.2,4644202
2021-06-18 09:36:52,341.1,4646547
2021-06-18 09:36:53,341.15,4648310
2021-06-18 09:36:54,341.05,4648761
2021-06-18 09:36:55,341.05,4648967
2021-06-18 09:36:56,341.2,4650594
2021-06-18 09:36:57,341.2,4651404
2021-06-18 09:36:58,341.2,4651508
2021-06-18 09:36:59,341.1,4651925
2021-06-18 09:37:00,341.1,4652875
2021-06-18 09:37:01,341.05,4653770
2021-06-18 09:37:02,341.1,4655865
2021-06-18 09:37:03,341.2,4657219
2021-06-18 09:37:04,341.1,4658162
2021-06-18 09:37:05,341.25,4659879
2021-06-18 09:37:06,341.2,4659899
2021-06-18 09:37:07,341.2,4660567
2021-06-18 09:37:09,341.2,4662109
2021-06-18 09:37:10,341.2,4662569
2021-06-18 09:37:11,341.3,4663349
2021-06-18 09:37:12,341.3,4663759
2021-06-18 09:37:13,341.3,4664384
2021-06-18 09:37:14,341.3,4664384
2021-06-18 09:37:16,341.1,4667560
2021-06-18 09:37:17,341.2,4667937
2021-06-18 09:37:18,341.1,4667938
2021-06-18 09:37:19,341.2,4668308
2021-06-18 09:37:20,341.1,4669120
2021-06-18 09:37:21,341.2,4669331
2021-06-18 09:37:22,341.1,4670541
2021-06-18 09:37:23,341.2,4671231
2021-06-18 09:37:24,341.2,4671708
2021-06-18 09:37:25,341.2,4671914
2021-06-18 09:37:26,341.2,4674105
2021-06-18 09:37:27,341.15,4674735
2021-06-18 09:37:28,341.15,4679667
2021-06-18 09:37:29,341.15,4680067
2021-06-18 09:37:30,341.2,4680236
2021-06-18 09:37:31,341.2,4682042
2021-06-18 09:37:32,341.15,4682327
2021-06-18 09:37:33,341.15,4683260
2021-06-18 09:37:34,341.1,4684340
2021-06-18 09:37:35,341.1,4685046
2021-06-18 09:37:37,341.2,4686397
2021-06-18 09:37:36,341.2,4686397
2021-06-18 09:37:38,341.15,4686539
2021-06-18 09:37:39,341.2,4687261
2021-06-18 09:37:40,341.25,4687658
2021-06-18 09:37:41,341.25,4687660
2021-06-18 09:37:44,341.2,4691938
2021-06-18 09:37:45,341.2,4692248
2021-06-18 09:37:46,341.35,4709981
2021-06-18 09:37:47,341.5,4711878
2021-06-18 09:37:48,341.35,4712011
2021-06-18 09:37:49,341.35,4714122
2021-06-18 09:37:50,341.5,4714167
2021-06-18 09:37:51,341.4,4717174
2021-06-18 09:37:52,341.5,4717657
2021-06-18 09:37:53,341.5,4718018
2021-06-18 09:37:54,341.3,4743334
2021-06-18 09:37:55,341.2,4746160
2021-06-18 09:37:56,341.2,4746397
2021-06-18 09:37:57,341.4,4747060
2021-06-18 09:37:58,341.25,4748399
2021-06-18 09:37:59,341.35,4748542
2021-06-18 09:38:00,341.4,4749650
2021-06-18 09:38:01,341.25,4752646
2021-06-18 09:38:02,341.35,4752951
2021-06-18 09:38:03,341.3,4769119
2021-06-18 09:38:04,341.3,4775245
2021-06-18 09:38:05,341.3,4775250
2021-06-18 09:38:06,341.25,4775565
2021-06-18 09:38:08,341.35,4778422
2021-06-18 09:38:09,341.4,4778693
2021-06-18 09:38:10,341.25,4779025
2021-06-18 09:38:11,341.4,4779265
2021-06-18 09:38:12,341.3,4780300
2021-06-18 09:38:13,341.35,4780965
2021-06-18 09:38:14,341.5,4781545
2021-06-18 09:38:15,341.5,4781574
2021-06-18 09:38:16,341.4,4782483
2021-06-18 09:38:17,341.5,4782620
2021-06-18 09:38:18,341.4,4782932
2021-06-18 09:38:19,341.35,4783345
2021-06-18 09:38:20,341.4,4783717
2021-06-18 09:38:21,341.5,4785114
2021-06-18 09:38:22,341.5,4785341
2021-06-18 09:38:23,341.45,4785904
2021-06-18 09:38:24,341.4,4785919
2021-06-18 09:38:25,341.4,4786296
2021-06-18 09:38:26,341.45,4786957
2021-06-18 09:38:27,341.45,4787207
2021-06-18 09:38:28,341.35,4787419
2021-06-18 09:38:29,341.4,4787754
2021-06-18 09:38:30,341.45,4788865
2021-06-18 09:38:31,341.45,4790400
2021-06-18 09:38:32,341.4,4790489
2021-06-18 09:38:33,341.4,4791922
2021-06-18 09:38:34,341.6,4795501
2021-06-18 09:38:35,341.6,4797096
2021-06-18 09:38:37,341.5,4799027
2021-06-18 09:38:38,341.6,4799335
2021-06-18 09:38:39,341.6,4799465
2021-06-18 09:38:40,341.7,4802928
2021-06-18 09:38:41,341.7,4803179
2021-06-18 09:38:42,341.6,4804293
2021-06-18 09:38:43,341.65,4805249
2021-06-18 09:38:44,341.65,4805253
2021-06-18 09:38:45,341.55,4805435
2021-06-18 09:38:46,341.65,4805568
2021-06-18 09:38:47,341.65,4806528
2021-06-18 09:38:49,341.6,4810150
2021-06-18 09:38:50,341.6,4810422
2021-06-18 09:38:51,341.7,4811032
2021-06-18 09:38:52,341.65,4811476
2021-06-18 09:38:53,341.7,4811917
2021-06-18 09:38:54,341.6,4811928
2021-06-18 09:38:55,341.7,4811996
2021-06-18 09:38:56,341.6,4814443
2021-06-18 09:38:58,341.55,4820811
2021-06-18 09:38:59,341.6,4821240
2021-06-18 09:39:00,341.5,4827495
2021-06-18 09:39:01,341.55,4829639
2021-06-18 09:39:02,341.5,4831113
2021-06-18 09:39:03,341.6,4831214
2021-06-18 09:39:04,341.6,4831908
2021-06-18 09:39:05,341.6,4832153
2021-06-18 09:39:06,341.6,4832193
2021-06-18 09:39:07,341.7,4835481
2021-06-18 09:39:08,341.7,4835797
2021-06-18 09:39:09,341.55,4836207
2021-06-18 09:39:10,341.6,4839197
2021-06-18 09:39:11,341.5,4844426
2021-06-18 09:39:12,341.55,4846675
2021-06-18 09:39:13,341.4,4853186
2021-06-18 09:39:14,341.4,4853377
2021-06-18 09:39:15,341.25,4861010
2021-06-18 09:39:16,341.25,4861176
2021-06-18 09:39:17,341.25,4863510
2021-06-18 09:39:18,341.15,4863720
2021-06-18 09:39:19,341.2,4863822
2021-06-18 09:39:20,341.25,4864270
2021-06-18 09:39:21,341.25,4864602
2021-06-18 09:39:22,341.15,4864728
2021-06-18 09:39:23,341.25,4864941
2021-06-18 09:39:24,341.25,4867415
2021-06-18 09:39:25,341.2,4871154
2021-06-18 09:39:26,341.15,4871263
2021-06-18 09:39:27,341.25,4871886
2021-06-18 09:39:28,341.25,4871992
2021-06-18 09:39:29,341.25,4872938
2021-06-18 09:39:30,341.2,4873902
2021-06-18 09:39:31,341.25,4874142
2021-06-18 09:39:32,341.2,4874627
2021-06-18 09:39:33,341.25,4874784
2021-06-18 09:39:34,341.25,4874954
2021-06-18 09:39:35,341.4,4885264
2021-06-18 09:39:36,341.4,4886832
2021-06-18 09:39:37,341.3,4887863
2021-06-18 09:39:38,341.25,4888063
2021-06-18 09:39:39,341.4,4889195
2021-06-18 09:39:40,341.45,4889484
2021-06-18 09:39:41,341.45,4889569
2021-06-18 09:39:42,341.4,4889709
2021-06-18 09:39:43,341.45,4889810
2021-06-18 09:39:44,341.35,4890388
2021-06-18 09:39:45,341.45,4890514
2021-06-18 09:39:47,341.3,4891459
2021-06-18 09:39:49,341.25,4893472
2021-06-18 09:39:49,341.4,4893719
2021-06-18 09:39:50,341.4,4893975
2021-06-18 09:39:51,341.4,4893987
2021-06-18 09:39:52,341.3,4894004
2021-06-18 09:39:53,341.45,4894788
2021-06-18 09:39:54,341.35,4895023
2021-06-18 09:39:55,341.3,4895247
2021-06-18 09:39:56,341.3,4896012
2021-06-18 09:39:57,341.45,4896588
2021-06-18 09:39:58,341.4,4898986
2021-06-18 09:39:59,341.45,4899094
2021-06-18 09:40:00,341.45,4900114
2021-06-18 09:40:01,341.4,4900214
2021-06-18 09:40:02,341.4,4902594
2021-06-18 09:40:03,341.45,4902871
2021-06-18 09:40:04,341.45,4903092
2021-06-18 09:40:05,341.45,4903266
2021-06-18 09:40:07,341.5,4903329
2021-06-18 09:40:07,341.5,4903890
2021-06-18 09:40:09,341.6,4904208
2021-06-18 09:40:09,341.45,4904193
2021-06-18 09:40:10,341.45,4904476
2021-06-18 09:40:11,341.45,4905828
2021-06-18 09:40:12,341.6,4906672
2021-06-18 09:40:13,341.5,4908202
2021-06-18 09:40:14,341.5,4908381
2021-06-18 09:40:15,341.5,4908392
2021-06-18 09:40:16,341.5,4909621
2021-06-18 09:40:17,341.3,4913382
2021-06-18 09:40:18,341.45,4914619
2021-06-18 09:40:19,341.45,4914633
2021-06-18 09:40:20,341.45,4915001
2021-06-18 09:40:21,341.45,4915132
2021-06-18 09:40:22,341.45,4915285
2021-06-18 09:40:23,341.4,4919567
2021-06-18 09:40:24,341.4,4923436
2021-06-18 09:40:25,341.4,4926467
2021-06-18 09:40:26,341.3,4927184
2021-06-18 09:40:27,341.4,4929595
2021-06-18 09:40:28,341.2,4950735
2021-06-18 09:40:29,341.25,4950945
2021-06-18 09:40:30,341.25,4951780
2021-06-18 09:40:31,341.25,4952407
2021-06-18 09:40:32,341.25,4952550
2021-06-18 09:40:33,341.1,4956583
2021-06-18 09:40:34,341.2,4956630
2021-06-18 09:40:35,341.25,4958559
2021-06-18 09:40:36,341.25,4959070
2021-06-18 09:40:37,341.2,4960742
2021-06-18 09:40:38,341.1,4961741
2021-06-18 09:40:39,341.2,4962788
2021-06-18 09:40:40,341.2,4963806
2021-06-18 09:40:41,341.2,4966595
2021-06-18 09:40:42,341.15,4969058
2021-06-18 09:40:43,341.1,4969159
2021-06-18 09:40:45,341.3,4995139
2021-06-18 09:40:45,341.3,4995325
2021-06-18 09:40:46,341.3,4995420
2021-06-18 09:40:47,341.4,5011701
2021-06-18 09:40:49,341.4,5011965
2021-06-18 09:40:49,341.25,5012638
2021-06-18 09:40:50,341.25,5012698
2021-06-18 09:40:51,341.3,5012728
2021-06-18 09:40:53,341.2,5013513
2021-06-18 09:40:53,341.25,5013611
2021-06-18 09:40:55,341.15,5013788
2021-06-18 09:40:55,341.3,5013792
2021-06-18 09:40:56,341.3,5014148
2021-06-18 09:40:57,341.2,5015036
2021-06-18 09:40:58,341.2,5016905
2021-06-18 09:40:59,341.35,5017805
2021-06-18 09:41:00,341.15,5018099
2021-06-18 09:41:01,341.3,5018680
2021-06-18 09:41:02,341.15,5019081
2021-06-18 09:41:03,341.4,5026125
2021-06-18 09:41:04,341.3,5027125
2021-06-18 09:41:05,341.4,5027349
2021-06-18 09:41:06,341.4,5028030
2021-06-18 09:41:07,341.4,5028030
2021-06-18 09:41:08,341.4,5028172
2021-06-18 09:41:09,341.4,5028584
2021-06-18 09:41:10,341.4,5028720
2021-06-18 09:41:11,341.3,5031692
2021-06-18 09:41:13,341.3,5040785
2021-06-18 09:41:14,341.4,5041001
2021-06-18 09:41:14,341.4,5041001
2021-06-18 09:41:15,341.3,5043961
2021-06-18 09:41:16,341.25,5047900
2021-06-18 09:41:17,341.25,5049400
2021-06-18 09:41:18,341.3,5049906
2021-06-18 09:41:19,340.95,5241170
2021-06-18 09:41:20,340.9,5241728
2021-06-18 09:41:21,340.8,5244020
2021-06-18 09:41:22,340.8,5244497
2021-06-18 09:41:23,340.95,5245726
2021-06-18 09:41:25,340.95,5247205
2021-06-18 09:41:26,340.9,5249521
2021-06-18 09:41:27,340.95,5249620
2021-06-18 09:41:28,340.75,5275231
2021-06-18 09:41:29,340.55,5276694
2021-06-18 09:41:30,340.55,5280576
2021-06-18 09:41:31,340.55,5281079
2021-06-18 09:41:32,340.55,5281332
2021-06-18 09:41:33,340.55,5281483
2021-06-18 09:41:34,340.75,5282117
2021-06-18 09:41:36,340.55,5282407
2021-06-18 09:41:36,340.55,5282935
2021-06-18 09:41:38,340.6,5284350
2021-06-18 09:41:38,340.55,5285229
2021-06-18 09:41:39,340.6,5286201
2021-06-18 09:41:41,340.6,5289847
2021-06-18 09:41:42,340.6,5291713
2021-06-18 09:41:43,340.55,5292158
2021-06-18 09:41:44,340.5,5296401
2021-06-18 09:41:44,340.5,5296802
2021-06-18 09:41:45,340.6,5300227
2021-06-18 09:41:46,340.5,5303732
2021-06-18 09:41:47,340.55,5304651
2021-06-18 09:41:49,340.6,5313195
2021-06-18 09:41:50,340.4,5344781
2021-06-18 09:41:52,340.55,5348034
2021-06-18 09:41:53,340.45,5350049
2021-06-18 09:41:54,340.6,5353876
2021-06-18 09:41:55,340.6,5356446
2021-06-18 09:41:55,340.55,5356761
2021-06-18 09:41:56,340.7,5358374
2021-06-18 09:41:57,340.95,5363414
2021-06-18 09:41:58,340.75,5364180
2021-06-18 09:41:59,340.8,5365492
2021-06-18 09:42:00,341.0,5368999
2021-06-18 09:42:02,341.1,5371641
2021-06-18 09:42:01,340.85,5370582
2021-06-18 09:42:03,341.1,5372134
2021-06-18 09:42:04,341.15,5378851
2021-06-18 09:42:05,341.1,5380176
2021-06-18 09:42:06,341.1,5380376
2021-06-18 09:42:07,341.1,5380953
2021-06-18 09:42:08,341.05,5381381
2021-06-18 09:42:09,341.0,5382803
2021-06-18 09:42:10,341.1,5383143
2021-06-18 09:42:11,341.1,5384599
2021-06-18 09:42:12,340.9,5386089
2021-06-18 09:42:13,341.0,5387046
2021-06-18 09:42:14,341.1,5388572
2021-06-18 09:42:15,341.15,5390714
2021-06-18 09:42:16,340.95,5390998
2021-06-18 09:42:17,340.95,5393600
2021-06-18 09:42:18,340.95,5393979
2021-06-18 09:42:19,340.95,5394843
2021-06-18 09:42:20,340.95,5394953
2021-06-18 09:42:21,340.85,5396389
2021-06-18 09:42:22,340.9,5397904
2021-06-18 09:42:23,340.85,5399176
2021-06-18 09:42:24,340.95,5400386
2021-06-18 09:42:25,340.85,5400818
2021-06-18 09:42:26,340.9,5402083
2021-06-18 09:42:27,340.85,5403506
2021-06-18 09:42:28,340.9,5403633
2021-06-18 09:42:29,340.9,5404855
2021-06-18 09:42:30,340.95,5405487
2021-06-18 09:42:31,340.9,5407313
2021-06-18 09:42:33,340.9,5407636
2021-06-18 09:42:34,340.9,5408967
2021-06-18 09:42:34,340.9,5410267
2021-06-18 09:42:35,340.9,5410480
2021-06-18 09:42:36,340.85,5411900
2021-06-18 09:42:37,340.7,5414309
2021-06-18 09:42:38,340.8,5415018
2021-06-18 09:42:39,340.65,5419092
2021-06-18 09:42:41,340.7,5422715
2021-06-18 09:42:42,340.65,5423117
2021-06-18 09:42:43,340.55,5423786
2021-06-18 09:42:43,340.55,5423786
2021-06-18 09:42:44,340.6,5424294
2021-06-18 09:42:45,340.6,5424462
2021-06-18 09:42:46,340.5,5425304
2021-06-18 09:42:47,340.55,5425547
2021-06-18 09:42:48,340.5,5426654
2021-06-18 09:42:50,340.55,5430810
2021-06-18 09:42:50,340.7,5430459
2021-06-18 09:42:51,340.5,5432005
2021-06-18 09:42:52,340.55,5433410
2021-06-18 09:42:53,340.65,5448688
2021-06-18 09:42:55,340.55,5449021
2021-06-18 09:42:56,340.5,5451618
2021-06-18 09:42:56,340.55,5451032
2021-06-18 09:42:57,340.55,5451886
2021-06-18 09:42:58,340.3,5466174
2021-06-18 09:42:59,339.8,5735128
2021-06-18 09:43:00,339.65,5746791
2021-06-18 09:43:01,339.6,5756771
2021-06-18 09:43:03,339.9,5768754
2021-06-18 09:43:04,339.4,5773304
2021-06-18 09:43:04,339.4,5772759
2021-06-18 09:43:05,339.85,5778534
2021-06-18 09:43:06,339.75,5781659
2021-06-18 09:43:07,339.65,5782910
2021-06-18 09:43:08,339.75,5783358
2021-06-18 09:43:09,339.85,5789840
2021-06-18 09:43:11,339.7,5794330
2021-06-18 09:43:12,339.75,5794637
2021-06-18 09:43:13,339.85,5796595
2021-06-18 09:43:14,340.0,5797574
2021-06-18 09:43:15,339.85,5810098
2021-06-18 09:43:16,339.75,5813754
2021-06-18 09:43:16,339.95,5813944
2021-06-18 09:43:18,340.0,5821722
2021-06-18 09:43:18,340.05,5821724
2021-06-18 09:43:19,340.0,5823237
2021-06-18 09:43:21,340.0,5840634
2021-06-18 09:43:22,340.05,5844249
2021-06-18 09:43:23,340.2,5845455
2021-06-18 09:43:24,340.05,5846261
2021-06-18 09:43:25,340.05,5847988
2021-06-18 09:43:26,340.1,5849599
2021-06-18 09:43:27,340.05,5850420
2021-06-18 09:43:28,340.05,5852194
2021-06-18 09:43:29,339.8,5859239
2021-06-18 09:43:30,339.85,5861537
2021-06-18 09:43:31,339.95,5862392
2021-06-18 09:43:32,339.75,5864009
2021-06-18 09:43:33,339.75,5864205
2021-06-18 09:43:33,339.9,5864262
2021-06-18 09:43:34,339.8,5865302
2021-06-18 09:43:36,339.8,5870125
2021-06-18 09:43:37,339.7,5873110
2021-06-18 09:43:38,339.75,5873646
2021-06-18 09:43:39,339.75,5874508
2021-06-18 09:43:40,339.6,5876400
2021-06-18 09:43:41,339.6,5879432
2021-06-18 09:43:42,339.6,5880373
2021-06-18 09:43:43,339.7,5881250
2021-06-18 09:43:43,339.75,5881756
2021-06-18 09:43:44,339.45,5901192
2021-06-18 09:43:45,339.4,5906810
2021-06-18 09:43:47,339.5,5908425
2021-06-18 09:43:48,339.55,5910014
2021-06-18 09:43:49,339.4,5911454
2021-06-18 09:43:50,339.55,5914060
2021-06-18 09:43:51,339.4,5916904
2021-06-18 09:43:52,339.4,5917415
2021-06-18 09:43:53,339.4,5922008
2021-06-18 09:43:54,339.1,5964895
2021-06-18 09:43:55,339.2,5972739
2021-06-18 09:43:55,339.2,5974649
2021-06-18 09:43:56,339.4,5978959
2021-06-18 09:43:57,339.4,5980372
2021-06-18 09:43:58,339.4,5982024
2021-06-18 09:43:59,339.05,5984277
2021-06-18 09:44:00,339.3,5996157
2021-06-18 09:44:02,339.05,6000755
2021-06-18 09:44:03,339.05,6005903
2021-06-18 09:44:06,339.25,6008396
2021-06-18 09:44:07,339.3,6014425
2021-06-18 09:44:08,339.3,6019334
2021-06-18 09:44:09,339.25,6023384
2021-06-18 09:44:10,338.85,6088292
2021-06-18 09:44:11,339.0,6092249
2021-06-18 09:44:12,339.25,6095162
2021-06-18 09:44:13,339.2,6098601
2021-06-18 09:44:14,339.45,6106878
2021-06-18 09:44:15,339.1,6107367
2021-06-18 09:44:16,338.85,6157844
2021-06-18 09:44:17,338.65,6166725
2021-06-18 09:44:18,338.95,6170065
2021-06-18 09:44:19,338.8,6175359
2021-06-18 09:44:20,338.75,6181337
2021-06-18 09:44:21,339.0,6185068
2021-06-18 09:44:22,339.0,6186666
2021-06-18 09:44:24,339.1,6192783
2021-06-18 09:44:25,339.0,6194098
2021-06-18 09:44:26,338.95,6194635
2021-06-18 09:44:27,339.15,6199052
2021-06-18 09:44:28,339.1,6203757
2021-06-18 09:44:29,339.35,6207820
2021-06-18 09:44:29,339.4,6207784
2021-06-18 09:44:30,339.1,6212652
2021-06-18 09:44:31,339.25,6216304
2021-06-18 09:44:32,339.1,6220139
2021-06-18 09:44:33,339.0,6220868
2021-06-18 09:44:34,339.0,6225238
2021-06-18 09:44:35,339.0,6226301
2021-06-18 09:44:36,338.85,6230210
2021-06-18 09:44:37,338.9,6238167
2021-06-18 09:44:38,338.8,6240311
2021-06-18 09:44:39,339.0,6241197
2021-06-18 09:44:40,338.9,6244496
2021-06-18 09:44:41,338.85,6252004
2021-06-18 09:44:42,338.8,6252878
2021-06-18 09:44:44,338.9,6259154
2021-06-18 09:44:45,338.9,6261201
2021-06-18 09:44:46,338.85,6262094
2021-06-18 09:44:47,338.65,6267398
2021-06-18 09:44:48,338.85,6269260
2021-06-18 09:44:49,338.85,6269474
2021-06-18 09:44:50,338.9,6275891
2021-06-18 09:44:51,338.95,6293196
2021-06-18 09:44:52,338.9,6295585
2021-06-18 09:44:53,338.9,6296537
2021-06-18 09:44:54,338.9,6297630
2021-06-18 09:44:55,338.9,6298308
2021-06-18 09:44:56,338.9,6298608
2021-06-18 09:44:57,339.0,6300244
2021-06-18 09:44:58,338.9,6303944
2021-06-18 09:45:00,338.55,6362651
2021-06-18 09:45:01,338.7,6364711
2021-06-18 09:45:02,338.6,6366059
2021-06-18 09:45:03,338.6,6379355
2021-06-18 09:45:04,338.5,6390398
2021-06-18 09:45:05,338.6,6393973
2021-06-18 09:45:06,338.5,6396686
2021-06-18 09:45:06,338.5,6396936
2021-06-18 09:45:08,338.6,6404708
2021-06-18 09:45:09,338.6,6406936
2021-06-18 09:45:10,338.7,6410506
2021-06-18 09:45:10,338.65,6410586
2021-06-18 09:45:11,338.85,6415942
2021-06-18 09:45:12,338.75,6418885
2021-06-18 09:45:13,338.7,6419488
2021-06-18 09:45:14,338.5,6425497
2021-06-18 09:45:15,338.55,6427054
2021-06-18 09:45:16,338.55,6429663
2021-06-18 09:45:17,338.5,6433099
2021-06-18 09:45:18,338.25,6439282
2021-06-18 09:45:19,338.4,6441263
2021-06-18 09:45:20,338.5,6445391
2021-06-18 09:45:22,338.35,6449300
2021-06-18 09:45:23,338.55,6452623
2021-06-18 09:45:24,338.6,6453704
2021-06-18 09:45:25,338.55,6457720
2021-06-18 09:45:26,338.55,6458341
2021-06-18 09:45:27,338.55,6459019
2021-06-18 09:45:28,338.5,6459465
2021-06-18 09:45:29,338.7,6461714
2021-06-18 09:45:30,338.5,6469126
2021-06-18 09:45:31,338.55,6476858
2021-06-18 09:45:32,338.5,6478291
2021-06-18 09:45:34,338.5,6495768
2021-06-18 09:45:35,338.6,6496688
2021-06-18 09:45:37,338.7,6501777
2021-06-18 09:45:38,338.6,6503143
2021-06-18 09:45:39,338.75,6504219
2021-06-18 09:45:40,338.6,6514140
2021-06-18 09:45:41,338.6,6516793
2021-06-18 09:45:42,338.75,6519324
2021-06-18 09:45:43,338.5,6528669
2021-06-18 09:45:43,338.9,6520872
2021-06-18 09:45:44,338.7,6530484
2021-06-18 09:45:46,338.75,6552496
2021-06-18 09:45:47,338.85,6555173
2021-06-18 09:45:48,338.9,6556082
2021-06-18 09:45:49,339.0,6563091
2021-06-18 09:45:50,339.0,6567236
2021-06-18 09:45:51,338.8,6570813
2021-06-18 09:45:52,339.0,6575307
2021-06-18 09:45:53,338.7,6580301
2021-06-18 09:45:54,338.95,6582089
2021-06-18 09:45:55,338.9,6584827
2021-06-18 09:45:56,338.85,6587768
2021-06-18 09:45:57,338.9,6589443
2021-06-18 09:45:58,338.9,6591815
2021-06-18 09:45:59,338.8,6596158
2021-06-18 09:46:00,338.9,6596825
2021-06-18 09:46:01,339.0,6599036
2021-06-18 09:46:02,338.85,6599892
2021-06-18 09:46:03,339.0,6604350
2021-06-18 09:46:04,339.0,6607047
2021-06-18 09:46:05,338.95,6608200
2021-06-18 09:46:06,338.95,6608928
2021-06-18 09:46:07,338.85,6612889
2021-06-18 09:46:07,338.9,6612877
2021-06-18 09:46:09,338.9,6617557
2021-06-18 09:46:10,339.1,6637275
2021-06-18 09:46:11,339.0,6639926
2021-06-18 09:46:12,338.95,6641175
2021-06-18 09:46:13,339.1,6643871
2021-06-18 09:46:14,339.1,6645757
2021-06-18 09:46:15,339.1,6646591
2021-06-18 09:46:16,339.1,6649845
2021-06-18 09:46:16,338.9,6650067
2021-06-18 09:46:18,339.0,6651921
2021-06-18 09:46:19,339.1,6658639
2021-06-18 09:46:20,339.25,6658885
2021-06-18 09:46:21,339.25,6659002
2021-06-18 09:46:22,339.15,6660385
2021-06-18 09:46:23,339.3,6662189
2021-06-18 09:46:24,339.25,6662771
2021-06-18 09:46:25,339.25,6666217
2021-06-18 09:46:26,339.25,6669034
2021-06-18 09:46:27,339.25,6670712
2021-06-18 09:46:28,339.2,6674914
2021-06-18 09:46:29,339.2,6677944
2021-06-18 09:46:29,339.05,6679969
2021-06-18 09:46:31,339.25,6686312
2021-06-18 09:46:31,339.1,6686324
2021-06-18 09:46:33,339.2,6689029
2021-06-18 09:46:34,339.2,6689935
2021-06-18 09:46:35,339.2,6693066
2021-06-18 09:46:36,339.1,6695532
2021-06-18 09:46:37,339.2,6696682
2021-06-18 09:46:37,339.2,6696682
2021-06-18 09:46:38,339.15,6697639
2021-06-18 09:46:39,339.0,6717225
2021-06-18 09:46:41,339.15,6721402
2021-06-18 09:46:42,339.0,6722964
2021-06-18 09:46:42,339.15,6723610
2021-06-18 09:46:44,338.9,6752133
2021-06-18 09:46:45,338.85,6755815
2021-06-18 09:46:46,338.95,6756293
2021-06-18 09:46:46,338.9,6757054
2021-06-18 09:46:47,338.8,6785311
2021-06-18 09:46:49,338.85,6786379
2021-06-18 09:46:50,338.9,6786801
2021-06-18 09:46:51,338.6,6791150
2021-06-18 09:46:52,338.8,6795070
2021-06-18 09:46:53,338.9,6795683
2021-06-18 09:46:54,338.6,6800850
2021-06-18 09:46:54,338.8,6801191
2021-06-18 09:46:55,338.8,6801625
2021-06-18 09:46:56,338.8,6802379
2021-06-18 09:46:58,338.6,6803460
2021-06-18 09:46:59,338.75,6803640
2021-06-18 09:47:00,338.6,6811313
2021-06-18 09:47:01,338.5,6811831
2021-06-18 09:47:02,338.6,6812376
2021-06-18 09:47:03,338.5,6813537
2021-06-18 09:47:04,338.5,6814544
2021-06-18 09:47:04,338.5,6814564
2021-06-18 09:47:05,338.65,6815534
2021-06-18 09:47:06,338.6,6816328
2021-06-18 09:47:07,338.75,6817866
2021-06-18 09:47:09,338.7,6818514
2021-06-18 09:47:10,338.8,6818807
2021-06-18 09:47:11,338.9,6819721
2021-06-18 09:47:12,338.8,6820393
2021-06-18 09:47:13,338.8,6821424
2021-06-18 09:47:14,338.95,6821862
2021-06-18 09:47:15,338.85,6822832
2021-06-18 09:47:16,338.95,6824256
2021-06-18 09:47:17,339.0,6825016
2021-06-18 09:47:17,339.0,6824966
2021-06-18 09:47:19,338.8,6831707
2021-06-18 09:47:20,338.95,6833307
2021-06-18 09:47:21,338.95,6834025
2021-06-18 09:47:22,339.0,6851142
2021-06-18 09:47:23,338.85,6880817
2021-06-18 09:47:24,338.75,6883358
2021-06-18 09:47:25,338.8,6885805
2021-06-18 09:47:26,338.7,6887586
2021-06-18 09:47:27,338.65,6887706
2021-06-18 09:47:28,338.6,6888365
2021-06-18 09:47:29,338.8,6889020
2021-06-18 09:47:30,338.8,6891998
2021-06-18 09:47:31,338.65,6892334
2021-06-18 09:47:32,338.8,6892516
2021-06-18 09:47:33,338.65,6893236
2021-06-18 09:47:34,338.65,6893531
2021-06-18 09:47:35,338.65,6895037
2021-06-18 09:47:36,338.85,6897456
2021-06-18 09:47:37,338.65,6899155
2021-06-18 09:47:38,338.6,6899290
2021-06-18 09:47:39,338.8,6899585
2021-06-18 09:47:40,339.0,6901062
2021-06-18 09:47:41,338.85,6901272
2021-06-18 09:47:43,338.95,6901706
2021-06-18 09:47:42,338.85,6901678
2021-06-18 09:47:44,338.95,6902939
2021-06-18 09:47:45,338.85,6903989
2021-06-18 09:47:46,338.8,6905920
2021-06-18 09:47:48,338.8,6908253
2021-06-18 09:47:49,338.85,6908284
2021-06-18 09:47:50,338.9,6910730
2021-06-18 09:47:52,338.95,6911818
2021-06-18 09:47:54,338.9,6914093
2021-06-18 09:47:55,338.9,6915034
2021-06-18 09:47:56,338.9,6917071
2021-06-18 09:47:57,338.9,6917679
2021-06-18 09:47:58,338.9,6917679
2021-06-18 09:47:59,338.9,6918371
2021-06-18 09:48:00,339.0,6924682
2021-06-18 09:48:01,338.9,6925993
2021-06-18 09:48:02,338.85,6926836
2021-06-18 09:48:03,338.6,6947284
2021-06-18 09:48:04,338.7,6951174
2021-06-18 09:48:05,338.6,6951423
2021-06-18 09:48:06,338.4,7037884
2021-06-18 09:48:07,338.3,7039565
2021-06-18 09:48:08,338.1,7043389
2021-06-18 09:48:09,338.1,7043919
2021-06-18 09:48:10,337.9,7136747
2021-06-18 09:48:11,338.1,7142352
2021-06-18 09:48:12,338.25,7160692
2021-06-18 09:48:13,338.1,7165068
2021-06-18 09:48:14,338.2,7166079
2021-06-18 09:48:16,338.1,7168846
2021-06-18 09:48:17,338.05,7170799
2021-06-18 09:48:18,338.15,7172306
2021-06-18 09:48:19,338.15,7173379
2021-06-18 09:48:20,338.15,7174840
2021-06-18 09:48:21,338.2,7176007
2021-06-18 09:48:22,338.15,7180898
2021-06-18 09:48:23,338.15,7183658
2021-06-18 09:48:24,338.3,7185885
2021-06-18 09:48:25,338.3,7185989
2021-06-18 09:48:26,338.15,7186841
2021-06-18 09:48:27,338.25,7187632
2021-06-18 09:48:28,338.15,7192293
2021-06-18 09:48:29,338.15,7196156
2021-06-18 09:48:30,338.1,7204704
2021-06-18 09:48:31,338.15,7205985
2021-06-18 09:48:32,338.1,7207562
2021-06-18 09:48:33,338.2,7212727
2021-06-18 09:48:34,338.1,7213727
2021-06-18 09:48:35,338.15,7215474
2021-06-18 09:48:36,338.55,7234648
2021-06-18 09:48:37,338.55,7236294
2021-06-18 09:48:38,338.5,7237832
2021-06-18 09:48:39,338.35,7241067
2021-06-18 09:48:40,338.4,7241822
2021-06-18 09:48:41,338.3,7242092
2021-06-18 09:48:42,338.6,7244483
2021-06-18 09:48:43,338.75,7244497
2021-06-18 09:48:44,338.45,7245402
2021-06-18 09:48:45,338.7,7249874
2021-06-18 09:48:46,338.65,7250039
2021-06-18 09:48:47,338.3,7253226
2021-06-18 09:48:48,338.2,7258686
2021-06-18 09:48:49,338.35,7259424
2021-06-18 09:48:50,338.15,7260191
2021-06-18 09:48:51,338.15,7260753
2021-06-18 09:48:52,338.3,7263644
2021-06-18 09:48:53,338.15,7264416
2021-06-18 09:48:54,338.4,7267851
2021-06-18 09:48:55,338.1,7271014
2021-06-18 09:48:56,338.25,7272024
2021-06-18 09:48:57,338.1,7273959
2021-06-18 09:48:58,338.25,7274600
2021-06-18 09:48:59,338.25,7274650
2021-06-18 09:49:00,338.15,7275616
2021-06-18 09:49:01,338.1,7276909
2021-06-18 09:49:02,338.15,7281143
2021-06-18 09:49:03,338.2,7285375
2021-06-18 09:49:04,338.2,7286321
2021-06-18 09:49:05,338.2,7286809
2021-06-18 09:49:06,338.1,7287754
2021-06-18 09:49:07,338.25,7291021
2021-06-18 09:49:08,338.3,7292007
2021-06-18 09:49:09,338.25,7292572
2021-06-18 09:49:10,338.25,7292947
2021-06-18 09:49:11,338.4,7293633
2021-06-18 09:49:12,338.6,7309633
2021-06-18 09:49:13,338.4,7312587
2021-06-18 09:49:14,338.45,7313406
2021-06-18 09:49:15,338.4,7315058
2021-06-18 09:49:16,338.45,7315873
2021-06-18 09:49:17,338.45,7316645
2021-06-18 09:49:18,338.5,7317444
2021-06-18 09:49:19,338.4,7319014
2021-06-18 09:49:20,338.5,7319923
2021-06-18 09:49:21,338.5,7320101
2021-06-18 09:49:22,338.45,7320203
2021-06-18 09:49:23,338.4,7320791
2021-06-18 09:49:24,338.4,7322377
2021-06-18 09:49:25,338.45,7324142
2021-06-18 09:49:26,338.4,7324987
2021-06-18 09:49:27,338.5,7325950
2021-06-18 09:49:28,338.25,7328065
2021-06-18 09:49:29,338.4,7328411
2021-06-18 09:49:30,338.4,7329601
2021-06-18 09:49:31,338.4,7329610
2021-06-18 09:49:32,338.4,7330095
2021-06-18 09:49:33,338.35,7331829
2021-06-18 09:49:34,338.4,7332651
2021-06-18 09:49:35,338.35,7333933
2021-06-18 09:49:36,338.5,7334632
2021-06-18 09:49:37,338.5,7335514
2021-06-18 09:49:39,338.55,7335612
2021-06-18 09:49:39,338.6,7335625
2021-06-18 09:49:40,338.7,7338576
2021-06-18 09:49:41,338.75,7339996
2021-06-18 09:49:42,338.75,7340103
2021-06-18 09:49:43,338.7,7340277
2021-06-18 09:49:44,338.75,7343566
2021-06-18 09:49:45,338.65,7344029
2021-06-18 09:49:46,338.65,7344682
2021-06-18 09:49:47,338.5,7345514
2021-06-18 09:49:48,338.4,7351329
2021-06-18 09:49:49,338.45,7353822
2021-06-18 09:49:51,338.3,7358357
2021-06-18 09:49:52,338.35,7358863
2021-06-18 09:49:53,338.3,7360309
2021-06-18 09:49:55,338.45,7367116
2021-06-18 09:49:56,338.25,7367446
2021-06-18 09:49:58,338.25,7371940
2021-06-18 09:49:59,338.1,7384134
2021-06-18 09:50:00,338.1,7386280
2021-06-18 09:50:01,338.15,7387279
2021-06-18 09:50:02,338.15,7392518
2021-06-18 09:50:03,338.2,7393153
2021-06-18 09:50:05,338.25,7393366
2021-06-18 09:50:06,338.1,7395170
2021-06-18 09:50:07,338.1,7395707
2021-06-18 09:50:08,338.15,7397451
2021-06-18 09:50:08,338.2,7397295
2021-06-18 09:50:09,338.15,7401843
2021-06-18 09:50:10,338.15,7402665
2021-06-18 09:50:11,338.15,7402975
2021-06-18 09:50:12,338.0,7409837
2021-06-18 09:50:13,338.15,7410221
2021-06-18 09:50:14,338.0,7412188
2021-06-18 09:50:16,338.0,7412941
2021-06-18 09:50:17,338.05,7414557
2021-06-18 09:50:17,338.2,7415658
2021-06-18 09:50:18,338.15,7416980
2021-06-18 09:50:19,338.0,7423924
2021-06-18 09:50:20,338.25,7427246
2021-06-18 09:50:21,338.2,7429869
2021-06-18 09:50:22,338.25,7432455
2021-06-18 09:50:23,338.2,7437295
2021-06-18 09:50:24,338.15,7438618
2021-06-18 09:50:25,338.15,7439113
2021-06-18 09:50:26,338.1,7440620
2021-06-18 09:50:27,338.25,7441145
2021-06-18 09:50:30,338.2,7442618
2021-06-18 09:50:31,338.3,7443935
2021-06-18 09:50:32,338.1,7445869
2021-06-18 09:50:32,338.1,7444769
2021-06-18 09:50:33,338.1,7446210
2021-06-18 09:50:34,338.0,7469293
2021-06-18 09:50:35,337.85,7473303
2021-06-18 09:50:36,338.0,7474745
2021-06-18 09:50:38,338.0,7476282
2021-06-18 09:50:39,338.0,7477345
2021-06-18 09:50:40,338.0,7478804
2021-06-18 09:50:40,338.0,7478643
2021-06-18 09:50:41,338.0,7479948
2021-06-18 09:50:42,338.0,7480801
2021-06-18 09:50:43,337.8,7493542
2021-06-18 09:50:44,338.0,7496182
2021-06-18 09:50:45,337.85,7497228
2021-06-18 09:50:46,337.85,7498185
2021-06-18 09:50:47,337.8,7504844
2021-06-18 09:50:48,337.85,7506784
2021-06-18 09:50:49,338.0,7523835
2021-06-18 09:50:51,338.15,7527871
2021-06-18 09:50:51,338.15,7527871
2021-06-18 09:50:52,338.2,7535751
2021-06-18 09:50:53,338.0,7540184
2021-06-18 09:50:54,338.0,7541384
2021-06-18 09:50:57,338.05,7550026
2021-06-18 09:50:57,338.25,7548366
2021-06-18 09:50:58,338.2,7550885
2021-06-18 09:50:59,338.2,7551296
2021-06-18 09:51:00,338.25,7566206
2021-06-18 09:51:01,338.35,7568439
2021-06-18 09:51:02,338.3,7569045
2021-06-18 09:51:03,338.3,7569241
2021-06-18 09:51:06,338.45,7581478
2021-06-18 09:51:09,338.45,7583957
2021-06-18 09:51:11,338.65,7593792
2021-06-18 09:51:11,338.65,7594102
2021-06-18 09:51:12,338.6,7602422
2021-06-18 09:51:13,338.7,7607029
2021-06-18 09:51:14,338.65,7607226
2021-06-18 09:51:15,338.6,7608544
2021-06-18 09:51:17,338.65,7610864
2021-06-18 09:51:18,338.65,7611131
2021-06-18 09:51:19,338.6,7612912
2021-06-18 09:51:20,338.5,7619120
2021-06-18 09:51:21,338.5,7619760
2021-06-18 09:51:22,338.5,7620688
2021-06-18 09:51:24,338.4,7622740
2021-06-18 09:51:24,338.4,7622742
2021-06-18 09:51:25,338.3,7624839
2021-06-18 09:51:26,338.4,7625592
2021-06-18 09:51:27,338.5,7627109
2021-06-18 09:51:28,338.3,7629012
2021-06-18 09:51:29,338.3,7630224
2021-06-18 09:51:30,338.5,7631641
2021-06-18 09:51:31,338.35,7632695
2021-06-18 09:51:32,338.5,7633944
2021-06-18 09:51:33,338.5,7634642
2021-06-18 09:51:34,338.55,7638338
2021-06-18 09:51:35,338.5,7638401
2021-06-18 09:51:36,338.6,7640091
2021-06-18 09:51:37,338.5,7640123
2021-06-18 09:51:38,338.6,7640952
2021-06-18 09:51:40,338.6,7641290
2021-06-18 09:51:40,338.5,7641270
2021-06-18 09:51:41,338.5,7647057
2021-06-18 09:51:42,338.7,7648010
2021-06-18 09:51:43,338.65,7648972
2021-06-18 09:51:44,338.55,7649350
2021-06-18 09:51:45,338.5,7651716
2021-06-18 09:51:46,338.6,7651992
2021-06-18 09:51:47,338.7,7652457
2021-06-18 09:51:48,338.6,7653514
2021-06-18 09:51:50,338.6,7654241
2021-06-18 09:51:51,338.6,7654915
2021-06-18 09:51:52,338.35,7676169
2021-06-18 09:51:53,338.2,7677973
2021-06-18 09:51:55,338.3,7679406
2021-06-18 09:51:56,338.4,7680407
2021-06-18 09:51:57,338.35,7686219
2021-06-18 09:51:58,338.2,7687361
2021-06-18 09:51:58,338.2,7687562
2021-06-18 09:51:59,338.5,7691566
2021-06-18 09:52:00,338.4,7691776
2021-06-18 09:52:01,338.4,7692076
2021-06-18 09:52:02,338.35,7692786
2021-06-18 09:52:04,338.35,7693608
2021-06-18 09:52:05,338.35,7693868
2021-06-18 09:52:05,338.35,7693938
2021-06-18 09:52:06,338.5,7696655
2021-06-18 09:52:07,338.4,7697997
2021-06-18 09:52:09,338.4,7699094
2021-06-18 09:52:10,338.3,7700204
2021-06-18 09:52:10,338.35,7700269
2021-06-18 09:52:11,338.45,7702341
2021-06-18 09:52:12,338.45,7702837
2021-06-18 09:52:14,338.25,7706964
2021-06-18 09:52:15,338.45,7707991
2021-06-18 09:52:16,338.45,7708289
2021-06-18 09:52:18,338.25,7708391
2021-06-18 09:52:19,338.3,7708432
2021-06-18 09:52:20,338.35,7708786
2021-06-18 09:52:21,338.3,7710982
2021-06-18 09:52:23,338.15,7727171
2021-06-18 09:52:24,338.05,7727320
2021-06-18 09:52:25,338.15,7734838
2021-06-18 09:52:26,337.95,7767228
2021-06-18 09:52:26,337.9,7767245
2021-06-18 09:52:27,337.95,7768217
2021-06-18 09:52:28,337.8,7783814
2021-06-18 09:52:29,337.7,7784254
2021-06-18 09:52:30,337.55,7786023
2021-06-18 09:52:31,337.7,7786541
2021-06-18 09:52:32,337.5,7792010
2021-06-18 09:52:33,337.7,7794680
2021-06-18 09:52:34,337.55,7795920
2021-06-18 09:52:36,337.65,7799350
2021-06-18 09:52:37,337.6,7804024
2021-06-18 09:52:38,337.65,7805317
2021-06-18 09:52:39,337.6,7808384
2021-06-18 09:52:40,337.5,7826926
2021-06-18 09:52:41,337.5,7843422
2021-06-18 09:52:41,337.5,7843772
2021-06-18 09:52:42,337.25,7851323
2021-06-18 09:52:43,337.3,7853039
2021-06-18 09:52:44,337.35,7854281
2021-06-18 09:52:46,337.2,7856432
2021-06-18 09:52:47,337.2,7857875
2021-06-18 09:52:47,337.2,7858135
2021-06-18 09:52:48,337.05,7874600
2021-06-18 09:52:49,336.9,7983399
2021-06-18 09:52:50,336.85,7986131
2021-06-18 09:52:51,337.0,7992255
2021-06-18 09:52:52,336.9,7998228
2021-06-18 09:52:53,337.0,7999799
2021-06-18 09:52:55,336.9,8007144
2021-06-18 09:52:56,336.9,8009436
2021-06-18 09:52:57,336.9,8012065
2021-06-18 09:52:59,336.8,8016103
2021-06-18 09:53:00,337.05,8030539
2021-06-18 09:53:01,337.0,8036381
2021-06-18 09:53:02,337.0,8037932
2021-06-18 09:53:02,337.1,8038133
2021-06-18 09:53:03,337.05,8039330
2021-06-18 09:53:04,337.0,8045328
2021-06-18 09:53:05,336.95,8047082
2021-06-18 09:53:06,336.95,8049281
2021-06-18 09:53:07,336.95,8050000
2021-06-18 09:53:08,336.9,8052421
2021-06-18 09:53:09,336.9,8065038
2021-06-18 09:53:10,336.9,8068537
2021-06-18 09:53:11,336.9,8070662
2021-06-18 09:53:12,336.8,8072631
2021-06-18 09:53:14,337.0,8083549
2021-06-18 09:53:15,336.95,8085539
2021-06-18 09:53:16,336.95,8091097
2021-06-18 09:53:16,336.95,8092287
2021-06-18 09:53:17,337.0,8093042
2021-06-18 09:53:18,336.85,8097131
2021-06-18 09:53:19,336.9,8099316
2021-06-18 09:53:20,336.95,8101690
2021-06-18 09:53:21,336.95,8103875
2021-06-18 09:53:22,336.85,8125773
2021-06-18 09:53:23,336.95,8127016
2021-06-18 09:53:24,336.85,8128472
2021-06-18 09:53:25,336.8,8137016
2021-06-18 09:53:26,336.85,8142893
2021-06-18 09:53:28,336.85,8146655
2021-06-18 09:53:29,336.8,8147585
2021-06-18 09:53:30,336.8,8148799
2021-06-18 09:53:31,336.8,8158321
2021-06-18 09:53:31,336.8,8160406
2021-06-18 09:53:32,336.55,8165265
2021-06-18 09:53:33,336.55,8180955
2021-06-18 09:53:35,336.5,8184150
2021-06-18 09:53:36,336.65,8185782
2021-06-18 09:53:37,336.5,8187890
2021-06-18 09:53:38,336.6,8188716
2021-06-18 09:53:39,336.7,8189278
2021-06-18 09:53:40,336.65,8201274
2021-06-18 09:53:41,336.6,8202247
2021-06-18 09:53:42,336.5,8204584
2021-06-18 09:53:43,336.65,8205207
2021-06-18 09:53:44,336.65,8210424
2021-06-18 09:53:45,336.55,8211339
2021-06-18 09:53:46,336.65,8212907
2021-06-18 09:53:48,336.65,8215118
2021-06-18 09:53:49,336.55,8216802
2021-06-18 09:53:50,336.65,8220042
2021-06-18 09:53:51,336.65,8222086
2021-06-18 09:53:52,336.5,8228179
2021-06-18 09:53:53,336.65,8229527
2021-06-18 09:53:54,336.4,8239447
2021-06-18 09:53:54,336.55,8239927
2021-06-18 09:53:55,336.6,8241309
2021-06-18 09:53:56,336.7,8245666
2021-06-18 09:53:57,336.7,8246619
2021-06-18 09:53:58,336.7,8250223
2021-06-18 09:53:59,336.7,8251689
2021-06-18 09:54:01,336.95,8258101
2021-06-18 09:54:02,336.85,8259576
2021-06-18 09:54:03,336.7,8260306
2021-06-18 09:54:04,336.95,8263727
2021-06-18 09:54:05,336.75,8264388
2021-06-18 09:54:06,336.9,8270946
2021-06-18 09:54:07,336.9,8272133
2021-06-18 09:54:08,337.0,8272874
2021-06-18 09:54:09,336.85,8273782
2021-06-18 09:54:10,337.0,8275970
2021-06-18 09:54:11,336.9,8277480
2021-06-18 09:54:12,336.85,8279448
2021-06-18 09:54:14,336.85,8281236
2021-06-18 09:54:15,336.9,8282342
2021-06-18 09:54:16,336.9,8288939
2021-06-18 09:54:17,337.0,8295381
2021-06-18 09:54:18,336.85,8298644
2021-06-18 09:54:19,337.0,8310201
2021-06-18 09:54:20,336.95,8315571
2021-06-18 09:54:21,336.95,8317985
2021-06-18 09:54:23,337.0,8319564
2021-06-18 09:54:24,336.8,8321283
2021-06-18 09:54:25,336.85,8322080
2021-06-18 09:54:25,336.85,8322089
2021-06-18 09:54:26,336.8,8324581
2021-06-18 09:54:27,336.9,8325203
2021-06-18 09:54:28,336.85,8326599
2021-06-18 09:54:29,336.95,8329467
2021-06-18 09:54:31,336.8,8332969
2021-06-18 09:54:32,336.9,8333978
2021-06-18 09:54:33,336.95,8335572
2021-06-18 09:54:34,336.85,8336174
2021-06-18 09:54:35,336.9,8337297
2021-06-18 09:54:36,337.0,8349474
2021-06-18 09:54:37,336.8,8350013
2021-06-18 09:54:38,336.8,8360477
2021-06-18 09:54:38,336.9,8360645
2021-06-18 09:54:39,337.0,8363320
2021-06-18 09:54:40,337.0,8365107
2021-06-18 09:54:42,336.9,8369136
2021-06-18 09:54:43,336.95,8370923
2021-06-18 09:54:44,336.9,8371374
2021-06-18 09:54:46,336.85,8373097
2021-06-18 09:54:47,336.9,8373230
2021-06-18 09:54:48,336.9,8373785
2021-06-18 09:54:48,336.85,8373843
2021-06-18 09:54:52,336.9,8377886
2021-06-18 09:54:53,337.0,8391272
2021-06-18 09:54:54,337.05,8392565
2021-06-18 09:54:55,337.15,8396186
2021-06-18 09:54:56,337.0,8418614
2021-06-18 09:54:56,337.2,8420348
2021-06-18 09:54:58,337.2,8421513
2021-06-18 09:54:59,337.2,8423847
2021-06-18 09:55:00,337.2,8424791
2021-06-18 09:55:01,337.05,8425601
2021-06-18 09:55:02,337.2,8426511
2021-06-18 09:55:03,337.15,8426907
2021-06-18 09:55:04,337.2,8428127
2021-06-18 09:55:05,337.2,8428378
2021-06-18 09:55:06,337.25,8430869
2021-06-18 09:55:07,337.25,8432016
2021-06-18 09:55:08,337.25,8433897
2021-06-18 09:55:09,337.2,8435548
2021-06-18 09:55:10,337.0,8467460
2021-06-18 09:55:11,336.9,8469058
2021-06-18 09:55:11,337.0,8469068
2021-06-18 09:55:13,336.95,8475245
2021-06-18 09:55:14,336.75,8478721
2021-06-18 09:55:15,336.9,8481266
2021-06-18 09:55:16,336.8,8482495
2021-06-18 09:55:17,336.8,8483593
2021-06-18 09:55:18,336.8,8484478
2021-06-18 09:55:19,336.8,8486366
2021-06-18 09:55:21,336.8,8487974
2021-06-18 09:55:23,336.8,8491401
2021-06-18 09:55:24,336.3,8566936
2021-06-18 09:55:24,336.2,8568286
2021-06-18 09:55:25,336.15,8578850
2021-06-18 09:55:26,336.05,8584714
2021-06-18 09:55:27,336.15,8585519
2021-06-18 09:55:29,336.0,8613653
2021-06-18 09:55:30,336.15,8616249
2021-06-18 09:55:32,336.15,8622689
2021-06-18 09:55:33,336.0,8628357
2021-06-18 09:55:34,336.25,8634900
2021-06-18 09:55:35,336.0,8638850
2021-06-18 09:55:35,336.15,8635484
2021-06-18 09:55:36,336.0,8647018
2021-06-18 09:55:37,336.05,8673021
2021-06-18 09:55:38,336.0,8674096
2021-06-18 09:55:39,336.0,8677592
2021-06-18 09:55:40,336.0,8679087
2021-06-18 09:55:42,335.8,8704607
2021-06-18 09:55:43,336.0,8708992
2021-06-18 09:55:44,336.0,8710483
2021-06-18 09:55:45,335.8,8711213
2021-06-18 09:55:46,335.95,8712301
2021-06-18 09:55:47,335.85,8714495
2021-06-18 09:55:48,335.8,8715603
2021-06-18 09:55:49,335.65,8723921
2021-06-18 09:55:49,335.8,8724202
2021-06-18 09:55:50,335.65,8727258
2021-06-18 09:55:52,335.85,8728233
2021-06-18 09:55:53,335.7,8729993
2021-06-18 09:55:54,335.95,8754446
2021-06-18 09:55:55,335.75,8755241
2021-06-18 09:55:56,335.95,8757759
2021-06-18 09:55:57,335.75,8758601
2021-06-18 09:55:58,335.95,8763345
2021-06-18 09:55:59,335.8,8775567
2021-06-18 09:55:59,336.0,8775067
2021-06-18 09:56:00,336.0,8780484
2021-06-18 09:56:02,335.85,8781212
2021-06-18 09:56:03,335.85,8782063
2021-06-18 09:56:04,335.95,8785724
2021-06-18 09:56:05,335.95,8791701
2021-06-18 09:56:06,335.9,8795040
2021-06-18 09:56:07,335.85,8797868
2021-06-18 09:56:08,335.8,8801494
2021-06-18 09:56:09,335.75,8804225
2021-06-18 09:56:09,335.8,8802800
2021-06-18 09:56:11,335.8,8807842
2021-06-18 09:56:13,335.75,8810880
2021-06-18 09:56:14,335.35,8835579
2021-06-18 09:56:15,335.45,8848289
2021-06-18 09:56:16,335.4,8852662
2021-06-18 09:56:17,335.5,8854290
2021-06-18 09:56:18,335.25,8858110
2021-06-18 09:56:19,335.1,8978671
2021-06-18 09:56:19,335.3,8979765
2021-06-18 09:56:21,335.0,8982689
2021-06-18 09:56:22,335.5,8992088
2021-06-18 09:56:23,335.5,8993845
2021-06-18 09:56:24,335.4,8999075
2021-06-18 09:56:25,335.4,9002466
2021-06-18 09:56:26,335.6,9005345
2021-06-18 09:56:27,335.5,9018161
2021-06-18 09:56:28,335.4,9020301
2021-06-18 09:56:29,335.45,9022888
2021-06-18 09:56:30,335.35,9023711
2021-06-18 09:56:31,335.15,9031917
2021-06-18 09:56:32,335.5,9033857
2021-06-18 09:56:33,335.3,9035847
2021-06-18 09:56:34,335.4,9041528
2021-06-18 09:56:35,335.4,9065070
2021-06-18 09:56:36,335.5,9070538
2021-06-18 09:56:37,335.45,9071787
2021-06-18 09:56:38,335.3,9075279
2021-06-18 09:56:39,335.15,9078140
2021-06-18 09:56:40,335.1,9080436
2021-06-18 09:56:41,335.15,9084860
2021-06-18 09:56:42,335.4,9086041
2021-06-18 09:56:43,335.05,9092016
2021-06-18 09:56:44,335.45,9108141
2021-06-18 09:56:45,335.25,9115108
2021-06-18 09:56:46,335.05,9117165
2021-06-18 09:56:47,335.05,9120336
2021-06-18 09:56:48,334.7,9166973
2021-06-18 09:56:49,334.65,9169021
2021-06-18 09:56:50,334.45,9181670
2021-06-18 09:56:51,334.6,9183733
2021-06-18 09:56:52,334.7,9186192
2021-06-18 09:56:53,334.6,9188349
2021-06-18 09:56:54,334.65,9192261
2021-06-18 09:56:55,334.55,9196116
2021-06-18 09:56:58,334.6,9214639
2021-06-18 09:56:59,334.3,9217176
2021-06-18 09:57:00,334.5,9229679
2021-06-18 09:57:02,334.25,9238238
2021-06-18 09:57:03,334.3,9241295
2021-06-18 09:57:04,334.5,9252367
2021-06-18 09:57:05,334.4,9257377
2021-06-18 09:57:06,334.5,9258883
2021-06-18 09:57:07,334.3,9269111
2021-06-18 09:57:08,334.2,9272240
2021-06-18 09:57:09,334.35,9276394
2021-06-18 09:57:10,334.3,9284264
2021-06-18 09:57:11,334.2,9285555
2021-06-18 09:57:13,334.15,9309240
2021-06-18 09:57:14,333.85,9320217
2021-06-18 09:57:15,333.8,9337485
2021-06-18 09:57:16,333.85,9346362
2021-06-18 09:57:17,333.95,9361231
2021-06-18 09:57:18,333.9,9371773
2021-06-18 09:57:18,334.05,9372793
2021-06-18 09:57:19,334.2,9376665
2021-06-18 09:57:20,334.0,9384584
2021-06-18 09:57:21,334.2,9385903
2021-06-18 09:57:23,334.1,9391528
2021-06-18 09:57:24,334.2,9394365
2021-06-18 09:57:25,334.05,9398034
2021-06-18 09:57:26,334.15,9401927
2021-06-18 09:57:27,334.05,9404043
2021-06-18 09:57:28,334.0,9411545
2021-06-18 09:57:29,333.95,9424693
2021-06-18 09:57:30,334.05,9428605
2021-06-18 09:57:31,334.2,9434990
2021-06-18 09:57:32,334.05,9443270
2021-06-18 09:57:33,334.2,9449216
2021-06-18 09:57:34,334.2,9452523
2021-06-18 09:57:35,334.1,9454317
2021-06-18 09:57:36,334.05,9460172
2021-06-18 09:57:37,334.1,9461999
2021-06-18 09:57:40,334.0,9470867
2021-06-18 09:57:41,334.15,9474105
2021-06-18 09:57:42,334.0,9477510
2021-06-18 09:57:43,334.1,9479240
2021-06-18 09:57:44,334.15,9480836
2021-06-18 09:57:45,334.05,9482639
2021-06-18 09:57:46,333.95,9488309
2021-06-18 09:57:47,334.1,9492111
2021-06-18 09:57:48,334.1,9496426
2021-06-18 09:57:49,333.95,9498408
2021-06-18 09:57:49,334.05,9500446
2021-06-18 09:57:50,334.0,9503151
2021-06-18 09:57:51,334.4,9535653
2021-06-18 09:57:52,334.5,9544356
2021-06-18 09:57:53,334.3,9549102
2021-06-18 09:57:54,334.45,9556346
2021-06-18 09:57:56,334.45,9559999
2021-06-18 09:57:57,334.3,9562510
2021-06-18 09:57:58,334.5,9564399
2021-06-18 09:57:59,334.35,9566263
2021-06-18 09:58:00,334.5,9569157
2021-06-18 09:58:01,334.35,9576511
2021-06-18 09:58:02,334.5,9582126
2021-06-18 09:58:04,334.7,9599228
2021-06-18 09:58:05,334.6,9602924
2021-06-18 09:58:06,334.7,9603885
2021-06-18 09:58:07,334.7,9609438
2021-06-18 09:58:08,334.7,9614122
2021-06-18 09:58:10,335.15,9640795
2021-06-18 09:58:11,334.9,9642166
2021-06-18 09:58:12,335.3,9650312
2021-06-18 09:58:13,335.1,9653179
2021-06-18 09:58:14,335.15,9659017
2021-06-18 09:58:15,335.2,9674425
2021-06-18 09:58:16,335.05,9678701
2021-06-18 09:58:17,335.4,9686606
2021-06-18 09:58:18,335.65,9709124
2021-06-18 09:58:19,335.85,9713632
2021-06-18 09:58:20,335.95,9718273
2021-06-18 09:58:21,335.95,9728542
2021-06-18 09:58:22,335.9,9736440
2021-06-18 09:58:23,336.15,9742466
2021-06-18 09:58:24,336.15,9747646
2021-06-18 09:58:25,336.15,9753422
2021-06-18 09:58:26,336.3,9757852
2021-06-18 09:58:27,336.15,9763746
2021-06-18 09:58:28,336.0,9766412
2021-06-18 09:58:29,335.9,9776133
2021-06-18 09:58:30,336.05,9782759
2021-06-18 09:58:31,336.25,9785532
2021-06-18 09:58:32,336.2,9794240
2021-06-18 09:58:33,336.25,9799743
2021-06-18 09:58:34,336.3,9807779
2021-06-18 09:58:36,336.3,9820085
2021-06-18 09:58:37,336.4,9824739
2021-06-18 09:58:38,336.25,9830028
2021-06-18 09:58:39,336.2,9834119
2021-06-18 09:58:40,336.25,9837625
2021-06-18 09:58:41,336.25,9839628
2021-06-18 09:58:42,336.2,9841616
2021-06-18 09:58:43,335.7,9850055
2021-06-18 09:58:44,335.85,9864299
2021-06-18 09:58:45,335.8,9872390
2021-06-18 09:58:46,335.85,9879210
2021-06-18 09:58:47,335.75,9881797
2021-06-18 09:58:48,335.85,9884259
2021-06-18 09:58:49,335.9,9886874
2021-06-18 09:58:50,335.9,9890121
2021-06-18 09:58:51,335.95,9891618
2021-06-18 09:58:53,335.9,9893999
2021-06-18 09:58:52,336.0,9893326
2021-06-18 09:58:54,336.0,9896966
2021-06-18 09:58:55,336.0,9901758
2021-06-18 09:58:56,335.9,9903062
2021-06-18 09:58:57,336.0,9905640
2021-06-18 09:58:58,336.0,9907476
2021-06-18 09:58:59,336.05,9924244
2021-06-18 09:59:00,336.15,9925015
2021-06-18 09:59:01,336.2,9929141
2021-06-18 09:59:02,336.25,9930908
2021-06-18 09:59:03,336.1,9932094
2021-06-18 09:59:04,336.25,9934688
2021-06-18 09:59:05,336.15,9940703
2021-06-18 09:59:06,336.15,9942887
2021-06-18 09:59:07,336.2,9947412
2021-06-18 09:59:08,336.25,9948822
2021-06-18 09:59:09,336.15,9956864
2021-06-18 09:59:10,336.4,9962704
2021-06-18 09:59:11,336.4,9968985
2021-06-18 09:59:12,336.4,9975634
2021-06-18 09:59:14,336.35,9983186
2021-06-18 09:59:16,336.4,9986391
2021-06-18 09:59:17,336.2,9997415
2021-06-18 09:59:19,335.9,10034193
2021-06-18 09:59:20,336.15,10036417
2021-06-18 09:59:21,336.15,10041669
2021-06-18 09:59:22,336.2,10043227
2021-06-18 09:59:24,336.05,10060305
2021-06-18 09:59:25,336.05,10062909
2021-06-18 09:59:26,336.2,10064344
2021-06-18 09:59:27,336.2,10066847
2021-06-18 09:59:28,336.4,10088508
2021-06-18 09:59:29,336.35,10088758
2021-06-18 09:59:30,336.35,10091215
2021-06-18 09:59:31,336.3,10091929
2021-06-18 09:59:32,336.7,10119620
2021-06-18 09:59:33,336.75,10124633
2021-06-18 09:59:34,336.7,10130103
2021-06-18 09:59:35,336.3,10137492
2021-06-18 09:59:36,336.4,10143026
2021-06-18 09:59:37,336.45,10144749
2021-06-18 09:59:38,336.5,10146362
2021-06-18 09:59:39,336.6,10149006
2021-06-18 09:59:40,336.6,10150799
2021-06-18 09:59:41,336.6,10151357
2021-06-18 09:59:42,336.5,10152081
2021-06-18 09:59:43,336.5,10154938
2021-06-18 09:59:44,336.8,10157011
2021-06-18 09:59:45,336.65,10160241
2021-06-18 09:59:46,336.8,10161625
2021-06-18 09:59:48,337.0,10187738
2021-06-18 09:59:49,336.95,10191219
2021-06-18 09:59:50,337.0,10192291
2021-06-18 09:59:51,337.0,10196596
2021-06-18 09:59:52,336.95,10199073
2021-06-18 09:59:53,336.95,10201576
2021-06-18 09:59:54,337.0,10203795
2021-06-18 09:59:55,336.9,10208215
2021-06-18 09:59:57,336.95,10228236
2021-06-18 09:59:58,337.25,10231502
2021-06-18 10:00:00,337.05,10236017
2021-06-18 10:00:01,337.05,10237642
2021-06-18 10:00:02,336.8,10250953
2021-06-18 10:00:03,336.8,10256876
2021-06-18 10:00:04,336.65,10258941
2021-06-18 10:00:05,336.75,10261152
2021-06-18 10:00:06,336.65,10263833
2021-06-18 10:00:07,336.8,10265819
2021-06-18 10:00:08,336.6,10272309
2021-06-18 10:00:10,336.7,10275097
2021-06-18 10:00:10,336.65,10275445
2021-06-18 10:00:11,336.5,10276655
2021-06-18 10:00:12,336.65,10280566
2021-06-18 10:00:13,336.65,10284271
2021-06-18 10:00:15,336.4,10293705
2021-06-18 10:00:15,336.2,10296678
2021-06-18 10:00:16,336.65,10304432
2021-06-18 10:00:18,336.55,10315136
2021-06-18 10:00:18,336.5,10321368
2021-06-18 10:00:20,336.35,10323999
2021-06-18 10:00:21,336.3,10330332
2021-06-18 10:00:22,336.2,10334536
2021-06-18 10:00:23,336.1,10339488
2021-06-18 10:00:24,336.2,10344797
2021-06-18 10:00:25,336.25,10346558
2021-06-18 10:00:26,336.05,10366133
2021-06-18 10:00:27,336.0,10369103
2021-06-18 10:00:28,336.1,10372449
2021-06-18 10:00:30,336.25,10378560
2021-06-18 10:00:30,336.25,10379662
2021-06-18 10:00:32,336.3,10380844
2021-06-18 10:00:33,336.5,10382043
2021-06-18 10:00:34,336.4,10383358
2021-06-18 10:00:35,336.5,10400101
2021-06-18 10:00:36,336.3,10404194
2021-06-18 10:00:38,336.5,10411650
2021-06-18 10:00:39,336.55,10413700
2021-06-18 10:00:40,336.4,10414519
2021-06-18 10:00:40,336.5,10414533
2021-06-18 10:00:41,336.6,10414746
2021-06-18 10:00:42,336.65,10416815
2021-06-18 10:00:43,336.5,10417663
2021-06-18 10:00:44,336.9,10424618
2021-06-18 10:00:45,336.9,10425290
2021-06-18 10:00:46,336.8,10427237
2021-06-18 10:00:47,336.7,10431585
2021-06-18 10:00:48,336.7,10432656
2021-06-18 10:00:50,336.7,10436138
2021-06-18 10:00:50,336.75,10437568
2021-06-18 10:00:52,336.85,10440924
2021-06-18 10:00:52,336.8,10440253
2021-06-18 10:00:53,336.7,10441288
2021-06-18 10:00:54,336.75,10443306
2021-06-18 10:00:55,336.65,10459874
2021-06-18 10:00:56,336.7,10462074
2021-06-18 10:00:58,336.85,10463762
2021-06-18 10:00:59,336.85,10464566
2021-06-18 10:01:00,337.0,10464893
2021-06-18 10:01:01,336.75,10480937
2021-06-18 10:01:03,336.7,10481559
2021-06-18 10:01:03,336.7,10481307
2021-06-18 10:01:04,336.75,10488523
2021-06-18 10:01:05,336.85,10490883
2021-06-18 10:01:06,336.9,10497854
2021-06-18 10:01:07,337.0,10498887
2021-06-18 10:01:08,337.0,10518997
2021-06-18 10:01:09,337.2,10523283
2021-06-18 10:01:10,336.85,10528529
2021-06-18 10:01:11,337.0,10549476
2021-06-18 10:01:12,337.0,10550556
2021-06-18 10:01:14,337.0,10551066
2021-06-18 10:01:14,337.0,10550964
2021-06-18 10:01:15,337.2,10554558
2021-06-18 10:01:16,337.1,10556744
2021-06-18 10:01:17,337.15,10559760
2021-06-18 10:01:18,337.15,10565620
2021-06-18 10:01:19,337.3,10567764
2021-06-18 10:01:20,337.35,10568761
2021-06-18 10:01:21,337.35,10569098
2021-06-18 10:01:22,337.3,10571515
2021-06-18 10:01:24,337.45,10576652
2021-06-18 10:01:26,337.55,10591157
2021-06-18 10:01:28,337.75,10597864
2021-06-18 10:01:28,337.55,10597213
2021-06-18 10:01:31,337.7,10610355
2021-06-18 10:01:31,337.75,10611233
2021-06-18 10:01:32,337.45,10616782
2021-06-18 10:01:33,337.45,10633162
2021-06-18 10:01:35,337.4,10639017
2021-06-18 10:01:35,337.4,10640253
2021-06-18 10:01:36,337.45,10644552
2021-06-18 10:01:37,337.4,10647346
2021-06-18 10:01:38,337.5,10651385
2021-06-18 10:01:39,337.45,10655635
2021-06-18 10:01:40,337.5,10657101
2021-06-18 10:01:41,337.5,10658656
2021-06-18 10:01:42,337.55,10659855
2021-06-18 10:01:44,337.55,10672619
2021-06-18 10:01:45,337.6,10677381
2021-06-18 10:01:47,337.65,10681812
2021-06-18 10:01:47,337.65,10683127
2021-06-18 10:01:48,337.4,10686250
2021-06-18 10:01:49,337.5,10688056
2021-06-18 10:01:50,337.5,10689789
2021-06-18 10:01:51,337.45,10692529
2021-06-18 10:01:52,337.45,10693913
2021-06-18 10:01:53,337.5,10694612
2021-06-18 10:01:54,337.45,10695564
2021-06-18 10:01:55,337.5,10698810
2021-06-18 10:01:56,337.45,10701203
2021-06-18 10:01:57,337.5,10702613
2021-06-18 10:01:58,337.55,10704178
2021-06-18 10:01:59,337.6,10708054
2021-06-18 10:02:00,337.45,10710141
2021-06-18 10:02:01,337.5,10711385
2021-06-18 10:02:03,337.65,10716303
2021-06-18 10:02:04,337.5,10717265
2021-06-18 10:02:05,337.5,10718686
2021-06-18 10:02:06,337.5,10719621
2021-06-18 10:02:08,337.65,10728821
2021-06-18 10:02:10,337.65,10730465
2021-06-18 10:02:11,337.6,10738039
2021-06-18 10:02:12,337.45,10753003
2021-06-18 10:02:12,337.65,10756797
2021-06-18 10:02:13,337.7,10758021
2021-06-18 10:02:14,337.6,10758930
2021-06-18 10:02:15,337.5,10759538
2021-06-18 10:02:16,337.6,10760548
2021-06-18 10:02:17,337.65,10763516
2021-06-18 10:02:18,337.5,10764935
2021-06-18 10:02:19,337.65,10765737
2021-06-18 10:02:20,337.65,10766287
2021-06-18 10:02:22,337.55,10769212
2021-06-18 10:02:23,337.65,10770826
2021-06-18 10:02:24,337.65,10778326
2021-06-18 10:02:24,337.75,10778774
2021-06-18 10:02:25,337.85,10780024
2021-06-18 10:02:26,337.7,10781525
2021-06-18 10:02:27,337.7,10783213
2021-06-18 10:02:28,337.85,10784170
2021-06-18 10:02:29,337.7,10784922
2021-06-18 10:02:31,337.85,10787589
2021-06-18 10:02:32,337.9,10798851
2021-06-18 10:02:33,338.2,10828466
2021-06-18 10:02:33,338.05,10828874
2021-06-18 10:02:34,338.15,10830831
2021-06-18 10:02:35,338.05,10854273
2021-06-18 10:02:36,338.0,10857699
2021-06-18 10:02:38,338.2,10861333
2021-06-18 10:02:38,338.0,10861730
2021-06-18 10:02:39,338.25,10863815
2021-06-18 10:02:40,338.25,10866320
2021-06-18 10:02:42,338.25,10869394
2021-06-18 10:02:43,338.25,10872249
2021-06-18 10:02:44,338.4,10874594
2021-06-18 10:02:44,338.4,10874732
2021-06-18 10:02:46,338.35,10878555
2021-06-18 10:02:47,338.15,10883300
2021-06-18 10:02:47,338.15,10883301
2021-06-18 10:02:48,338.25,10884766
2021-06-18 10:02:49,338.3,10885104
2021-06-18 10:02:50,338.35,10889775
2021-06-18 10:02:51,338.25,10890648
2021-06-18 10:02:52,338.5,10924067
2021-06-18 10:02:53,338.7,10927788
2021-06-18 10:02:54,338.7,10930781
2021-06-18 10:02:55,338.5,10937649
2021-06-18 10:02:56,338.5,10939404
2021-06-18 10:02:57,338.5,10947414
2021-06-18 10:02:58,338.35,10953843
2021-06-18 10:02:59,338.2,10954308
2021-06-18 10:03:00,338.35,10955930
2021-06-18 10:03:02,338.35,10956555
2021-06-18 10:03:03,338.2,10958856
2021-06-18 10:03:04,338.15,10965268
2021-06-18 10:03:05,338.2,10969655
2021-06-18 10:03:06,338.25,10972034
2021-06-18 10:03:07,338.2,10973405
2021-06-18 10:03:08,338.35,10988601
2021-06-18 10:03:09,338.35,10988888
2021-06-18 10:03:10,338.5,10989740
2021-06-18 10:03:11,338.6,10997534
2021-06-18 10:03:13,338.6,11003702
2021-06-18 10:03:15,338.7,11007298
2021-06-18 10:03:15,338.5,11009998
2021-06-18 10:03:16,338.6,11012632
2021-06-18 10:03:17,338.7,11016968
2021-06-18 10:03:18,338.55,11021581
2021-06-18 10:03:19,338.7,11024221
2021-06-18 10:03:20,338.5,11024822
2021-06-18 10:03:21,338.65,11025456
2021-06-18 10:03:22,338.65,11031052
2021-06-18 10:03:23,338.7,11032072
2021-06-18 10:03:24,338.4,11043759
2021-06-18 10:03:25,338.45,11045081
2021-06-18 10:03:26,338.6,11047017
2021-06-18 10:03:27,338.6,11047714
2021-06-18 10:03:28,338.5,11051621
2021-06-18 10:03:29,338.55,11052205
2021-06-18 10:03:30,338.5,11053500
2021-06-18 10:03:31,338.6,11054030
2021-06-18 10:03:32,338.6,11055274
2021-06-18 10:03:33,338.65,11056153
2021-06-18 10:03:35,338.65,11058030
2021-06-18 10:03:36,339.0,11116899
2021-06-18 10:03:37,339.1,11130282
2021-06-18 10:03:37,339.05,11129882
2021-06-18 10:03:38,338.8,11143517
2021-06-18 10:03:39,338.75,11144212
2021-06-18 10:03:41,338.8,11146675
2021-06-18 10:03:42,338.65,11150544
2021-06-18 10:03:43,338.55,11152996
2021-06-18 10:03:44,338.6,11162781
2021-06-18 10:03:45,338.4,11169140
2021-06-18 10:03:46,338.7,11174966
2021-06-18 10:03:47,338.8,11175401
2021-06-18 10:03:48,338.8,11175934
2021-06-18 10:03:49,338.65,11176439
2021-06-18 10:03:50,338.7,11177188
2021-06-18 10:03:52,338.7,11180722
2021-06-18 10:03:51,338.7,11179025
2021-06-18 10:03:53,339.0,11195571
2021-06-18 10:03:53,339.0,11196221
2021-06-18 10:03:55,339.0,11198493
2021-06-18 10:03:56,338.9,11200659
2021-06-18 10:03:57,338.9,11204405
2021-06-18 10:03:58,338.85,11204802
2021-06-18 10:04:00,338.75,11207155
2021-06-18 10:04:01,338.9,11208518
2021-06-18 10:04:02,338.95,11214352
2021-06-18 10:04:03,338.55,11221336
2021-06-18 10:04:04,338.7,11223767
2021-06-18 10:04:05,338.75,11224375
2021-06-18 10:04:06,338.7,11226130
2021-06-18 10:04:07,338.85,11229920
2021-06-18 10:04:08,338.75,11230323
2021-06-18 10:04:09,338.7,11232244
2021-06-18 10:04:10,338.75,11234118
2021-06-18 10:04:11,338.7,11235853
2021-06-18 10:04:12,338.65,11246437
2021-06-18 10:04:12,338.55,11245346
2021-06-18 10:04:13,338.55,11248508
2021-06-18 10:04:14,338.7,11251117
2021-06-18 10:04:15,338.6,11256029
2021-06-18 10:04:16,338.6,11256155
2021-06-18 10:04:17,338.5,11262663
2021-06-18 10:04:19,338.3,11268723
2021-06-18 10:04:21,338.1,11286749
2021-06-18 10:04:22,338.3,11343915
2021-06-18 10:04:23,338.15,11346024
2021-06-18 10:04:25,338.15,11367356
2021-06-18 10:04:25,338.15,11367381
2021-06-18 10:04:26,338.35,11380146
2021-06-18 10:04:27,338.5,11386540
2021-06-18 10:04:28,338.5,11387764
2021-06-18 10:04:29,338.6,11388732
2021-06-18 10:04:30,338.35,11389649
2021-06-18 10:04:32,338.45,11389919
2021-06-18 10:04:33,338.45,11390207
2021-06-18 10:04:34,338.4,11394012
2021-06-18 10:04:35,338.5,11396943
2021-06-18 10:04:36,338.5,11397186
2021-06-18 10:04:37,338.5,11398131
2021-06-18 10:04:38,338.55,11399879
2021-06-18 10:04:39,338.5,11401296
2021-06-18 10:04:40,338.4,11401400
2021-06-18 10:04:41,338.45,11404061
2021-06-18 10:04:42,338.25,11404838
2021-06-18 10:04:43,338.4,11405378
2021-06-18 10:04:44,338.45,11405776
2021-06-18 10:04:45,338.45,11406412
2021-06-18 10:04:45,338.45,11406562
2021-06-18 10:04:46,338.3,11406698
2021-06-18 10:04:47,338.3,11407423
2021-06-18 10:04:48,338.3,11408989
2021-06-18 10:04:49,338.3,11416106
2021-06-18 10:04:50,338.2,11422314
2021-06-18 10:04:51,338.2,11422972
2021-06-18 10:04:52,337.85,11438621
2021-06-18 10:04:53,338.1,11441865
2021-06-18 10:04:54,338.2,11451297
2021-06-18 10:04:56,338.05,11455601
2021-06-18 10:04:57,338.05,11456428
2021-06-18 10:04:58,338.05,11457196
2021-06-18 10:04:59,338.05,11458094
2021-06-18 10:05:00,338.25,11459123
2021-06-18 10:05:01,338.2,11459471
2021-06-18 10:05:02,338.25,11462284
2021-06-18 10:05:03,338.25,11462971
2021-06-18 10:05:04,338.3,11466956
2021-06-18 10:05:05,338.25,11471290
2021-06-18 10:05:06,338.3,11474397
2021-06-18 10:05:07,338.45,11475025
2021-06-18 10:05:08,338.55,11488742
2021-06-18 10:05:09,338.7,11491363
2021-06-18 10:05:10,338.85,11494753
2021-06-18 10:05:11,338.95,11495945
2021-06-18 10:05:12,339.0,11498297
2021-06-18 10:05:13,339.0,11501357
2021-06-18 10:05:14,339.1,11527338
2021-06-18 10:05:15,338.9,11527786
2021-06-18 10:05:16,339.1,11529408
2021-06-18 10:05:17,339.0,11529904
2021-06-18 10:05:18,338.8,11533324
2021-06-18 10:05:19,338.95,11535796
2021-06-18 10:05:21,339.0,11538729
2021-06-18 10:05:22,338.95,11540516
2021-06-18 10:05:23,338.95,11543214
2021-06-18 10:05:24,338.95,11546219
2021-06-18 10:05:24,338.95,11546250
2021-06-18 10:05:25,339.0,11548362
2021-06-18 10:05:27,338.9,11551937
2021-06-18 10:05:28,338.9,11553011
2021-06-18 10:05:29,338.9,11553533
2021-06-18 10:05:30,338.85,11559437
2021-06-18 10:05:32,338.8,11563742
2021-06-18 10:05:33,338.75,11565296
2021-06-18 10:05:34,339.25,11625698
2021-06-18 10:05:35,339.35,11627209
2021-06-18 10:05:36,339.3,11635059
2021-06-18 10:05:37,339.2,11635549
2021-06-18 10:05:38,339.2,11636393
2021-06-18 10:05:39,339.35,11640337
2021-06-18 10:05:40,339.25,11643291
2021-06-18 10:05:41,339.2,11646183
2021-06-18 10:05:41,339.2,11647159
2021-06-18 10:05:42,339.35,11652528
2021-06-18 10:05:43,339.35,11654719
2021-06-18 10:05:44,339.2,11657820
2021-06-18 10:05:45,339.3,11674335
2021-06-18 10:05:46,339.2,11678452
2021-06-18 10:05:47,339.35,11681752
2021-06-18 10:05:49,339.35,11684564
2021-06-18 10:05:50,339.35,11685604
2021-06-18 10:05:51,339.2,11691741
2021-06-18 10:05:52,339.05,11699201
2021-06-18 10:05:53,339.0,11700858
2021-06-18 10:05:54,339.2,11707389
2021-06-18 10:05:55,339.1,11707685
2021-06-18 10:05:56,339.2,11709406
2021-06-18 10:05:57,339.2,11712115
2021-06-18 10:05:58,339.1,11713826
2021-06-18 10:05:59,339.0,11715576
2021-06-18 10:06:00,339.15,11716575
2021-06-18 10:06:01,339.1,11718283
2021-06-18 10:06:02,339.1,11718647
2021-06-18 10:06:03,339.0,11718777
2021-06-18 10:06:04,339.0,11718977
2021-06-18 10:06:05,339.1,11719649
2021-06-18 10:06:06,339.05,11720641
2021-06-18 10:06:06,339.2,11720686
2021-06-18 10:06:07,339.2,11725271
2021-06-18 10:06:09,339.0,11725936
2021-06-18 10:06:10,339.1,11726321
2021-06-18 10:06:11,339.1,11726752
2021-06-18 10:06:12,339.0,11726922
2021-06-18 10:06:13,339.15,11727339
2021-06-18 10:06:14,339.2,11727897
2021-06-18 10:06:15,339.05,11729602
2021-06-18 10:06:16,339.0,11730001
2021-06-18 10:06:17,339.05,11731218
2021-06-18 10:06:17,339.1,11733218
2021-06-18 10:06:19,339.1,11736581
2021-06-18 10:06:20,339.0,11737388
2021-06-18 10:06:21,339.1,11737693
2021-06-18 10:06:22,339.0,11738961
2021-06-18 10:06:22,339.1,11739040
2021-06-18 10:06:23,339.1,11741309
2021-06-18 10:06:25,339.05,11742425
2021-06-18 10:06:26,339.05,11742834
2021-06-18 10:06:29,339.1,11750770
2021-06-18 10:06:30,339.2,11751894
2021-06-18 10:06:31,339.2,11753781
2021-06-18 10:06:32,339.05,11755008
2021-06-18 10:06:32,339.2,11755113
2021-06-18 10:06:34,339.2,11755750
2021-06-18 10:06:36,339.15,11757209
2021-06-18 10:06:37,339.05,11758183
2021-06-18 10:06:38,339.15,11758840
2021-06-18 10:06:38,339.05,11758900
2021-06-18 10:06:39,339.1,11760020
2021-06-18 10:06:41,339.0,11772953
2021-06-18 10:06:42,339.05,11774228
2021-06-18 10:06:43,339.15,11779524
2021-06-18 10:06:44,339.1,11780682
2021-06-18 10:06:45,339.2,11782547
2021-06-18 10:06:46,339.1,11784735
2021-06-18 10:06:47,339.1,11784849
2021-06-18 10:06:47,339.15,11784949
2021-06-18 10:06:48,339.05,11786116
2021-06-18 10:06:49,339.2,11787831
2021-06-18 10:06:50,339.1,11787981
2021-06-18 10:06:52,339.2,11788113
2021-06-18 10:06:53,339.1,11832500
2021-06-18 10:06:54,339.2,11833078
2021-06-18 10:06:55,339.05,11834022
2021-06-18 10:06:56,339.0,11835023
2021-06-18 10:06:57,339.0,11835844
2021-06-18 10:06:58,339.05,11836156
2021-06-18 10:07:00,339.0,11838769
2021-06-18 10:07:02,339.05,11840216
2021-06-18 10:07:04,339.05,11844672
2021-06-18 10:07:04,338.85,11843074
2021-06-18 10:07:06,338.8,11845156
2021-06-18 10:07:07,338.75,11867781
2021-06-18 10:07:08,338.75,11868729
2021-06-18 10:07:09,338.7,11869175
2021-06-18 10:07:10,338.6,11870226
2021-06-18 10:07:11,338.7,11871249
