timestamp,ltp,volume
2021-06-18 09:16:31,1086.95,127525
2021-06-18 09:16:32,1087.2,128423
2021-06-18 09:16:33,1086.9,129061
2021-06-18 09:16:34,1086.15,129149
2021-06-18 09:16:35,1086.65,129409
2021-06-18 09:16:36,1086.9,129824
2021-06-18 09:16:37,1086.9,130613
2021-06-18 09:16:38,1086.3,130825
2021-06-18 09:16:39,1086.65,132379
2021-06-18 09:16:40,1087.0,136352
2021-06-18 09:16:41,1087.0,139982
2021-06-18 09:16:42,1086.95,140995
2021-06-18 09:16:43,1086.95,143114
2021-06-18 09:16:44,1086.5,143682
2021-06-18 09:16:45,1086.0,143989
2021-06-18 09:16:46,1086.65,144318
2021-06-18 09:16:47,1086.7,144936
2021-06-18 09:16:48,1086.85,145490
2021-06-18 09:16:49,1086.95,146886
2021-06-18 09:16:50,1087.75,147989
2021-06-18 09:16:51,1087.7,151831
2021-06-18 09:16:52,1087.15,152160
2021-06-18 09:16:53,1087.55,152957
2021-06-18 09:16:54,1088.25,154079
2021-06-18 09:16:55,1088.3,154455
2021-06-18 09:16:56,1087.85,154791
2021-06-18 09:16:57,1088.5,155044
2021-06-18 09:16:58,1088.85,155437
2021-06-18 09:17:00,1089.0,156046
2021-06-18 09:17:01,1088.8,156603
2021-06-18 09:17:02,1088.85,156663
2021-06-18 09:17:03,1088.8,156712
2021-06-18 09:17:04,1088.85,158481
2021-06-18 09:17:05,1088.75,158975
2021-06-18 09:17:06,1088.75,159085
2021-06-18 09:17:07,1088.7,159663
2021-06-18 09:17:08,1088.25,159909
2021-06-18 09:17:09,1088.8,160398
2021-06-18 09:17:10,1088.3,160847
2021-06-18 09:17:11,1088.7,160948
2021-06-18 09:17:12,1088.25,160952
2021-06-18 09:17:13,1088.2,161553
2021-06-18 09:17:14,1088.0,162066
2021-06-18 09:17:15,1088.05,162182
2021-06-18 09:17:16,1087.95,162867
2021-06-18 09:17:17,1088.0,163077
2021-06-18 09:17:18,1088.0,164333
2021-06-18 09:17:19,1087.55,164546
2021-06-18 09:17:20,1088.2,165459
2021-06-18 09:17:21,1087.45,165905
2021-06-18 09:17:22,1087.45,166120
2021-06-18 09:17:23,1088.05,166249
2021-06-18 09:17:24,1087.65,166518
2021-06-18 09:17:25,1087.65,166559
2021-06-18 09:17:26,1087.65,166739
2021-06-18 09:17:27,1088.2,166989
2021-06-18 09:17:28,1088.0,167153
2021-06-18 09:17:29,1088.4,167310
2021-06-18 09:17:30,1088.0,167534
2021-06-18 09:17:31,1088.05,167690
2021-06-18 09:17:32,1088.0,167871
2021-06-18 09:17:33,1088.0,170710
2021-06-18 09:17:34,1087.95,171290
2021-06-18 09:17:35,1087.85,171734
2021-06-18 09:17:36,1087.05,172094
2021-06-18 09:17:37,1087.25,172171
2021-06-18 09:17:38,1087.25,172461
2021-06-18 09:17:39,1087.25,172461
2021-06-18 09:17:40,1087.8,172661
2021-06-18 09:17:41,1088.0,172713
2021-06-18 09:17:42,1088.0,173230
2021-06-18 09:17:43,1088.0,174301
2021-06-18 09:17:44,1088.35,174452
2021-06-18 09:17:45,1088.35,174696
2021-06-18 09:17:46,1088.35,174940
2021-06-18 09:17:47,1087.95,175040
2021-06-18 09:17:48,1088.0,175362
2021-06-18 09:17:49,1088.0,175397
2021-06-18 09:17:50,1088.6,176235
2021-06-18 09:17:51,1088.2,176444
2021-06-18 09:17:52,1088.4,176453
2021-06-18 09:17:53,1088.45,176704
2021-06-18 09:17:54,1088.45,177346
2021-06-18 09:17:55,1088.4,177643
2021-06-18 09:17:56,1088.75,177757
2021-06-18 09:17:57,1088.75,177878
2021-06-18 09:17:58,1088.95,177997
2021-06-18 09:17:59,1088.9,178608
2021-06-18 09:18:00,1088.65,178794
2021-06-18 09:18:01,1088.65,179008
2021-06-18 09:18:02,1088.45,179129
2021-06-18 09:18:04,1089.0,179932
2021-06-18 09:18:05,1088.6,180406
2021-06-18 09:18:06,1088.5,180462
2021-06-18 09:18:07,1088.5,180602
2021-06-18 09:18:08,1088.9,180712
2021-06-18 09:18:09,1089.0,182864
2021-06-18 09:18:10,1088.65,183701
2021-06-18 09:18:10,1088.9,183811
2021-06-18 09:18:11,1088.9,183822
2021-06-18 09:18:12,1089.0,183974
2021-06-18 09:18:13,1089.0,183974
2021-06-18 09:18:14,1089.05,184087
2021-06-18 09:18:15,1089.35,184961
2021-06-18 09:18:16,1089.35,187655
2021-06-18 09:18:17,1088.3,188709
2021-06-18 09:18:18,1088.8,189665
2021-06-18 09:18:19,1088.6,189730
2021-06-18 09:18:20,1088.6,189840
2021-06-18 09:18:21,1088.95,190043
2021-06-18 09:18:22,1088.45,190328
2021-06-18 09:18:23,1089.2,190931
2021-06-18 09:18:24,1089.2,193181
2021-06-18 09:18:25,1089.95,194256
2021-06-18 09:18:27,1089.6,194437
2021-06-18 09:18:28,1089.9,194629
2021-06-18 09:18:28,1090.0,195302
2021-06-18 09:18:29,1089.9,196575
2021-06-18 09:18:30,1090.0,197284
2021-06-18 09:18:31,1090.0,197985
2021-06-18 09:18:32,1090.65,200910
2021-06-18 09:18:33,1090.35,202225
2021-06-18 09:18:34,1090.35,202924
2021-06-18 09:18:36,1090.65,204840
2021-06-18 09:18:37,1090.35,205878
2021-06-18 09:18:38,1090.05,206462
2021-06-18 09:18:39,1091.0,207033
2021-06-18 09:18:40,1090.85,207253
2021-06-18 09:18:41,1090.95,207611
2021-06-18 09:18:42,1091.0,207871
2021-06-18 09:18:43,1091.0,208318
2021-06-18 09:18:44,1091.0,210292
2021-06-18 09:18:45,1091.1,211052
2021-06-18 09:18:46,1091.35,212211
2021-06-18 09:18:47,1091.5,212561
2021-06-18 09:18:49,1090.9,213703
2021-06-18 09:18:50,1091.35,214240
2021-06-18 09:18:51,1091.35,214586
2021-06-18 09:18:52,1090.9,214841
2021-06-18 09:18:53,1090.85,216678
2021-06-18 09:18:54,1090.5,217395
2021-06-18 09:18:55,1090.5,223515
2021-06-18 09:18:56,1089.75,224203
2021-06-18 09:18:57,1089.55,225660
2021-06-18 09:18:58,1090.0,226073
2021-06-18 09:18:59,1090.0,226073
2021-06-18 09:19:00,1090.0,226258
2021-06-18 09:19:01,1090.0,226729
2021-06-18 09:19:02,1090.0,227541
2021-06-18 09:19:03,1090.6,227814
2021-06-18 09:19:04,1090.6,227937
2021-06-18 09:19:05,1090.8,228611
2021-06-18 09:19:06,1090.3,229120
2021-06-18 09:19:07,1090.8,229513
2021-06-18 09:19:09,1091.0,231171
2021-06-18 09:19:09,1090.25,231181
2021-06-18 09:19:10,1090.75,231845
2021-06-18 09:19:11,1090.25,232007
2021-06-18 09:19:12,1090.85,232317
2021-06-18 09:19:13,1090.3,233172
2021-06-18 09:19:14,1090.25,234258
2021-06-18 09:19:15,1090.3,234736
2021-06-18 09:19:16,1090.3,234838
2021-06-18 09:19:17,1090.3,235048
2021-06-18 09:19:18,1090.7,235522
2021-06-18 09:19:19,1090.7,235522
2021-06-18 09:19:20,1090.0,236842
2021-06-18 09:19:21,1090.4,238001
2021-06-18 09:19:22,1090.25,238324
2021-06-18 09:19:23,1090.15,238424
2021-06-18 09:19:24,1090.0,238804
2021-06-18 09:19:25,1090.15,238914
2021-06-18 09:19:26,1090.15,239057
2021-06-18 09:19:27,1090.25,239339
2021-06-18 09:19:28,1090.15,239711
2021-06-18 09:19:29,1090.4,240037
2021-06-18 09:19:30,1090.25,240232
2021-06-18 09:19:31,1090.15,240912
2021-06-18 09:19:35,1090.2,244252
2021-06-18 09:19:35,1090.2,244252
2021-06-18 09:19:36,1090.5,244891
2021-06-18 09:19:37,1090.25,245202
2021-06-18 09:19:38,1090.35,245525
2021-06-18 09:19:39,1090.55,245858
2021-06-18 09:19:40,1090.55,246146
2021-06-18 09:19:41,1090.55,246382
2021-06-18 09:19:42,1090.75,246606
2021-06-18 09:19:43,1090.3,247102
2021-06-18 09:19:44,1090.75,247219
2021-06-18 09:19:45,1090.0,247725
2021-06-18 09:19:46,1090.05,248162
2021-06-18 09:19:47,1090.45,248283
2021-06-18 09:19:48,1090.05,248346
2021-06-18 09:19:49,1090.45,248775
2021-06-18 09:19:52,1090.0,249967
2021-06-18 09:19:52,1090.05,250211
2021-06-18 09:19:53,1090.25,250404
2021-06-18 09:19:54,1090.55,250614
2021-06-18 09:19:55,1090.2,250737
2021-06-18 09:19:56,1090.9,251115
2021-06-18 09:19:57,1090.25,251166
2021-06-18 09:19:58,1090.95,251318
2021-06-18 09:19:59,1090.1,252378
2021-06-18 09:20:00,1090.35,252549
2021-06-18 09:20:01,1090.2,252560
2021-06-18 09:20:02,1090.4,252786
2021-06-18 09:20:03,1089.95,253228
2021-06-18 09:20:04,1089.85,253418
2021-06-18 09:20:05,1089.25,253585
2021-06-18 09:20:07,1089.75,253877
2021-06-18 09:20:08,1089.85,255206
2021-06-18 09:20:08,1089.55,255511
2021-06-18 09:20:09,1089.7,255686
2021-06-18 09:20:10,1089.7,255853
2021-06-18 09:20:11,1089.7,255958
2021-06-18 09:20:12,1089.7,256379
2021-06-18 09:20:13,1089.75,257593
2021-06-18 09:20:15,1090.0,258225
2021-06-18 09:20:16,1090.1,258398
2021-06-18 09:20:17,1090.05,259354
2021-06-18 09:20:17,1090.05,259354
2021-06-18 09:20:18,1090.2,259859
2021-06-18 09:20:19,1089.95,259960
2021-06-18 09:20:20,1089.75,260569
2021-06-18 09:20:21,1090.0,260669
2021-06-18 09:20:22,1089.75,261328
2021-06-18 09:20:23,1089.75,261483
2021-06-18 09:20:24,1089.9,261573
2021-06-18 09:20:25,1089.75,262007
2021-06-18 09:20:26,1089.7,262023
2021-06-18 09:20:27,1089.3,262301
2021-06-18 09:20:28,1089.3,262952
2021-06-18 09:20:29,1089.0,263557
2021-06-18 09:20:30,1088.75,263608
2021-06-18 09:20:31,1087.6,266345
2021-06-18 09:20:32,1087.5,266428
2021-06-18 09:20:33,1087.0,267229
2021-06-18 09:20:34,1087.0,267286
2021-06-18 09:20:36,1086.35,267538
2021-06-18 09:20:37,1086.4,268025
2021-06-18 09:20:38,1086.15,268086
2021-06-18 09:20:39,1086.15,268096
2021-06-18 09:20:40,1086.4,268099
2021-06-18 09:20:42,1086.25,269458
2021-06-18 09:20:43,1086.25,270704
2021-06-18 09:20:44,1086.4,271029
2021-06-18 09:20:45,1086.4,271435
2021-06-18 09:20:46,1086.3,271540
2021-06-18 09:20:47,1086.4,271568
2021-06-18 09:20:48,1086.3,273023
2021-06-18 09:20:49,1086.3,273144
2021-06-18 09:20:50,1086.35,273183
2021-06-18 09:20:51,1086.85,273608
2021-06-18 09:20:52,1086.7,273685
2021-06-18 09:20:54,1086.7,273685
2021-06-18 09:20:54,1086.75,274256
2021-06-18 09:20:56,1086.75,274310
2021-06-18 09:20:57,1086.7,274842
2021-06-18 09:20:58,1086.55,274953
2021-06-18 09:20:59,1086.65,275304
2021-06-18 09:21:00,1086.6,276240
2021-06-18 09:21:01,1086.4,276298
2021-06-18 09:21:02,1086.4,276502
2021-06-18 09:21:03,1086.4,277046
2021-06-18 09:21:03,1086.4,277046
2021-06-18 09:21:04,1086.4,278767
2021-06-18 09:21:05,1086.4,278912
2021-06-18 09:21:06,1086.35,279131
2021-06-18 09:21:07,1086.25,279156
2021-06-18 09:21:08,1086.35,279430
2021-06-18 09:21:10,1086.35,280373
2021-06-18 09:21:11,1086.25,281153
2021-06-18 09:21:12,1085.6,282166
2021-06-18 09:21:12,1085.25,282335
2021-06-18 09:21:13,1085.25,282677
2021-06-18 09:21:14,1085.0,283000
2021-06-18 09:21:15,1085.3,283769
2021-06-18 09:21:16,1084.35,288597
2021-06-18 09:21:17,1084.35,289645
2021-06-18 09:21:18,1084.3,289646
2021-06-18 09:21:19,1084.85,289845
2021-06-18 09:21:20,1084.8,289973
2021-06-18 09:21:21,1084.65,290147
2021-06-18 09:21:22,1084.65,290208
2021-06-18 09:21:23,1084.55,290358
2021-06-18 09:21:24,1084.55,290358
2021-06-18 09:21:25,1084.8,290419
2021-06-18 09:21:27,1084.8,290642
2021-06-18 09:21:28,1084.75,290988
2021-06-18 09:21:29,1084.75,291401
2021-06-18 09:21:30,1084.8,291582
2021-06-18 09:21:31,1084.75,293071
2021-06-18 09:21:31,1084.85,292849
2021-06-18 09:21:32,1084.75,293571
2021-06-18 09:21:33,1085.0,293978
2021-06-18 09:21:34,1085.0,293979
2021-06-18 09:21:35,1084.8,294101
2021-06-18 09:21:36,1085.55,294562
2021-06-18 09:21:37,1085.05,294720
2021-06-18 09:21:38,1085.05,294805
2021-06-18 09:21:40,1085.05,294818
2021-06-18 09:21:41,1085.05,294819
2021-06-18 09:21:42,1085.5,294837
2021-06-18 09:21:42,1085.2,294942
2021-06-18 09:21:44,1085.5,295092
2021-06-18 09:21:45,1085.5,295093
2021-06-18 09:21:45,1085.5,295093
2021-06-18 09:21:46,1085.5,296054
2021-06-18 09:21:48,1085.25,296171
2021-06-18 09:21:49,1085.5,296286
2021-06-18 09:21:50,1085.5,297016
2021-06-18 09:21:50,1085.5,297016
2021-06-18 09:21:51,1085.05,298962
2021-06-18 09:21:52,1084.95,298966
2021-06-18 09:21:53,1085.0,300004
2021-06-18 09:21:54,1085.25,300819
2021-06-18 09:21:56,1085.25,300894
2021-06-18 09:21:57,1085.25,300894
2021-06-18 09:21:58,1085.0,301015
2021-06-18 09:21:59,1085.0,301046
2021-06-18 09:21:59,1085.0,301046
2021-06-18 09:22:00,1084.95,301508
2021-06-18 09:22:01,1084.45,301838
2021-06-18 09:22:02,1084.05,301986
2021-06-18 09:22:04,1084.05,302151
2021-06-18 09:22:05,1084.3,302558
2021-06-18 09:22:06,1084.15,302622
2021-06-18 09:22:07,1084.3,303132
2021-06-18 09:22:08,1083.45,306926
2021-06-18 09:22:09,1083.1,307399
2021-06-18 09:22:10,1082.85,309832
2021-06-18 09:22:11,1083.05,310449
2021-06-18 09:22:11,1083.05,310449
2021-06-18 09:22:12,1083.05,310505
2021-06-18 09:22:13,1083.3,310527
2021-06-18 09:22:14,1082.6,311664
2021-06-18 09:22:15,1082.0,312560
2021-06-18 09:22:16,1082.3,312959
2021-06-18 09:22:18,1082.0,313592
2021-06-18 09:22:19,1082.0,314051
2021-06-18 09:22:20,1081.45,315821
2021-06-18 09:22:21,1081.8,316287
2021-06-18 09:22:22,1081.25,316408
2021-06-18 09:22:23,1081.7,316909
2021-06-18 09:22:23,1081.25,316962
2021-06-18 09:22:24,1081.5,317249
2021-06-18 09:22:26,1081.4,318876
2021-06-18 09:22:27,1081.0,319226
2021-06-18 09:22:28,1081.35,319236
2021-06-18 09:22:29,1081.4,320049
2021-06-18 09:22:29,1081.4,319819
2021-06-18 09:22:30,1081.05,320272
2021-06-18 09:22:31,1081.4,320535
2021-06-18 09:22:32,1081.45,321267
2021-06-18 09:22:34,1081.4,321581
2021-06-18 09:22:35,1081.9,321907
2021-06-18 09:22:36,1082.75,322188
2021-06-18 09:22:36,1082.75,322188
2021-06-18 09:22:37,1082.0,322241
2021-06-18 09:22:38,1082.4,323094
2021-06-18 09:22:39,1082.4,323806
2021-06-18 09:22:40,1082.45,327675
2021-06-18 09:22:41,1082.15,327824
2021-06-18 09:22:43,1082.05,328362
2021-06-18 09:22:44,1082.3,328995
2021-06-18 09:22:45,1082.1,329019
2021-06-18 09:22:45,1082.1,329019
2021-06-18 09:22:46,1082.55,329215
2021-06-18 09:22:47,1082.6,329261
2021-06-18 09:22:48,1082.25,329692
2021-06-18 09:22:49,1082.35,329790
2021-06-18 09:22:51,1082.75,330505
2021-06-18 09:22:52,1082.65,330940
2021-06-18 09:22:53,1082.75,331186
2021-06-18 09:22:54,1083.15,331207
2021-06-18 09:22:55,1083.05,332344
2021-06-18 09:22:56,1083.4,332864
2021-06-18 09:22:57,1083.15,333257
2021-06-18 09:22:58,1083.0,333517
2021-06-18 09:22:59,1082.7,334221
2021-06-18 09:23:01,1083.0,335224
2021-06-18 09:23:02,1083.0,336694
2021-06-18 09:23:03,1082.55,338312
2021-06-18 09:23:04,1083.05,338658
2021-06-18 09:23:05,1083.05,338658
2021-06-18 09:23:05,1083.05,338658
2021-06-18 09:23:06,1083.05,338658
2021-06-18 09:23:07,1083.15,339069
2021-06-18 09:23:08,1083.75,339108
2021-06-18 09:23:10,1083.75,339118
2021-06-18 09:23:11,1083.7,339138
2021-06-18 09:23:12,1083.75,339255
2021-06-18 09:23:13,1083.45,339262
2021-06-18 09:23:13,1083.75,339264
2021-06-18 09:23:14,1083.9,339465
2021-06-18 09:23:15,1083.9,339505
2021-06-18 09:23:16,1083.9,339505
2021-06-18 09:23:17,1083.45,339815
2021-06-18 09:23:18,1083.45,339888
2021-06-18 09:23:20,1084.05,340743
2021-06-18 09:23:21,1083.8,341163
2021-06-18 09:23:22,1083.45,341579
2021-06-18 09:23:23,1083.4,342112
2021-06-18 09:23:24,1083.4,342708
2021-06-18 09:23:25,1083.4,343011
2021-06-18 09:23:26,1083.4,343261
2021-06-18 09:23:27,1083.15,343580
2021-06-18 09:23:27,1082.75,344184
2021-06-18 09:23:28,1082.7,344216
2021-06-18 09:23:30,1082.5,344340
2021-06-18 09:23:32,1082.75,344440
2021-06-18 09:23:34,1082.35,344518
2021-06-18 09:23:35,1082.35,344519
2021-06-18 09:23:36,1082.75,344666
2021-06-18 09:23:37,1082.75,344666
2021-06-18 09:23:38,1082.35,345248
2021-06-18 09:23:39,1082.75,345514
2021-06-18 09:23:40,1082.4,345522
2021-06-18 09:23:41,1082.6,345660
2021-06-18 09:23:41,1082.75,345675
2021-06-18 09:23:42,1082.4,345676
2021-06-18 09:23:43,1083.1,346410
2021-06-18 09:23:45,1083.15,346717
2021-06-18 09:23:46,1083.15,346717
2021-06-18 09:23:47,1083.15,346718
2021-06-18 09:23:48,1083.1,346980
2021-06-18 09:23:49,1083.15,348391
2021-06-18 09:23:50,1083.8,348633
2021-06-18 09:23:51,1084.0,348667
2021-06-18 09:23:52,1083.2,349167
2021-06-18 09:23:53,1083.2,349167
2021-06-18 09:23:54,1083.9,349267
2021-06-18 09:23:55,1083.9,349267
2021-06-18 09:23:56,1083.9,349358
2021-06-18 09:23:57,1084.0,349658
2021-06-18 09:23:58,1084.0,349756
2021-06-18 09:23:59,1084.0,349976
2021-06-18 09:24:00,1084.0,349979
2021-06-18 09:24:01,1084.6,350065
2021-06-18 09:24:02,1084.6,350065
2021-06-18 09:24:03,1084.5,350136
2021-06-18 09:24:04,1084.0,350336
2021-06-18 09:24:05,1084.7,351865
2021-06-18 09:24:06,1084.35,352169
2021-06-18 09:24:07,1084.1,352503
2021-06-18 09:24:08,1084.1,352528
2021-06-18 09:24:09,1084.1,352538
2021-06-18 09:24:10,1084.1,352815
2021-06-18 09:24:11,1084.0,352890
2021-06-18 09:24:12,1084.1,352917
2021-06-18 09:24:13,1084.5,354360
2021-06-18 09:24:14,1084.0,354613
2021-06-18 09:24:15,1084.3,354633
2021-06-18 09:24:16,1084.15,354659
2021-06-18 09:24:17,1084.15,354659
2021-06-18 09:24:18,1084.15,354659
2021-06-18 09:24:19,1084.6,354672
2021-06-18 09:24:20,1084.15,354723
2021-06-18 09:24:21,1084.95,354815
2021-06-18 09:24:21,1084.95,354815
2021-06-18 09:24:22,1084.95,354840
2021-06-18 09:24:24,1084.95,354937
2021-06-18 09:24:25,1084.95,355132
2021-06-18 09:24:26,1085.0,355699
2021-06-18 09:24:27,1085.0,355839
2021-06-18 09:24:28,1084.8,356153
2021-06-18 09:24:29,1085.35,356249
2021-06-18 09:24:30,1085.35,356249
2021-06-18 09:24:31,1085.35,356255
2021-06-18 09:24:32,1085.5,356870
2021-06-18 09:24:33,1085.35,356955
2021-06-18 09:24:34,1085.1,357154
2021-06-18 09:24:35,1085.1,357154
2021-06-18 09:24:36,1085.5,360271
2021-06-18 09:24:37,1085.4,360626
2021-06-18 09:24:38,1085.35,360661
2021-06-18 09:24:39,1085.7,361026
2021-06-18 09:24:40,1085.45,361027
2021-06-18 09:24:41,1085.45,361187
2021-06-18 09:24:42,1085.7,361233
2021-06-18 09:24:43,1085.7,361380
2021-06-18 09:24:44,1085.7,361490
2021-06-18 09:24:45,1085.7,361530
2021-06-18 09:24:46,1085.65,361672
2021-06-18 09:24:47,1085.7,361690
2021-06-18 09:24:48,1086.0,361776
2021-06-18 09:24:49,1085.75,361812
2021-06-18 09:24:51,1086.0,361834
2021-06-18 09:24:51,1086.0,361839
2021-06-18 09:24:52,1086.0,362341
2021-06-18 09:24:53,1086.25,362359
2021-06-18 09:24:54,1086.5,363042
2021-06-18 09:24:56,1086.25,363188
2021-06-18 09:24:57,1086.45,364220
2021-06-18 09:25:01,1086.45,364374
2021-06-18 09:25:04,1086.45,365279
2021-06-18 09:25:05,1086.45,365521
2021-06-18 09:25:06,1086.35,365556
2021-06-18 09:25:07,1086.45,365614
2021-06-18 09:25:08,1086.35,367269
2021-06-18 09:25:09,1086.25,367445
2021-06-18 09:25:10,1086.25,367445
2021-06-18 09:25:11,1086.25,367445
2021-06-18 09:25:12,1086.9,367995
2021-06-18 09:25:13,1086.35,368071
2021-06-18 09:25:13,1086.35,368071
2021-06-18 09:25:14,1086.95,368091
2021-06-18 09:25:16,1086.5,368243
2021-06-18 09:25:17,1086.95,368244
2021-06-18 09:25:18,1086.95,368297
2021-06-18 09:25:19,1086.65,368347
2021-06-18 09:25:20,1086.95,368589
2021-06-18 09:25:21,1086.95,368591
2021-06-18 09:25:22,1087.0,368716
2021-06-18 09:25:23,1087.4,370118
2021-06-18 09:25:24,1087.4,370118
2021-06-18 09:25:24,1087.4,370118
2021-06-18 09:25:26,1087.2,370453
2021-06-18 09:25:27,1087.2,370464
2021-06-18 09:25:28,1087.2,370517
2021-06-18 09:25:29,1087.2,370517
2021-06-18 09:25:30,1087.4,370633
2021-06-18 09:25:31,1087.4,370715
2021-06-18 09:25:32,1087.4,370731
2021-06-18 09:25:33,1087.4,370753
2021-06-18 09:25:34,1087.5,370783
2021-06-18 09:25:35,1087.5,370994
2021-06-18 09:25:36,1087.5,371390
2021-06-18 09:25:37,1087.5,371390
2021-06-18 09:25:38,1087.45,372829
2021-06-18 09:25:39,1087.45,372991
2021-06-18 09:25:40,1087.2,373575
2021-06-18 09:25:41,1087.2,373630
2021-06-18 09:25:44,1086.9,375242
2021-06-18 09:25:45,1086.45,375357
2021-06-18 09:25:46,1086.45,375357
2021-06-18 09:25:47,1086.9,375457
2021-06-18 09:25:48,1086.25,375546
2021-06-18 09:25:49,1086.45,375612
2021-06-18 09:25:50,1086.5,375706
2021-06-18 09:25:51,1086.2,376116
2021-06-18 09:25:52,1086.0,376385
2021-06-18 09:25:53,1086.3,376414
2021-06-18 09:25:54,1086.3,376414
2021-06-18 09:25:54,1086.0,376437
2021-06-18 09:25:56,1086.55,376462
2021-06-18 09:25:57,1086.65,376826
2021-06-18 09:25:58,1086.0,376858
2021-06-18 09:25:59,1086.0,376992
2021-06-18 09:26:00,1085.9,377022
2021-06-18 09:26:00,1085.9,377022
2021-06-18 09:26:01,1085.6,377207
2021-06-18 09:26:02,1085.6,377368
2021-06-18 09:26:03,1085.6,377368
2021-06-18 09:26:05,1085.35,377389
2021-06-18 09:26:07,1085.8,377544
2021-06-18 09:26:08,1085.2,377585
2021-06-18 09:26:09,1085.55,377712
2021-06-18 09:26:10,1085.2,377737
2021-06-18 09:26:10,1085.2,377737
2021-06-18 09:26:12,1085.1,378237
2021-06-18 09:26:13,1084.85,378673
2021-06-18 09:26:14,1085.0,378703
2021-06-18 09:26:17,1084.9,378986
2021-06-18 09:26:16,1085.0,378873
2021-06-18 09:26:18,1084.85,379102
2021-06-18 09:26:19,1085.1,379213
2021-06-18 09:26:20,1085.0,379414
2021-06-18 09:26:21,1084.55,379816
2021-06-18 09:26:22,1084.75,380532
2021-06-18 09:26:23,1084.4,380585
2021-06-18 09:26:24,1084.0,380656
2021-06-18 09:26:25,1084.0,380656
2021-06-18 09:26:26,1084.35,380856
2021-06-18 09:26:27,1083.7,380916
2021-06-18 09:26:28,1084.1,381431
2021-06-18 09:26:29,1084.1,381431
2021-06-18 09:26:30,1084.95,382463
2021-06-18 09:26:31,1084.95,382463
2021-06-18 09:26:32,1084.95,382463
2021-06-18 09:26:34,1084.35,382734
2021-06-18 09:26:35,1084.35,382739
2021-06-18 09:26:36,1084.6,383501
2021-06-18 09:26:37,1084.65,383658
2021-06-18 09:26:38,1084.85,383677
2021-06-18 09:26:39,1085.1,384096
2021-06-18 09:26:40,1085.05,385420
2021-06-18 09:26:41,1085.05,385420
2021-06-18 09:26:42,1085.0,385520
2021-06-18 09:26:43,1085.1,385550
2021-06-18 09:26:44,1085.1,385570
2021-06-18 09:26:45,1085.6,386070
2021-06-18 09:26:46,1085.6,386070
2021-06-18 09:26:47,1085.05,386170
2021-06-18 09:26:48,1085.05,386170
2021-06-18 09:26:49,1085.0,386492
2021-06-18 09:26:50,1085.0,386492
2021-06-18 09:26:51,1085.05,386628
2021-06-18 09:26:52,1085.05,386785
2021-06-18 09:26:53,1085.6,387370
2021-06-18 09:26:54,1085.6,387376
2021-06-18 09:26:55,1085.6,387376
2021-06-18 09:26:56,1085.6,387494
2021-06-18 09:26:57,1085.6,387563
2021-06-18 09:26:58,1085.6,387563
2021-06-18 09:26:59,1085.45,387904
2021-06-18 09:27:00,1085.0,388389
2021-06-18 09:27:01,1084.65,388549
2021-06-18 09:27:02,1085.6,389114
2021-06-18 09:27:04,1084.85,389370
2021-06-18 09:27:06,1085.3,389644
2021-06-18 09:27:07,1085.35,390087
2021-06-18 09:27:08,1085.35,390087
2021-06-18 09:27:09,1084.85,390123
2021-06-18 09:27:10,1085.25,390223
2021-06-18 09:27:11,1084.8,390353
2021-06-18 09:27:12,1085.2,390391
2021-06-18 09:27:13,1085.2,390391
2021-06-18 09:27:14,1085.15,390392
2021-06-18 09:27:15,1084.8,390558
2021-06-18 09:27:16,1085.0,390667
2021-06-18 09:27:17,1085.05,390700
2021-06-18 09:27:18,1084.2,390907
2021-06-18 09:27:19,1084.65,392119
2021-06-18 09:27:20,1084.6,392441
2021-06-18 09:27:21,1084.3,392811
2021-06-18 09:27:22,1084.0,393413
2021-06-18 09:27:23,1084.0,393513
2021-06-18 09:27:25,1084.5,393783
2021-06-18 09:27:26,1084.05,393816
2021-06-18 09:27:27,1084.1,393842
2021-06-18 09:27:28,1084.1,393842
2021-06-18 09:27:29,1084.1,393849
2021-06-18 09:27:30,1084.1,393875
2021-06-18 09:27:31,1084.5,393893
2021-06-18 09:27:32,1084.5,393893
2021-06-18 09:27:33,1084.5,393945
2021-06-18 09:27:34,1084.5,393971
2021-06-18 09:27:35,1084.5,394021
2021-06-18 09:27:36,1084.3,394033
2021-06-18 09:27:37,1084.3,394033
2021-06-18 09:27:38,1084.5,394203
2021-06-18 09:27:41,1084.3,394263
2021-06-18 09:27:42,1084.3,394270
2021-06-18 09:27:43,1084.5,394271
2021-06-18 09:27:44,1084.3,394277
2021-06-18 09:27:45,1084.5,394827
2021-06-18 09:27:46,1084.3,394932
2021-06-18 09:27:47,1084.3,394932
2021-06-18 09:27:48,1084.3,394932
2021-06-18 09:27:49,1084.3,394932
2021-06-18 09:27:50,1084.5,394938
2021-06-18 09:27:51,1084.5,394987
2021-06-18 09:27:52,1084.3,395037
2021-06-18 09:27:53,1084.3,395268
2021-06-18 09:27:54,1084.3,395315
2021-06-18 09:27:55,1084.5,395415
2021-06-18 09:27:56,1084.3,395559
2021-06-18 09:27:57,1084.3,395581
2021-06-18 09:27:58,1084.3,395603
2021-06-18 09:27:59,1084.3,395603
2021-06-18 09:28:00,1084.3,395711
2021-06-18 09:28:01,1084.3,396149
2021-06-18 09:28:02,1084.15,397863
2021-06-18 09:28:03,1083.6,397906
2021-06-18 09:28:04,1083.55,398061
2021-06-18 09:28:05,1083.45,398121
2021-06-18 09:28:06,1083.4,398153
2021-06-18 09:28:07,1083.95,399176
2021-06-18 09:28:08,1084.1,399433
2021-06-18 09:28:09,1084.3,399492
2021-06-18 09:28:10,1084.15,400076
2021-06-18 09:28:11,1084.05,400187
2021-06-18 09:28:12,1084.0,401066
2021-06-18 09:28:13,1085.0,408030
2021-06-18 09:28:14,1085.0,409741
2021-06-18 09:28:15,1085.0,410935
2021-06-18 09:28:16,1085.0,411663
2021-06-18 09:28:17,1085.0,411820
2021-06-18 09:28:18,1085.0,412678
2021-06-18 09:28:19,1085.0,412836
2021-06-18 09:28:20,1085.4,412967
2021-06-18 09:28:21,1085.4,412980
2021-06-18 09:28:22,1085.4,412980
2021-06-18 09:28:23,1085.4,412980
2021-06-18 09:28:24,1085.4,412981
2021-06-18 09:28:25,1085.0,413017
2021-06-18 09:28:27,1085.0,413027
2021-06-18 09:28:28,1085.0,413027
2021-06-18 09:28:29,1085.0,413027
2021-06-18 09:28:30,1085.2,413042
2021-06-18 09:28:31,1085.2,413062
2021-06-18 09:28:32,1085.2,413062
2021-06-18 09:28:33,1085.2,413067
2021-06-18 09:28:34,1085.2,413097
2021-06-18 09:28:35,1085.2,413097
2021-06-18 09:28:36,1085.55,413273
2021-06-18 09:28:37,1085.55,413273
2021-06-18 09:28:38,1085.4,413274
2021-06-18 09:28:39,1085.55,413427
2021-06-18 09:28:41,1085.35,413437
2021-06-18 09:28:42,1085.35,413437
2021-06-18 09:28:43,1085.4,413626
2021-06-18 09:28:44,1085.35,413645
2021-06-18 09:28:45,1085.35,413645
2021-06-18 09:28:46,1085.35,413826
2021-06-18 09:28:47,1085.35,413921
2021-06-18 09:28:48,1085.35,413926
2021-06-18 09:28:49,1085.35,413937
2021-06-18 09:28:50,1085.4,414042
2021-06-18 09:28:52,1085.35,414088
2021-06-18 09:28:51,1085.35,414088
2021-06-18 09:28:53,1085.55,414218
2021-06-18 09:28:54,1085.4,414249
2021-06-18 09:28:55,1085.9,414453
2021-06-18 09:28:56,1085.55,414491
2021-06-18 09:28:57,1085.6,414658
2021-06-18 09:28:58,1086.0,414738
2021-06-18 09:28:59,1085.75,414958
2021-06-18 09:29:00,1085.75,414958
2021-06-18 09:29:02,1085.75,414958
2021-06-18 09:29:03,1085.75,414958
2021-06-18 09:29:03,1086.0,415220
2021-06-18 09:29:04,1085.8,415280
2021-06-18 09:29:06,1085.75,417483
2021-06-18 09:29:07,1085.55,417880
2021-06-18 09:29:08,1085.55,418140
2021-06-18 09:29:08,1085.4,418171
2021-06-18 09:29:09,1085.4,418171
2021-06-18 09:29:10,1085.6,418284
2021-06-18 09:29:11,1085.6,418307
2021-06-18 09:29:13,1085.2,418343
2021-06-18 09:29:14,1085.55,418439
2021-06-18 09:29:15,1085.05,418675
2021-06-18 09:29:16,1085.05,418675
2021-06-18 09:29:17,1085.05,418875
2021-06-18 09:29:18,1085.05,418875
2021-06-18 09:29:19,1085.05,418875
2021-06-18 09:29:20,1084.85,418876
2021-06-18 09:29:21,1084.25,418976
2021-06-18 09:29:22,1084.2,419517
2021-06-18 09:29:23,1084.5,419602
2021-06-18 09:29:25,1084.75,419673
2021-06-18 09:29:26,1084.3,419760
2021-06-18 09:29:25,1084.3,419760
2021-06-18 09:29:27,1084.65,419810
2021-06-18 09:29:28,1084.65,420196
2021-06-18 09:29:29,1084.65,420470
2021-06-18 09:29:30,1084.4,420505
2021-06-18 09:29:31,1084.15,420608
2021-06-18 09:29:32,1084.4,420675
2021-06-18 09:29:33,1084.2,420904
2021-06-18 09:29:34,1084.4,420905
2021-06-18 09:29:35,1084.75,420965
2021-06-18 09:29:36,1084.8,421055
2021-06-18 09:29:37,1084.35,421096
2021-06-18 09:29:38,1084.65,421106
2021-06-18 09:29:39,1084.65,421116
2021-06-18 09:29:40,1084.65,421216
2021-06-18 09:29:41,1084.65,421306
2021-06-18 09:29:43,1084.7,421354
2021-06-18 09:29:43,1084.8,421399
2021-06-18 09:29:45,1084.8,421401
2021-06-18 09:29:46,1084.8,421413
2021-06-18 09:29:47,1084.75,421414
2021-06-18 09:29:48,1084.8,421437
2021-06-18 09:29:49,1085.35,421608
2021-06-18 09:29:50,1085.55,421812
2021-06-18 09:29:51,1085.8,421862
2021-06-18 09:29:52,1085.25,421872
2021-06-18 09:29:53,1085.8,421877
2021-06-18 09:29:54,1085.8,421877
2021-06-18 09:29:55,1085.65,422027
2021-06-18 09:29:56,1085.65,422027
2021-06-18 09:29:57,1085.65,422027
2021-06-18 09:29:58,1085.8,422776
2021-06-18 09:29:59,1085.8,422776
2021-06-18 09:30:00,1085.65,424071
2021-06-18 09:30:01,1085.65,424191
2021-06-18 09:30:02,1085.1,424392
2021-06-18 09:30:03,1085.75,424518
2021-06-18 09:30:04,1085.9,424728
2021-06-18 09:30:05,1085.6,424761
2021-06-18 09:30:06,1085.6,424859
2021-06-18 09:30:07,1085.6,424859
2021-06-18 09:30:08,1085.8,424964
2021-06-18 09:30:09,1085.6,424983
2021-06-18 09:30:10,1085.6,424983
2021-06-18 09:30:11,1085.6,424983
2021-06-18 09:30:12,1085.6,425120
2021-06-18 09:30:13,1085.5,425557
2021-06-18 09:30:14,1085.45,425606
2021-06-18 09:30:15,1085.1,425655
2021-06-18 09:30:16,1085.0,425682
2021-06-18 09:30:17,1085.1,425733
2021-06-18 09:30:18,1085.0,425751
2021-06-18 09:30:21,1085.1,426043
2021-06-18 09:30:22,1085.0,426093
2021-06-18 09:30:22,1085.0,426132
2021-06-18 09:30:24,1084.95,426229
2021-06-18 09:30:25,1084.95,426399
2021-06-18 09:30:26,1084.95,426855
2021-06-18 09:30:27,1084.05,427209
2021-06-18 09:30:28,1084.5,427531
2021-06-18 09:30:29,1084.6,427786
2021-06-18 09:30:31,1084.6,428136
2021-06-18 09:30:31,1084.6,428188
2021-06-18 09:30:32,1084.5,428209
2021-06-18 09:30:33,1084.6,428221
2021-06-18 09:30:34,1084.6,428221
2021-06-18 09:30:35,1084.45,428312
2021-06-18 09:30:36,1084.25,428483
2021-06-18 09:30:37,1084.0,428493
2021-06-18 09:30:38,1084.6,428738
2021-06-18 09:30:39,1084.15,428978
2021-06-18 09:30:40,1084.15,428978
2021-06-18 09:30:41,1084.15,429425
2021-06-18 09:30:42,1084.35,430276
2021-06-18 09:30:43,1084.45,431191
2021-06-18 09:30:44,1084.05,431308
2021-06-18 09:30:45,1084.25,431313
2021-06-18 09:30:46,1084.25,431313
2021-06-18 09:30:47,1084.25,431484
2021-06-18 09:30:48,1084.45,431711
2021-06-18 09:30:50,1084.25,431981
2021-06-18 09:30:51,1084.25,431981
2021-06-18 09:30:52,1084.0,432749
2021-06-18 09:30:53,1084.0,432749
2021-06-18 09:30:54,1084.0,432879
2021-06-18 09:30:55,1084.0,432879
2021-06-18 09:30:55,1084.0,432879
2021-06-18 09:30:56,1084.0,432984
2021-06-18 09:30:57,1084.0,433168
2021-06-18 09:30:58,1084.0,433168
2021-06-18 09:30:59,1084.25,433218
2021-06-18 09:31:01,1084.0,433443
2021-06-18 09:31:02,1083.95,433478
2021-06-18 09:31:02,1083.95,433478
2021-06-18 09:31:03,1084.25,433666
2021-06-18 09:31:04,1084.25,433666
2021-06-18 09:31:05,1084.25,433666
2021-06-18 09:31:06,1083.9,433981
2021-06-18 09:31:07,1083.9,433981
2021-06-18 09:31:08,1084.05,434093
2021-06-18 09:31:09,1084.0,434203
2021-06-18 09:31:10,1084.0,434203
2021-06-18 09:31:11,1083.8,434236
2021-06-18 09:31:12,1083.8,434236
2021-06-18 09:31:13,1083.8,434237
2021-06-18 09:31:14,1083.5,434439
2021-06-18 09:31:16,1083.5,434536
2021-06-18 09:31:17,1083.8,434648
2021-06-18 09:31:18,1083.5,434698
2021-06-18 09:31:19,1083.8,434792
2021-06-18 09:31:20,1084.0,435397
2021-06-18 09:31:22,1083.75,436009
2021-06-18 09:31:24,1084.25,436652
2021-06-18 09:31:24,1084.25,436652
2021-06-18 09:31:25,1083.9,437165
2021-06-18 09:31:27,1084.35,437632
2021-06-18 09:31:28,1084.35,437632
2021-06-18 09:31:29,1084.5,437696
2021-06-18 09:31:30,1084.3,437811
2021-06-18 09:31:31,1084.85,437833
2021-06-18 09:31:32,1084.85,437860
2021-06-18 09:31:33,1085.0,437861
2021-06-18 09:31:34,1085.0,437861
2021-06-18 09:31:35,1084.9,438563
2021-06-18 09:31:36,1084.55,438568
2021-06-18 09:31:37,1084.55,438568
2021-06-18 09:31:38,1084.55,438568
2021-06-18 09:31:39,1084.6,438578
2021-06-18 09:31:40,1084.6,438578
2021-06-18 09:31:42,1084.6,438578
2021-06-18 09:31:43,1084.6,438578
2021-06-18 09:31:44,1084.5,439740
2021-06-18 09:31:45,1084.5,440217
2021-06-18 09:31:46,1084.1,440420
2021-06-18 09:31:46,1084.5,440933
2021-06-18 09:31:47,1084.4,442110
2021-06-18 09:31:48,1084.25,442111
2021-06-18 09:31:50,1084.5,442273
2021-06-18 09:31:51,1084.5,442273
2021-06-18 09:31:52,1084.0,442567
2021-06-18 09:31:53,1084.0,442740
2021-06-18 09:31:53,1083.8,442860
2021-06-18 09:31:54,1084.0,442944
2021-06-18 09:31:55,1084.0,443254
2021-06-18 09:31:56,1084.0,443319
2021-06-18 09:31:57,1084.0,443320
2021-06-18 09:31:58,1084.35,444238
2021-06-18 09:31:59,1084.15,444672
2021-06-18 09:32:00,1084.5,444709
2021-06-18 09:32:01,1084.05,445045
2021-06-18 09:32:02,1084.05,445045
2021-06-18 09:32:03,1084.0,445216
2021-06-18 09:32:04,1084.0,445216
2021-06-18 09:32:06,1084.0,445297
2021-06-18 09:32:06,1084.05,445323
2021-06-18 09:32:07,1084.05,445323
2021-06-18 09:32:08,1084.05,445323
2021-06-18 09:32:09,1084.5,445806
2021-06-18 09:32:10,1084.5,445806
2021-06-18 09:32:11,1084.2,445961
2021-06-18 09:32:12,1084.2,445962
2021-06-18 09:32:13,1084.2,446162
2021-06-18 09:32:14,1084.6,446167
2021-06-18 09:32:15,1084.2,446182
2021-06-18 09:32:16,1084.2,446727
2021-06-18 09:32:17,1084.2,446802
2021-06-18 09:32:18,1084.65,446859
2021-06-18 09:32:19,1084.65,446859
2021-06-18 09:32:20,1084.65,446938
2021-06-18 09:32:21,1084.2,447157
2021-06-18 09:32:22,1084.2,447172
2021-06-18 09:32:23,1084.65,447269
2021-06-18 09:32:24,1084.45,447587
2021-06-18 09:32:25,1084.45,447607
2021-06-18 09:32:26,1084.5,448310
2021-06-18 09:32:27,1084.5,448310
2021-06-18 09:32:28,1084.65,448311
2021-06-18 09:32:29,1084.9,448646
2021-06-18 09:32:30,1084.9,448793
2021-06-18 09:32:31,1084.7,448808
2021-06-18 09:32:32,1084.7,448808
2021-06-18 09:32:33,1084.7,448808
2021-06-18 09:32:34,1085.0,450720
2021-06-18 09:32:35,1084.75,451000
2021-06-18 09:32:36,1085.0,451015
2021-06-18 09:32:38,1085.0,451483
2021-06-18 09:32:38,1084.9,451493
2021-06-18 09:32:39,1084.9,451910
2021-06-18 09:32:40,1084.9,451910
2021-06-18 09:32:41,1085.0,451911
2021-06-18 09:32:42,1085.0,451911
2021-06-18 09:32:43,1084.9,451914
2021-06-18 09:32:44,1084.95,451944
2021-06-18 09:32:45,1084.95,451944
2021-06-18 09:32:46,1084.95,451944
2021-06-18 09:32:47,1084.95,451944
2021-06-18 09:32:49,1084.9,453501
2021-06-18 09:32:51,1084.9,454326
2021-06-18 09:32:52,1085.4,454342
2021-06-18 09:32:53,1085.4,454767
2021-06-18 09:32:54,1085.9,454881
2021-06-18 09:32:55,1086.1,455043
2021-06-18 09:32:57,1086.15,455879
2021-06-18 09:32:58,1086.05,456703
2021-06-18 09:32:59,1086.05,456703
2021-06-18 09:33:00,1086.0,456718
2021-06-18 09:33:01,1086.0,457367
2021-06-18 09:33:02,1086.0,457450
2021-06-18 09:33:03,1086.0,457450
2021-06-18 09:33:04,1086.0,457450
2021-06-18 09:33:05,1086.35,457457
2021-06-18 09:33:05,1086.0,457491
2021-06-18 09:33:07,1086.0,457511
2021-06-18 09:33:07,1086.25,457531
2021-06-18 09:33:09,1086.25,457544
2021-06-18 09:33:10,1086.25,457576
2021-06-18 09:33:10,1086.05,457651
2021-06-18 09:33:12,1086.05,457651
2021-06-18 09:33:13,1086.25,458081
2021-06-18 09:33:14,1086.5,458093
2021-06-18 09:33:15,1086.6,458393
2021-06-18 09:33:16,1086.45,458443
2021-06-18 09:33:17,1086.45,459164
2021-06-18 09:33:18,1086.25,460824
2021-06-18 09:33:19,1086.25,460924
2021-06-18 09:33:20,1086.0,461029
2021-06-18 09:33:21,1085.95,461318
2021-06-18 09:33:22,1085.25,461348
2021-06-18 09:33:22,1085.25,461348
2021-06-18 09:33:23,1085.25,461348
2021-06-18 09:33:24,1085.8,461362
2021-06-18 09:33:25,1085.4,461672
2021-06-18 09:33:26,1085.95,461674
2021-06-18 09:33:27,1085.95,461696
2021-06-18 09:33:29,1085.55,462123
2021-06-18 09:33:29,1085.55,462123
2021-06-18 09:33:30,1085.55,462195
2021-06-18 09:33:32,1085.7,462241
2021-06-18 09:33:33,1085.7,462241
2021-06-18 09:33:33,1085.7,462241
2021-06-18 09:33:35,1085.7,462241
2021-06-18 09:33:35,1085.55,462246
2021-06-18 09:33:36,1085.75,462388
2021-06-18 09:33:38,1085.75,462742
2021-06-18 09:33:39,1085.55,462758
2021-06-18 09:33:40,1085.55,462808
2021-06-18 09:33:41,1085.55,462808
2021-06-18 09:33:43,1085.55,462808
2021-06-18 09:33:44,1085.55,462808
2021-06-18 09:33:45,1085.55,462843
2021-06-18 09:33:46,1085.55,462843
2021-06-18 09:33:47,1085.9,462853
2021-06-18 09:33:48,1085.6,462854
2021-06-18 09:33:49,1085.6,462854
2021-06-18 09:33:50,1085.6,462854
2021-06-18 09:33:51,1085.65,462857
2021-06-18 09:33:52,1085.65,462966
2021-06-18 09:33:53,1085.7,462972
2021-06-18 09:33:54,1085.95,462974
2021-06-18 09:33:55,1085.95,462974
2021-06-18 09:33:58,1085.7,463026
2021-06-18 09:33:57,1085.7,463026
2021-06-18 09:33:58,1085.7,463144
2021-06-18 09:34:01,1085.8,463244
2021-06-18 09:34:02,1085.8,463244
2021-06-18 09:34:03,1085.8,463244
2021-06-18 09:34:03,1085.8,463342
2021-06-18 09:34:04,1085.95,463352
2021-06-18 09:34:05,1085.95,463402
2021-06-18 09:34:06,1085.95,463402
2021-06-18 09:34:08,1085.8,463408
2021-06-18 09:34:08,1085.8,463408
2021-06-18 09:34:11,1085.8,463408
2021-06-18 09:34:11,1085.9,463418
2021-06-18 09:34:12,1085.85,463543
2021-06-18 09:34:13,1085.85,463543
2021-06-18 09:34:14,1085.9,463655
2021-06-18 09:34:15,1086.0,464727
2021-06-18 09:34:16,1086.0,464770
2021-06-18 09:34:17,1086.0,464770
2021-06-18 09:34:18,1086.05,464812
2021-06-18 09:34:19,1085.9,465001
2021-06-18 09:34:20,1085.9,465048
2021-06-18 09:34:22,1086.05,465091
2021-06-18 09:34:22,1085.9,465913
2021-06-18 09:34:23,1086.0,467460
2021-06-18 09:34:24,1086.7,467461
2021-06-18 09:34:25,1086.6,468028
2021-06-18 09:34:26,1086.15,468135
2021-06-18 09:34:27,1086.65,468146
2021-06-18 09:34:28,1086.65,468146
2021-06-18 09:34:30,1086.7,468156
2021-06-18 09:34:32,1086.85,468342
2021-06-18 09:34:33,1086.85,468342
2021-06-18 09:34:34,1086.85,468395
2021-06-18 09:34:36,1086.85,468400
2021-06-18 09:34:37,1086.85,468400
2021-06-18 09:34:38,1086.85,468400
2021-06-18 09:34:39,1086.85,468400
2021-06-18 09:34:40,1086.85,468400
2021-06-18 09:34:41,1086.5,469027
2021-06-18 09:34:42,1086.5,469027
2021-06-18 09:34:43,1086.5,469027
2021-06-18 09:34:44,1086.5,469030
2021-06-18 09:34:45,1086.5,469030
2021-06-18 09:34:46,1085.95,469960
2021-06-18 09:34:47,1086.15,470660
2021-06-18 09:34:48,1086.1,470695
2021-06-18 09:34:49,1086.1,470695
2021-06-18 09:34:50,1085.95,470735
2021-06-18 09:34:51,1086.1,470780
2021-06-18 09:34:52,1086.05,470785
2021-06-18 09:34:53,1086.1,471547
2021-06-18 09:34:53,1086.1,471547
2021-06-18 09:34:54,1086.1,471547
2021-06-18 09:34:56,1086.1,471689
2021-06-18 09:34:57,1086.05,471779
2021-06-18 09:34:58,1086.05,471801
2021-06-18 09:34:59,1086.05,471801
2021-06-18 09:34:59,1086.05,472224
2021-06-18 09:35:00,1086.05,472224
2021-06-18 09:35:01,1086.05,472287
2021-06-18 09:35:02,1086.05,472291
2021-06-18 09:35:04,1085.5,473115
2021-06-18 09:35:05,1085.6,473216
2021-06-18 09:35:06,1085.6,473216
2021-06-18 09:35:07,1085.25,473266
2021-06-18 09:35:08,1085.25,473572
2021-06-18 09:35:09,1085.1,473582
2021-06-18 09:35:10,1085.1,473582
2021-06-18 09:35:11,1085.1,473590
2021-06-18 09:35:12,1085.25,473591
2021-06-18 09:35:13,1085.1,473621
2021-06-18 09:35:14,1085.1,474354
2021-06-18 09:35:15,1085.1,474354
2021-06-18 09:35:15,1084.95,474364
2021-06-18 09:35:16,1084.85,474383
2021-06-18 09:35:17,1084.85,474435
2021-06-18 09:35:18,1084.5,474436
2021-06-18 09:35:19,1084.95,474496
2021-06-18 09:35:22,1084.65,476208
2021-06-18 09:35:23,1084.65,476208
2021-06-18 09:35:24,1084.65,476208
2021-06-18 09:35:25,1084.7,476887
2021-06-18 09:35:26,1085.1,476890
2021-06-18 09:35:27,1084.8,476998
2021-06-18 09:35:28,1085.05,477184
2021-06-18 09:35:29,1085.05,477184
2021-06-18 09:35:30,1084.6,477295
2021-06-18 09:35:31,1084.65,477344
2021-06-18 09:35:32,1084.8,477388
2021-06-18 09:35:32,1084.65,477413
2021-06-18 09:35:33,1084.65,477514
2021-06-18 09:35:34,1084.65,477514
2021-06-18 09:35:36,1084.65,477550
2021-06-18 09:35:36,1084.65,477600
2021-06-18 09:35:38,1085.0,478136
2021-06-18 09:35:38,1085.0,478136
2021-06-18 09:35:39,1085.0,478136
2021-06-18 09:35:42,1085.6,481292
2021-06-18 09:35:42,1085.65,481302
2021-06-18 09:35:43,1085.65,481592
2021-06-18 09:35:44,1085.65,481592
2021-06-18 09:35:45,1085.65,481712
2021-06-18 09:35:46,1085.65,481832
2021-06-18 09:35:47,1085.65,481952
2021-06-18 09:35:48,1086.0,481962
2021-06-18 09:35:50,1085.65,482436
2021-06-18 09:35:51,1086.3,482575
2021-06-18 09:35:52,1086.0,482625
2021-06-18 09:35:53,1086.5,482635
2021-06-18 09:35:54,1086.5,482635
2021-06-18 09:35:55,1086.5,482635
2021-06-18 09:35:55,1086.5,482635
2021-06-18 09:35:56,1086.5,482636
2021-06-18 09:35:57,1086.4,482646
2021-06-18 09:35:59,1086.5,482962
2021-06-18 09:35:59,1086.6,483074
2021-06-18 09:36:00,1086.6,483074
2021-06-18 09:36:01,1086.6,483074
2021-06-18 09:36:02,1086.9,483076
2021-06-18 09:36:04,1087.0,483303
2021-06-18 09:36:05,1087.0,484897
2021-06-18 09:36:06,1087.0,485708
2021-06-18 09:36:06,1086.95,485709
2021-06-18 09:36:07,1086.6,486830
2021-06-18 09:36:08,1086.6,486830
2021-06-18 09:36:11,1087.15,488206
2021-06-18 09:36:12,1086.8,488209
2021-06-18 09:36:13,1086.8,488245
2021-06-18 09:36:14,1086.8,488369
2021-06-18 09:36:15,1087.3,489843
2021-06-18 09:36:16,1086.95,490378
2021-06-18 09:36:17,1086.85,490879
2021-06-18 09:36:18,1086.85,491379
2021-06-18 09:36:19,1087.0,492129
2021-06-18 09:36:20,1087.25,492209
2021-06-18 09:36:21,1087.35,492514
2021-06-18 09:36:22,1087.35,492514
2021-06-18 09:36:23,1087.1,492562
2021-06-18 09:36:24,1087.3,492647
2021-06-18 09:36:24,1087.35,492841
2021-06-18 09:36:25,1087.45,493451
2021-06-18 09:36:26,1087.35,494163
2021-06-18 09:36:27,1087.2,494743
2021-06-18 09:36:28,1087.65,494850
2021-06-18 09:36:29,1087.65,494850
2021-06-18 09:36:30,1087.65,494850
2021-06-18 09:36:31,1087.65,494870
2021-06-18 09:36:32,1087.35,494901
2021-06-18 09:36:33,1087.8,495006
2021-06-18 09:36:34,1087.35,495007
2021-06-18 09:36:36,1087.35,495014
2021-06-18 09:36:36,1087.8,495020
2021-06-18 09:36:38,1087.35,495319
2021-06-18 09:36:39,1087.35,495464
2021-06-18 09:36:40,1087.6,495575
2021-06-18 09:36:41,1087.2,495576
2021-06-18 09:36:42,1087.7,495781
2021-06-18 09:36:43,1087.3,495823
2021-06-18 09:36:44,1087.75,495873
2021-06-18 09:36:45,1087.75,495873
2021-06-18 09:36:46,1087.75,495880
2021-06-18 09:36:47,1087.65,496040
2021-06-18 09:36:48,1087.9,496223
2021-06-18 09:36:49,1088.6,498353
2021-06-18 09:36:50,1088.2,502485
2021-06-18 09:36:51,1088.15,502696
2021-06-18 09:36:52,1087.8,503173
2021-06-18 09:36:53,1088.0,504238
2021-06-18 09:36:54,1088.0,504424
2021-06-18 09:36:55,1088.05,504490
2021-06-18 09:36:56,1088.4,504768
2021-06-18 09:36:57,1087.8,505489
2021-06-18 09:36:58,1087.75,505772
2021-06-18 09:36:59,1087.7,506371
2021-06-18 09:37:00,1087.75,506937
2021-06-18 09:37:01,1087.7,507004
2021-06-18 09:37:02,1087.5,507346
2021-06-18 09:37:03,1087.5,507347
2021-06-18 09:37:05,1087.0,508192
2021-06-18 09:37:04,1087.3,508048
2021-06-18 09:37:06,1087.25,508383
2021-06-18 09:37:07,1086.85,509076
2021-06-18 09:37:08,1086.85,509077
2021-06-18 09:37:09,1086.4,509187
2021-06-18 09:37:10,1086.4,509401
2021-06-18 09:37:11,1086.2,509442
2021-06-18 09:37:12,1086.1,509450
2021-06-18 09:37:13,1086.95,510037
2021-06-18 09:37:14,1086.45,510121
2021-06-18 09:37:15,1086.4,510227
2021-06-18 09:37:16,1086.4,510573
2021-06-18 09:37:17,1086.4,510863
2021-06-18 09:37:18,1086.4,510959
2021-06-18 09:37:19,1086.0,510985
2021-06-18 09:37:20,1086.0,511305
2021-06-18 09:37:21,1085.75,511400
2021-06-18 09:37:22,1085.75,511406
2021-06-18 09:37:23,1085.75,511408
2021-06-18 09:37:24,1085.9,511995
2021-06-18 09:37:25,1085.85,512112
2021-06-18 09:37:26,1086.15,512134
2021-06-18 09:37:27,1086.15,512359
2021-06-18 09:37:28,1086.15,512665
2021-06-18 09:37:29,1086.2,512668
2021-06-18 09:37:30,1086.2,512669
2021-06-18 09:37:31,1086.2,512671
2021-06-18 09:37:32,1087.0,513286
2021-06-18 09:37:33,1086.25,513983
2021-06-18 09:37:34,1086.75,514146
2021-06-18 09:37:35,1086.75,514146
2021-06-18 09:37:36,1086.25,514855
2021-06-18 09:37:37,1086.25,515441
2021-06-18 09:37:38,1086.25,515650
2021-06-18 09:37:39,1086.25,515650
2021-06-18 09:37:40,1086.25,516015
2021-06-18 09:37:41,1086.25,516280
2021-06-18 09:37:42,1086.2,516430
2021-06-18 09:37:43,1086.05,516730
2021-06-18 09:37:45,1086.25,516783
2021-06-18 09:37:46,1086.4,517502
2021-06-18 09:37:47,1086.25,517508
2021-06-18 09:37:48,1086.25,517508
2021-06-18 09:37:49,1086.15,517509
2021-06-18 09:37:50,1086.15,517509
2021-06-18 09:37:51,1086.2,517514
2021-06-18 09:37:52,1086.4,517805
2021-06-18 09:37:53,1086.4,517805
2021-06-18 09:37:54,1086.4,517807
2021-06-18 09:37:55,1086.1,517848
2021-06-18 09:37:56,1086.4,517872
2021-06-18 09:37:57,1086.4,517872
2021-06-18 09:37:58,1086.6,517989
2021-06-18 09:37:59,1086.6,517989
2021-06-18 09:38:00,1086.6,517989
2021-06-18 09:38:01,1086.6,517989
2021-06-18 09:38:02,1086.6,517989
2021-06-18 09:38:03,1086.4,518089
2021-06-18 09:38:04,1086.8,518154
2021-06-18 09:38:05,1086.8,518154
2021-06-18 09:38:06,1086.55,518488
2021-06-18 09:38:08,1086.55,518863
2021-06-18 09:38:09,1087.0,519592
2021-06-18 09:38:10,1087.3,520252
2021-06-18 09:38:11,1087.75,520403
2021-06-18 09:38:12,1087.75,520675
2021-06-18 09:38:13,1087.75,520809
2021-06-18 09:38:14,1087.8,520914
2021-06-18 09:38:15,1087.3,520954
2021-06-18 09:38:16,1087.35,520964
2021-06-18 09:38:17,1087.55,521926
2021-06-18 09:38:18,1087.85,522007
2021-06-18 09:38:19,1087.35,522108
2021-06-18 09:38:20,1087.4,522159
2021-06-18 09:38:21,1087.4,522387
2021-06-18 09:38:22,1087.4,522392
2021-06-18 09:38:23,1087.6,523662
2021-06-18 09:38:24,1087.55,523663
2021-06-18 09:38:25,1087.55,523663
2021-06-18 09:38:26,1087.55,523663
2021-06-18 09:38:27,1087.55,523668
2021-06-18 09:38:28,1087.9,525133
2021-06-18 09:38:29,1087.95,530208
2021-06-18 09:38:30,1087.5,530334
2021-06-18 09:38:31,1087.5,530334
2021-06-18 09:38:32,1087.5,530834
2021-06-18 09:38:33,1087.45,531013
2021-06-18 09:38:34,1087.4,531081
2021-06-18 09:38:35,1087.5,531307
2021-06-18 09:38:37,1087.3,531744
2021-06-18 09:38:38,1087.15,531766
2021-06-18 09:38:39,1087.0,532014
2021-06-18 09:38:40,1087.5,532318
2021-06-18 09:38:41,1087.0,534443
2021-06-18 09:38:42,1086.85,534473
2021-06-18 09:38:44,1087.0,534631
2021-06-18 09:38:43,1086.85,534529
2021-06-18 09:38:45,1087.0,534937
2021-06-18 09:38:46,1087.0,535405
2021-06-18 09:38:47,1087.0,535405
2021-06-18 09:38:49,1086.85,535448
2021-06-18 09:38:50,1086.5,535455
2021-06-18 09:38:51,1086.85,535456
2021-06-18 09:38:52,1086.95,535476
2021-06-18 09:38:53,1086.5,535478
2021-06-18 09:38:54,1086.45,535698
2021-06-18 09:38:55,1087.0,536497
2021-06-18 09:38:56,1087.0,536497
2021-06-18 09:38:57,1086.45,536667
2021-06-18 09:38:58,1086.45,536808
2021-06-18 09:38:59,1086.9,537189
2021-06-18 09:39:00,1086.9,537189
2021-06-18 09:39:01,1086.9,537745
2021-06-18 09:39:02,1086.8,537829
2021-06-18 09:39:03,1086.9,538004
2021-06-18 09:39:04,1086.8,538370
2021-06-18 09:39:05,1086.8,538420
2021-06-18 09:39:06,1086.8,538752
2021-06-18 09:39:07,1086.8,538752
2021-06-18 09:39:08,1086.8,539268
2021-06-18 09:39:09,1086.5,539293
2021-06-18 09:39:10,1086.0,540089
2021-06-18 09:39:11,1086.0,540089
2021-06-18 09:39:12,1085.5,540137
2021-06-18 09:39:13,1086.0,540157
2021-06-18 09:39:14,1085.5,540178
2021-06-18 09:39:15,1085.8,541065
2021-06-18 09:39:16,1085.85,541085
2021-06-18 09:39:17,1085.3,541143
2021-06-18 09:39:18,1085.3,541143
2021-06-18 09:39:19,1085.8,541369
2021-06-18 09:39:20,1085.75,541379
2021-06-18 09:39:21,1085.75,541379
2021-06-18 09:39:22,1086.15,541639
2021-06-18 09:39:23,1086.15,541639
2021-06-18 09:39:24,1085.5,541655
2021-06-18 09:39:25,1086.25,543374
2021-06-18 09:39:26,1086.25,543374
2021-06-18 09:39:27,1086.25,543374
2021-06-18 09:39:28,1085.5,543441
2021-06-18 09:39:29,1085.45,543541
2021-06-18 09:39:30,1086.15,544095
2021-06-18 09:39:31,1086.9,544195
2021-06-18 09:39:32,1086.3,544260
2021-06-18 09:39:33,1086.3,544260
2021-06-18 09:39:34,1086.8,544266
2021-06-18 09:39:35,1086.2,544461
2021-06-18 09:39:36,1086.7,544481
2021-06-18 09:39:37,1086.35,544724
2021-06-18 09:39:38,1086.25,546200
2021-06-18 09:39:39,1086.25,546200
2021-06-18 09:39:40,1086.35,546566
2021-06-18 09:39:41,1086.35,546566
2021-06-18 09:39:42,1086.75,547048
2021-06-18 09:39:43,1086.75,547048
2021-06-18 09:39:44,1086.6,547325
2021-06-18 09:39:45,1086.6,547325
2021-06-18 09:39:47,1085.9,547497
2021-06-18 09:39:49,1086.55,547619
2021-06-18 09:39:49,1086.1,547807
2021-06-18 09:39:50,1086.1,547874
2021-06-18 09:39:51,1086.1,547968
2021-06-18 09:39:52,1086.1,547968
2021-06-18 09:39:53,1086.6,548095
2021-06-18 09:39:54,1086.15,548196
2021-06-18 09:39:55,1086.15,548196
2021-06-18 09:39:56,1086.5,548374
2021-06-18 09:39:57,1086.5,548376
2021-06-18 09:39:58,1086.15,548395
2021-06-18 09:39:59,1086.1,548627
2021-06-18 09:40:00,1086.2,548684
2021-06-18 09:40:01,1086.1,548801
2021-06-18 09:40:02,1086.4,548915
2021-06-18 09:40:03,1086.1,548964
2021-06-18 09:40:04,1086.1,548964
2021-06-18 09:40:05,1086.6,550164
2021-06-18 09:40:06,1086.6,550164
2021-06-18 09:40:07,1086.4,550176
2021-06-18 09:40:08,1086.4,550176
2021-06-18 09:40:10,1086.4,550226
2021-06-18 09:40:11,1086.4,550226
2021-06-18 09:40:12,1086.25,550258
2021-06-18 09:40:13,1086.25,550347
2021-06-18 09:40:14,1086.25,550702
2021-06-18 09:40:15,1086.25,550727
2021-06-18 09:40:16,1086.25,550895
2021-06-18 09:40:17,1086.25,550895
2021-06-18 09:40:18,1086.1,550988
2021-06-18 09:40:19,1086.1,551066
2021-06-18 09:40:20,1086.1,551066
2021-06-18 09:40:21,1086.1,551112
2021-06-18 09:40:22,1086.25,551137
2021-06-18 09:40:23,1086.25,551137
2021-06-18 09:40:24,1086.0,551478
2021-06-18 09:40:25,1085.95,551578
2021-06-18 09:40:26,1086.0,551861
2021-06-18 09:40:27,1085.5,551890
2021-06-18 09:40:29,1086.0,552175
2021-06-18 09:40:28,1085.6,552100
2021-06-18 09:40:30,1085.6,552455
2021-06-18 09:40:31,1085.6,552455
2021-06-18 09:40:32,1085.6,552455
2021-06-18 09:40:33,1085.6,552465
2021-06-18 09:40:34,1085.6,552547
2021-06-18 09:40:35,1085.55,552637
2021-06-18 09:40:36,1085.55,552704
2021-06-18 09:40:37,1085.6,552762
2021-06-18 09:40:38,1085.6,552762
2021-06-18 09:40:39,1085.6,552800
2021-06-18 09:40:40,1085.45,553481
2021-06-18 09:40:41,1085.45,553481
2021-06-18 09:40:42,1085.95,553556
2021-06-18 09:40:43,1085.95,553556
2021-06-18 09:40:44,1085.95,553556
2021-06-18 09:40:45,1085.95,553556
2021-06-18 09:40:46,1085.9,553561
2021-06-18 09:40:47,1085.9,553561
2021-06-18 09:40:48,1085.55,553599
2021-06-18 09:40:49,1085.55,553599
2021-06-18 09:40:50,1085.55,553603
2021-06-18 09:40:51,1085.55,553603
2021-06-18 09:40:52,1085.9,553604
2021-06-18 09:40:53,1085.9,553605
2021-06-18 09:40:55,1085.45,553855
2021-06-18 09:40:56,1085.45,554358
2021-06-18 09:40:56,1085.45,554358
2021-06-18 09:40:57,1085.1,554433
2021-06-18 09:40:58,1085.5,554458
2021-06-18 09:40:59,1085.1,554546
2021-06-18 09:41:00,1085.5,554642
2021-06-18 09:41:01,1085.5,554642
2021-06-18 09:41:02,1085.1,554721
2021-06-18 09:41:03,1085.1,554721
2021-06-18 09:41:04,1085.1,554721
2021-06-18 09:41:05,1085.5,554775
2021-06-18 09:41:06,1085.2,554781
2021-06-18 09:41:07,1085.5,554831
2021-06-18 09:41:08,1085.2,554931
2021-06-18 09:41:09,1085.5,554990
2021-06-18 09:41:10,1085.2,555054
2021-06-18 09:41:11,1085.2,555065
2021-06-18 09:41:13,1085.2,555078
2021-06-18 09:41:14,1085.2,555078
2021-06-18 09:41:15,1085.2,555080
2021-06-18 09:41:16,1085.2,555130
2021-06-18 09:41:17,1085.5,555155
2021-06-18 09:41:18,1085.55,555507
2021-06-18 09:41:18,1085.55,555507
2021-06-18 09:41:19,1085.5,555526
2021-06-18 09:41:20,1085.5,555526
2021-06-18 09:41:21,1085.5,555526
2021-06-18 09:41:22,1085.5,555526
2021-06-18 09:41:23,1085.5,555626
2021-06-18 09:41:24,1085.5,555626
2021-06-18 09:41:25,1085.9,555728
2021-06-18 09:41:26,1085.9,555728
2021-06-18 09:41:27,1085.5,556128
2021-06-18 09:41:28,1085.55,556260
2021-06-18 09:41:29,1085.55,556681
2021-06-18 09:41:30,1085.55,556681
2021-06-18 09:41:31,1085.55,556714
2021-06-18 09:41:32,1085.9,556834
2021-06-18 09:41:33,1085.55,556849
2021-06-18 09:41:34,1085.55,556893
2021-06-18 09:41:35,1086.0,557148
2021-06-18 09:41:36,1086.0,557148
2021-06-18 09:41:38,1086.0,557148
2021-06-18 09:41:39,1086.0,557148
2021-06-18 09:41:39,1085.6,557476
2021-06-18 09:41:41,1085.6,557476
2021-06-18 09:41:42,1085.6,557476
2021-06-18 09:41:43,1085.6,557476
2021-06-18 09:41:43,1086.0,557491
2021-06-18 09:41:44,1086.0,557491
2021-06-18 09:41:45,1085.6,558491
2021-06-18 09:41:46,1086.15,558651
2021-06-18 09:41:47,1086.15,558651
2021-06-18 09:41:48,1085.6,558986
2021-06-18 09:41:50,1086.1,559041
2021-06-18 09:41:52,1086.0,560048
2021-06-18 09:41:53,1085.6,560066
2021-06-18 09:41:54,1086.15,560266
2021-06-18 09:41:55,1086.15,560266
2021-06-18 09:41:55,1086.15,560266
2021-06-18 09:41:56,1085.75,560397
2021-06-18 09:41:57,1085.75,560397
2021-06-18 09:41:58,1085.75,560427
2021-06-18 09:41:59,1085.65,560437
2021-06-18 09:42:00,1085.65,560438
2021-06-18 09:42:02,1085.65,560454
2021-06-18 09:42:01,1085.65,560454
2021-06-18 09:42:03,1086.0,560495
2021-06-18 09:42:04,1086.0,560495
2021-06-18 09:42:05,1085.75,560515
2021-06-18 09:42:06,1085.75,560515
2021-06-18 09:42:07,1085.7,560517
2021-06-18 09:42:08,1085.7,560738
2021-06-18 09:42:09,1085.7,560817
2021-06-18 09:42:10,1085.7,560817
2021-06-18 09:42:11,1085.7,560817
2021-06-18 09:42:12,1085.7,560817
2021-06-18 09:42:13,1085.7,560868
2021-06-18 09:42:14,1085.55,561045
2021-06-18 09:42:15,1085.55,561045
2021-06-18 09:42:16,1085.55,561118
2021-06-18 09:42:17,1085.5,561190
2021-06-18 09:42:18,1085.5,561294
2021-06-18 09:42:19,1085.5,561352
2021-06-18 09:42:20,1085.5,561431
2021-06-18 09:42:21,1085.5,561431
2021-06-18 09:42:22,1085.5,561830
2021-06-18 09:42:23,1085.5,561842
2021-06-18 09:42:24,1085.5,561851
2021-06-18 09:42:25,1085.5,561953
2021-06-18 09:42:26,1085.5,561953
2021-06-18 09:42:27,1085.5,562086
2021-06-18 09:42:28,1085.5,563225
2021-06-18 09:42:29,1085.5,563225
2021-06-18 09:42:30,1085.5,563490
2021-06-18 09:42:31,1085.5,563495
2021-06-18 09:42:32,1085.5,563495
2021-06-18 09:42:34,1085.4,563533
2021-06-18 09:42:34,1085.4,563533
2021-06-18 09:42:35,1085.4,563533
2021-06-18 09:42:36,1085.35,563833
2021-06-18 09:42:37,1085.35,563833
2021-06-18 09:42:39,1085.35,563833
2021-06-18 09:42:40,1085.35,563833
2021-06-18 09:42:40,1085.35,563833
2021-06-18 09:42:42,1085.2,564714
2021-06-18 09:42:43,1085.35,565014
2021-06-18 09:42:44,1085.25,565138
2021-06-18 09:42:45,1085.0,565489
2021-06-18 09:42:46,1085.0,565489
2021-06-18 09:42:47,1085.0,565529
2021-06-18 09:42:48,1085.0,566039
2021-06-18 09:42:49,1085.25,566040
2021-06-18 09:42:50,1085.0,566405
2021-06-18 09:42:50,1085.25,566040
2021-06-18 09:42:52,1085.0,566410
2021-06-18 09:42:53,1085.0,566410
2021-06-18 09:42:53,1085.0,566410
2021-06-18 09:42:54,1085.0,566410
2021-06-18 09:42:55,1085.0,566410
2021-06-18 09:42:57,1085.0,566410
2021-06-18 09:42:58,1085.0,566545
2021-06-18 09:42:59,1085.0,566545
2021-06-18 09:43:00,1085.0,566591
2021-06-18 09:43:01,1085.2,566703
2021-06-18 09:43:02,1085.0,566784
2021-06-18 09:43:03,1085.0,566784
2021-06-18 09:43:03,1085.0,566809
2021-06-18 09:43:04,1084.65,568091
2021-06-18 09:43:05,1084.65,568091
2021-06-18 09:43:06,1084.6,568121
2021-06-18 09:43:07,1084.6,568121
2021-06-18 09:43:08,1084.6,568221
2021-06-18 09:43:09,1084.6,568221
2021-06-18 09:43:10,1084.3,568438
2021-06-18 09:43:11,1084.1,568488
2021-06-18 09:43:13,1083.85,569180
2021-06-18 09:43:14,1083.35,569340
2021-06-18 09:43:16,1083.45,569395
2021-06-18 09:43:16,1083.4,569420
2021-06-18 09:43:17,1083.0,569738
2021-06-18 09:43:18,1083.0,569838
2021-06-18 09:43:19,1083.05,569878
2021-06-18 09:43:20,1083.05,570053
2021-06-18 09:43:21,1083.55,570082
2021-06-18 09:43:22,1083.35,570231
2021-06-18 09:43:23,1083.2,570232
2021-06-18 09:43:24,1083.55,570342
2021-06-18 09:43:25,1083.55,570558
2021-06-18 09:43:26,1083.3,570908
2021-06-18 09:43:27,1083.25,570974
2021-06-18 09:43:28,1083.3,571119
2021-06-18 09:43:29,1083.3,571119
2021-06-18 09:43:30,1083.3,571119
2021-06-18 09:43:31,1083.35,571346
2021-06-18 09:43:32,1083.35,571366
2021-06-18 09:43:34,1083.35,571603
2021-06-18 09:43:35,1083.3,571817
2021-06-18 09:43:35,1083.3,572070
2021-06-18 09:43:36,1083.3,572094
2021-06-18 09:43:37,1083.3,572097
2021-06-18 09:43:38,1083.0,573099
2021-06-18 09:43:40,1083.0,573572
2021-06-18 09:43:41,1083.0,573636
2021-06-18 09:43:41,1083.0,573737
2021-06-18 09:43:42,1083.0,573929
2021-06-18 09:43:43,1083.55,574524
2021-06-18 09:43:44,1083.55,574624
2021-06-18 09:43:45,1083.55,574636
2021-06-18 09:43:46,1083.85,574736
2021-06-18 09:43:47,1083.55,574837
2021-06-18 09:43:49,1083.55,575245
2021-06-18 09:43:50,1083.3,575246
2021-06-18 09:43:51,1083.05,577738
2021-06-18 09:43:52,1082.5,577908
2021-06-18 09:43:53,1082.5,578132
2021-06-18 09:43:53,1082.5,578132
2021-06-18 09:43:55,1082.15,578347
2021-06-18 09:43:56,1082.15,578388
2021-06-18 09:43:57,1082.4,578913
2021-06-18 09:43:58,1082.45,579019
2021-06-18 09:44:00,1082.25,579066
2021-06-18 09:44:01,1082.45,579644
2021-06-18 09:44:02,1082.7,579887
2021-06-18 09:44:03,1082.3,579963
2021-06-18 09:44:06,1082.15,580196
2021-06-18 09:44:07,1082.5,580266
2021-06-18 09:44:09,1081.6,581791
2021-06-18 09:44:10,1081.9,581834
2021-06-18 09:44:11,1081.0,582529
2021-06-18 09:44:11,1081.0,582658
2021-06-18 09:44:12,1081.3,584395
2021-06-18 09:44:13,1080.7,584706
2021-06-18 09:44:15,1080.75,585076
2021-06-18 09:44:17,1080.4,585478
2021-06-18 09:44:17,1080.9,585812
2021-06-18 09:44:18,1080.75,586049
2021-06-18 09:44:19,1080.45,586162
2021-06-18 09:44:21,1081.05,587326
2021-06-18 09:44:21,1080.85,588092
2021-06-18 09:44:22,1081.4,588309
2021-06-18 09:44:24,1081.1,588311
2021-06-18 09:44:25,1080.85,588960
2021-06-18 09:44:25,1080.85,588994
2021-06-18 09:44:27,1081.4,590410
2021-06-18 09:44:28,1081.4,590638
2021-06-18 09:44:29,1081.1,590950
2021-06-18 09:44:30,1081.15,591075
2021-06-18 09:44:31,1081.05,591458
2021-06-18 09:44:32,1081.05,591921
2021-06-18 09:44:33,1081.05,591921
2021-06-18 09:44:34,1081.1,592032
2021-06-18 09:44:35,1081.05,592042
2021-06-18 09:44:36,1081.05,592495
2021-06-18 09:44:37,1081.55,592510
2021-06-18 09:44:38,1081.45,592512
2021-06-18 09:44:38,1081.55,592607
2021-06-18 09:44:39,1081.6,592721
2021-06-18 09:44:40,1081.6,592721
2021-06-18 09:44:41,1081.75,593486
2021-06-18 09:44:43,1081.65,593706
2021-06-18 09:44:44,1081.65,593706
2021-06-18 09:44:44,1081.65,593706
2021-06-18 09:44:45,1081.65,593720
2021-06-18 09:44:46,1081.6,594302
2021-06-18 09:44:47,1081.4,594328
2021-06-18 09:44:48,1081.4,594328
2021-06-18 09:44:50,1081.4,594328
2021-06-18 09:44:50,1081.4,594418
2021-06-18 09:44:52,1081.4,594578
2021-06-18 09:44:53,1082.3,594805
2021-06-18 09:44:54,1081.6,595249
2021-06-18 09:44:55,1081.55,595443
2021-06-18 09:44:56,1081.55,595448
2021-06-18 09:44:56,1081.55,595448
2021-06-18 09:44:57,1082.0,595569
2021-06-18 09:44:58,1081.5,595858
2021-06-18 09:44:59,1081.1,595988
2021-06-18 09:45:00,1081.1,596038
2021-06-18 09:45:01,1081.1,596077
2021-06-18 09:45:02,1081.5,596088
2021-06-18 09:45:03,1081.45,596170
2021-06-18 09:45:04,1081.1,596393
2021-06-18 09:45:05,1081.1,596393
2021-06-18 09:45:07,1081.1,596681
2021-06-18 09:45:08,1081.1,596801
2021-06-18 09:45:09,1081.0,597549
2021-06-18 09:45:09,1080.5,597764
2021-06-18 09:45:11,1080.5,598566
2021-06-18 09:45:11,1080.95,598578
2021-06-18 09:45:12,1080.4,599223
2021-06-18 09:45:13,1081.05,599941
2021-06-18 09:45:14,1081.05,600122
2021-06-18 09:45:15,1081.0,600512
2021-06-18 09:45:16,1080.8,600641
2021-06-18 09:45:17,1080.8,600641
2021-06-18 09:45:18,1081.0,600941
2021-06-18 09:45:19,1081.25,601261
2021-06-18 09:45:21,1080.75,601889
2021-06-18 09:45:22,1079.75,610983
2021-06-18 09:45:23,1079.55,611730
2021-06-18 09:45:24,1079.6,613331
2021-06-18 09:45:24,1079.55,613650
2021-06-18 09:45:25,1079.4,615281
2021-06-18 09:45:26,1079.75,616055
2021-06-18 09:45:27,1079.75,616264
2021-06-18 09:45:29,1079.8,616590
2021-06-18 09:45:30,1079.8,616785
2021-06-18 09:45:31,1079.6,617099
2021-06-18 09:45:32,1079.6,617126
2021-06-18 09:45:34,1079.85,617416
2021-06-18 09:45:36,1079.85,617610
2021-06-18 09:45:37,1079.5,618743
2021-06-18 09:45:38,1079.5,618743
2021-06-18 09:45:39,1079.45,618906
2021-06-18 09:45:40,1079.6,618917
2021-06-18 09:45:41,1079.15,619469
2021-06-18 09:45:42,1079.0,619786
2021-06-18 09:45:43,1078.65,620156
2021-06-18 09:45:44,1079.0,620450
2021-06-18 09:45:45,1079.0,620622
2021-06-18 09:45:45,1078.65,620675
2021-06-18 09:45:47,1078.65,621132
2021-06-18 09:45:48,1079.0,621212
2021-06-18 09:45:49,1078.95,622027
2021-06-18 09:45:49,1078.95,622027
2021-06-18 09:45:50,1078.4,623130
2021-06-18 09:45:51,1079.0,623311
2021-06-18 09:45:53,1079.0,624252
2021-06-18 09:45:54,1078.7,624265
2021-06-18 09:45:54,1079.2,624505
2021-06-18 09:45:56,1079.25,625091
2021-06-18 09:45:57,1079.05,625189
2021-06-18 09:45:58,1079.0,625281
2021-06-18 09:45:59,1079.0,625891
2021-06-18 09:46:00,1079.0,625891
2021-06-18 09:46:00,1079.0,626712
2021-06-18 09:46:01,1078.65,626764
2021-06-18 09:46:03,1078.65,627091
2021-06-18 09:46:04,1078.65,627581
2021-06-18 09:46:05,1078.5,627637
2021-06-18 09:46:06,1078.3,627677
2021-06-18 09:46:07,1078.3,627694
2021-06-18 09:46:08,1078.25,627762
2021-06-18 09:46:09,1078.5,627765
2021-06-18 09:46:11,1078.7,627819
2021-06-18 09:46:12,1078.35,627866
2021-06-18 09:46:13,1078.35,627883
2021-06-18 09:46:14,1078.0,630425
2021-06-18 09:46:15,1077.9,630950
2021-06-18 09:46:16,1078.35,631085
2021-06-18 09:46:17,1078.4,631095
2021-06-18 09:46:18,1078.0,631234
2021-06-18 09:46:18,1078.0,631234
2021-06-18 09:46:20,1078.0,631522
2021-06-18 09:46:20,1078.45,631529
2021-06-18 09:46:21,1078.4,633531
2021-06-18 09:46:23,1077.9,634087
2021-06-18 09:46:24,1078.0,634232
2021-06-18 09:46:25,1078.4,634380
2021-06-18 09:46:26,1078.4,634381
2021-06-18 09:46:26,1078.1,635379
2021-06-18 09:46:27,1078.1,635379
2021-06-18 09:46:28,1078.65,635579
2021-06-18 09:46:30,1078.05,635664
2021-06-18 09:46:30,1078.1,635859
2021-06-18 09:46:32,1078.5,635899
2021-06-18 09:46:33,1078.5,636392
2021-06-18 09:46:34,1078.05,636544
2021-06-18 09:46:35,1078.45,636545
2021-06-18 09:46:36,1078.45,636545
2021-06-18 09:46:37,1078.05,636573
2021-06-18 09:46:38,1078.5,636625
2021-06-18 09:46:39,1078.1,636787
2021-06-18 09:46:40,1078.1,636793
2021-06-18 09:46:41,1078.45,636927
2021-06-18 09:46:42,1078.65,637186
2021-06-18 09:46:44,1078.2,637436
2021-06-18 09:46:45,1078.25,637461
2021-06-18 09:46:45,1078.75,637571
2021-06-18 09:46:46,1078.9,637672
2021-06-18 09:46:47,1078.35,637675
2021-06-18 09:46:49,1078.4,638011
2021-06-18 09:46:50,1078.1,639051
2021-06-18 09:46:51,1078.75,639061
2021-06-18 09:46:51,1078.75,639061
2021-06-18 09:46:52,1078.5,639111
2021-06-18 09:46:53,1078.0,641175
2021-06-18 09:46:54,1077.9,641275
2021-06-18 09:46:56,1077.3,642161
2021-06-18 09:46:57,1077.3,642248
2021-06-18 09:46:58,1077.5,642292
2021-06-18 09:46:59,1077.0,642760
2021-06-18 09:47:00,1077.0,642889
2021-06-18 09:47:01,1077.6,642987
2021-06-18 09:47:02,1077.6,644055
2021-06-18 09:47:03,1077.25,644081
2021-06-18 09:47:04,1078.0,644195
2021-06-18 09:47:05,1078.0,644320
2021-06-18 09:47:06,1078.1,645416
2021-06-18 09:47:08,1078.55,645907
2021-06-18 09:47:09,1078.5,646357
2021-06-18 09:47:10,1078.5,646787
2021-06-18 09:47:14,1078.3,648177
2021-06-18 09:47:15,1078.6,648915
2021-06-18 09:47:16,1078.15,648975
2021-06-18 09:47:17,1077.9,649235
2021-06-18 09:47:18,1078.35,649593
2021-06-18 09:47:19,1078.05,649663
2021-06-18 09:47:19,1078.05,649663
2021-06-18 09:47:20,1077.6,650801
2021-06-18 09:47:22,1077.6,650801
2021-06-18 09:47:23,1077.5,651247
2021-06-18 09:47:24,1077.5,651625
2021-06-18 09:47:25,1077.1,651780
2021-06-18 09:47:26,1077.5,652345
2021-06-18 09:47:27,1076.6,652944
2021-06-18 09:47:28,1077.45,653107
2021-06-18 09:47:29,1077.45,653107
2021-06-18 09:47:30,1077.75,653531
2021-06-18 09:47:31,1077.15,653569
2021-06-18 09:47:32,1077.1,653969
2021-06-18 09:47:34,1077.7,654135
2021-06-18 09:47:33,1077.65,654090
2021-06-18 09:47:35,1077.7,654135
2021-06-18 09:47:36,1077.7,654184
2021-06-18 09:47:37,1077.7,654184
2021-06-18 09:47:38,1077.65,655001
2021-06-18 09:47:39,1078.05,655628
2021-06-18 09:47:41,1078.05,655883
2021-06-18 09:47:40,1078.05,655759
2021-06-18 09:47:42,1077.75,655914
2021-06-18 09:47:43,1078.05,655938
2021-06-18 09:47:44,1077.75,655988
2021-06-18 09:47:46,1077.75,656357
2021-06-18 09:47:49,1077.65,656665
2021-06-18 09:47:50,1077.5,656694
2021-06-18 09:47:51,1077.1,656795
2021-06-18 09:47:52,1077.15,656813
2021-06-18 09:47:53,1077.15,657047
2021-06-18 09:47:54,1077.2,657340
2021-06-18 09:47:58,1077.65,657666
2021-06-18 09:47:57,1077.65,657666
2021-06-18 09:47:59,1077.1,657761
2021-06-18 09:48:00,1077.1,657961
2021-06-18 09:48:01,1077.1,657964
2021-06-18 09:48:02,1077.1,658101
2021-06-18 09:48:03,1077.1,658120
2021-06-18 09:48:04,1077.1,658120
2021-06-18 09:48:05,1077.05,658211
2021-06-18 09:48:06,1077.0,658247
2021-06-18 09:48:07,1077.1,658310
2021-06-18 09:48:08,1077.1,658326
2021-06-18 09:48:09,1077.05,659053
2021-06-18 09:48:10,1076.5,659335
2021-06-18 09:48:11,1076.8,659518
2021-06-18 09:48:12,1076.75,659847
2021-06-18 09:48:13,1076.2,659900
2021-06-18 09:48:14,1076.8,660125
2021-06-18 09:48:16,1075.6,662022
2021-06-18 09:48:17,1075.65,662626
2021-06-18 09:48:18,1075.85,662725
2021-06-18 09:48:20,1075.65,663131
2021-06-18 09:48:19,1075.3,662826
2021-06-18 09:48:21,1075.75,663935
2021-06-18 09:48:22,1075.75,664068
2021-06-18 09:48:23,1076.0,664215
2021-06-18 09:48:25,1075.95,664242
2021-06-18 09:48:24,1075.95,664242
2021-06-18 09:48:26,1076.0,664821
2021-06-18 09:48:27,1076.0,664893
2021-06-18 09:48:28,1076.45,665204
2021-06-18 09:48:29,1076.55,665215
2021-06-18 09:48:30,1076.0,665532
2021-06-18 09:48:31,1075.75,665598
2021-06-18 09:48:32,1075.75,665598
2021-06-18 09:48:33,1075.7,665862
2021-06-18 09:48:34,1075.7,666077
2021-06-18 09:48:35,1076.2,667272
2021-06-18 09:48:36,1076.3,667602
2021-06-18 09:48:37,1076.0,667629
2021-06-18 09:48:38,1076.0,667629
2021-06-18 09:48:39,1075.75,667679
2021-06-18 09:48:40,1075.7,667829
2021-06-18 09:48:41,1075.9,669233
2021-06-18 09:48:42,1076.35,670321
2021-06-18 09:48:43,1076.45,671178
2021-06-18 09:48:44,1076.3,671297
2021-06-18 09:48:45,1076.05,671373
2021-06-18 09:48:46,1075.6,671489
2021-06-18 09:48:47,1075.25,672591
2021-06-18 09:48:48,1076.1,672828
2021-06-18 09:48:49,1075.7,672840
2021-06-18 09:48:50,1076.0,673349
2021-06-18 09:48:52,1075.5,674022
2021-06-18 09:48:53,1075.8,674072
2021-06-18 09:48:55,1076.0,675331
2021-06-18 09:48:56,1075.45,676683
2021-06-18 09:48:57,1075.45,676720
2021-06-18 09:48:58,1074.6,686878
2021-06-18 09:48:59,1073.85,687894
2021-06-18 09:49:00,1074.2,688471
2021-06-18 09:49:01,1074.2,691411
2021-06-18 09:49:02,1075.0,691752
2021-06-18 09:49:03,1075.0,691752
2021-06-18 09:49:04,1074.35,693837
2021-06-18 09:49:05,1075.0,696775
2021-06-18 09:49:06,1074.7,696947
2021-06-18 09:49:07,1075.25,697256
2021-06-18 09:49:08,1075.1,697428
2021-06-18 09:49:09,1075.5,697903
2021-06-18 09:49:10,1075.5,697918
2021-06-18 09:49:11,1075.5,699934
2021-06-18 09:49:12,1075.5,700058
2021-06-18 09:49:13,1075.5,700060
2021-06-18 09:49:14,1075.35,700175
2021-06-18 09:49:15,1075.35,700634
2021-06-18 09:49:16,1075.75,700636
2021-06-18 09:49:17,1075.75,700743
2021-06-18 09:49:18,1075.3,700873
2021-06-18 09:49:19,1074.95,701406
2021-06-18 09:49:20,1075.75,701416
2021-06-18 09:49:21,1075.65,701427
2021-06-18 09:49:22,1075.7,701539
2021-06-18 09:49:23,1075.2,703049
2021-06-18 09:49:24,1075.65,703150
2021-06-18 09:49:25,1075.25,704011
2021-06-18 09:49:26,1075.25,704011
2021-06-18 09:49:27,1075.25,704011
2021-06-18 09:49:28,1075.7,704115
2021-06-18 09:49:29,1075.3,704168
2021-06-18 09:49:30,1075.0,706189
2021-06-18 09:49:31,1075.0,707005
2021-06-18 09:49:32,1074.5,707661
2021-06-18 09:49:33,1074.9,707762
2021-06-18 09:49:34,1074.25,707903
2021-06-18 09:49:35,1074.5,708285
2021-06-18 09:49:36,1074.95,708596
2021-06-18 09:49:37,1075.0,709007
2021-06-18 09:49:38,1074.15,709053
2021-06-18 09:49:39,1074.85,710696
2021-06-18 09:49:40,1074.15,711093
2021-06-18 09:49:41,1074.85,711146
2021-06-18 09:49:42,1074.95,711167
2021-06-18 09:49:43,1074.15,712381
2021-06-18 09:49:44,1074.0,712491
2021-06-18 09:49:45,1074.45,713169
2021-06-18 09:49:46,1074.1,713239
2021-06-18 09:49:47,1074.6,713284
2021-06-18 09:49:48,1074.55,713435
2021-06-18 09:49:49,1074.05,713942
2021-06-18 09:49:50,1074.7,714043
2021-06-18 09:49:51,1074.65,714390
2021-06-18 09:49:52,1074.7,714440
2021-06-18 09:49:54,1074.5,714671
2021-06-18 09:49:55,1074.2,714866
2021-06-18 09:49:56,1074.15,714877
2021-06-18 09:49:57,1074.15,715005
2021-06-18 09:49:58,1074.55,715056
2021-06-18 09:49:59,1074.65,715168
2021-06-18 09:50:01,1074.2,715295
2021-06-18 09:50:02,1074.5,715737
2021-06-18 09:50:03,1074.5,715737
2021-06-18 09:50:03,1074.0,716946
2021-06-18 09:50:05,1074.0,717026
2021-06-18 09:50:05,1074.0,717026
2021-06-18 09:50:06,1073.7,717368
2021-06-18 09:50:07,1074.25,717568
2021-06-18 09:50:08,1073.9,717607
2021-06-18 09:50:09,1074.4,718240
2021-06-18 09:50:10,1074.4,718240
2021-06-18 09:50:11,1074.8,718395
2021-06-18 09:50:12,1074.4,720382
2021-06-18 09:50:14,1074.5,720886
2021-06-18 09:50:14,1074.5,720886
2021-06-18 09:50:16,1074.6,721628
2021-06-18 09:50:17,1074.6,721628
2021-06-18 09:50:17,1074.6,721628
2021-06-18 09:50:18,1074.3,722074
2021-06-18 09:50:19,1074.35,722102
2021-06-18 09:50:20,1074.55,722105
2021-06-18 09:50:21,1074.75,722296
2021-06-18 09:50:22,1074.75,722296
2021-06-18 09:50:23,1074.35,722427
2021-06-18 09:50:24,1074.75,722428
2021-06-18 09:50:25,1074.7,722711
2021-06-18 09:50:26,1074.7,723388
2021-06-18 09:50:27,1074.7,723518
2021-06-18 09:50:28,1075.0,724476
2021-06-18 09:50:29,1075.0,724532
2021-06-18 09:50:31,1074.5,724892
2021-06-18 09:50:31,1074.5,724902
2021-06-18 09:50:33,1074.5,725412
2021-06-18 09:50:33,1074.5,725412
2021-06-18 09:50:34,1074.9,725443
2021-06-18 09:50:35,1074.9,725512
2021-06-18 09:50:37,1074.9,725553
2021-06-18 09:50:37,1074.9,725553
2021-06-18 09:50:38,1074.9,725564
2021-06-18 09:50:39,1074.9,725574
2021-06-18 09:50:40,1074.75,726321
2021-06-18 09:50:41,1074.75,726463
2021-06-18 09:50:42,1074.75,726537
2021-06-18 09:50:43,1074.6,726565
2021-06-18 09:50:44,1075.0,726643
2021-06-18 09:50:45,1074.6,726755
2021-06-18 09:50:46,1074.85,731407
2021-06-18 09:50:47,1074.85,731407
2021-06-18 09:50:48,1074.45,733224
2021-06-18 09:50:49,1074.35,733225
2021-06-18 09:50:50,1074.35,733225
2021-06-18 09:50:51,1074.05,734238
2021-06-18 09:50:52,1074.05,734399
2021-06-18 09:50:53,1074.35,734455
2021-06-18 09:50:54,1074.55,734464
2021-06-18 09:50:56,1074.75,735153
2021-06-18 09:50:57,1074.5,735476
2021-06-18 09:50:59,1074.3,735480
2021-06-18 09:50:59,1074.3,735480
2021-06-18 09:51:00,1074.55,735523
2021-06-18 09:51:01,1074.55,735523
2021-06-18 09:51:02,1074.75,735530
2021-06-18 09:51:03,1074.8,735641
2021-06-18 09:51:04,1074.8,735801
2021-06-18 09:51:05,1074.8,735801
2021-06-18 09:51:06,1074.8,736111
2021-06-18 09:51:07,1074.8,736255
2021-06-18 09:51:08,1074.3,736956
2021-06-18 09:51:09,1074.35,736966
2021-06-18 09:51:10,1074.35,736966
2021-06-18 09:51:11,1074.65,737067
2021-06-18 09:51:12,1074.4,737130
2021-06-18 09:51:13,1074.65,737742
2021-06-18 09:51:14,1074.8,737840
2021-06-18 09:51:15,1074.55,737928
2021-06-18 09:51:16,1074.85,738210
2021-06-18 09:51:17,1074.8,738222
2021-06-18 09:51:18,1074.3,738234
2021-06-18 09:51:20,1074.75,738249
2021-06-18 09:51:20,1074.25,738257
2021-06-18 09:51:21,1074.75,738268
2021-06-18 09:51:22,1074.2,738349
2021-06-18 09:51:25,1074.15,738741
2021-06-18 09:51:26,1074.15,739385
2021-06-18 09:51:27,1074.6,739888
2021-06-18 09:51:27,1074.1,739898
2021-06-18 09:51:28,1074.1,739898
2021-06-18 09:51:29,1074.1,740500
2021-06-18 09:51:30,1074.1,740500
2021-06-18 09:51:31,1074.1,740500
2021-06-18 09:51:32,1074.65,740578
2021-06-18 09:51:33,1074.9,740801
2021-06-18 09:51:34,1074.15,740847
2021-06-18 09:51:35,1074.15,740994
2021-06-18 09:51:36,1074.15,740994
2021-06-18 09:51:37,1074.15,740994
2021-06-18 09:51:38,1074.85,741285
2021-06-18 09:51:39,1074.2,741391
2021-06-18 09:51:40,1074.2,741391
2021-06-18 09:51:42,1074.2,741391
2021-06-18 09:51:42,1074.75,741394
2021-06-18 09:51:43,1074.2,741439
2021-06-18 09:51:44,1074.2,741514
2021-06-18 09:51:45,1074.2,741514
2021-06-18 09:51:46,1074.2,741771
2021-06-18 09:51:47,1074.65,741782
2021-06-18 09:51:48,1074.65,741782
2021-06-18 09:51:49,1074.65,742007
2021-06-18 09:51:50,1074.65,742007
2021-06-18 09:51:51,1074.25,742047
2021-06-18 09:51:52,1074.25,742143
2021-06-18 09:51:53,1074.65,742163
2021-06-18 09:51:55,1074.3,742169
2021-06-18 09:51:56,1074.3,742169
2021-06-18 09:51:57,1074.5,744677
2021-06-18 09:51:58,1074.5,744677
2021-06-18 09:51:58,1074.5,744677
2021-06-18 09:51:59,1074.5,744792
2021-06-18 09:52:00,1074.05,744798
2021-06-18 09:52:01,1074.0,744873
2021-06-18 09:52:02,1074.1,746725
2021-06-18 09:52:03,1073.65,747076
2021-06-18 09:52:04,1073.65,747076
2021-06-18 09:52:05,1073.55,747676
2021-06-18 09:52:06,1073.55,747676
2021-06-18 09:52:07,1073.3,747836
2021-06-18 09:52:08,1073.05,747956
2021-06-18 09:52:09,1073.1,748238
2021-06-18 09:52:11,1073.7,748368
2021-06-18 09:52:11,1073.65,748377
2021-06-18 09:52:12,1073.2,748546
2021-06-18 09:52:14,1073.55,748744
2021-06-18 09:52:15,1073.1,749386
2021-06-18 09:52:18,1072.25,750830
2021-06-18 09:52:19,1072.1,750892
2021-06-18 09:52:20,1072.4,750976
2021-06-18 09:52:21,1072.0,751646
2021-06-18 09:52:23,1072.35,752362
2021-06-18 09:52:23,1072.0,752865
2021-06-18 09:52:25,1072.1,753047
2021-06-18 09:52:26,1071.75,753201
2021-06-18 09:52:27,1072.4,753782
2021-06-18 09:52:28,1072.15,754569
2021-06-18 09:52:29,1071.85,755275
2021-06-18 09:52:29,1071.85,755275
2021-06-18 09:52:30,1072.0,755694
2021-06-18 09:52:31,1072.0,755748
2021-06-18 09:52:33,1072.25,755773
2021-06-18 09:52:33,1072.05,755818
2021-06-18 09:52:35,1073.0,756565
2021-06-18 09:52:36,1072.25,757328
2021-06-18 09:52:36,1072.4,757528
2021-06-18 09:52:37,1072.0,758601
2021-06-18 09:52:38,1072.0,758601
2021-06-18 09:52:40,1072.25,758631
2021-06-18 09:52:40,1072.25,758631
2021-06-18 09:52:41,1071.65,758971
2021-06-18 09:52:42,1071.65,759181
2021-06-18 09:52:43,1071.6,759239
2021-06-18 09:52:44,1071.6,759247
2021-06-18 09:52:45,1071.65,759583
2021-06-18 09:52:46,1071.5,759638
2021-06-18 09:52:48,1071.5,759701
2021-06-18 09:52:48,1071.75,759791
2021-06-18 09:52:50,1072.2,760070
2021-06-18 09:52:50,1072.0,760178
2021-06-18 09:52:52,1071.55,760180
2021-06-18 09:52:53,1071.8,760190
2021-06-18 09:52:53,1071.8,760190
2021-06-18 09:52:54,1072.25,760556
2021-06-18 09:52:55,1071.8,760709
2021-06-18 09:52:56,1071.7,760960
2021-06-18 09:52:57,1071.8,761027
2021-06-18 09:52:58,1072.25,761188
2021-06-18 09:52:59,1072.0,761970
2021-06-18 09:53:01,1073.55,762194
2021-06-18 09:53:01,1072.95,762204
2021-06-18 09:53:03,1073.0,762548
2021-06-18 09:53:03,1073.0,763548
2021-06-18 09:53:04,1073.0,763548
2021-06-18 09:53:06,1073.3,764255
2021-06-18 09:53:07,1073.2,764971
2021-06-18 09:53:08,1073.3,765221
2021-06-18 09:53:09,1072.75,765317
2021-06-18 09:53:10,1073.1,765335
2021-06-18 09:53:11,1072.95,765354
2021-06-18 09:53:12,1072.95,765354
2021-06-18 09:53:12,1072.75,765573
2021-06-18 09:53:14,1072.75,765573
2021-06-18 09:53:14,1072.45,765643
2021-06-18 09:53:15,1072.9,765654
2021-06-18 09:53:17,1072.5,765819
2021-06-18 09:53:18,1072.9,765834
2021-06-18 09:53:19,1072.5,765874
2021-06-18 09:53:21,1072.5,765923
2021-06-18 09:53:22,1072.9,765932
2021-06-18 09:53:23,1072.8,765967
2021-06-18 09:53:24,1072.75,765970
2021-06-18 09:53:25,1072.6,767675
2021-06-18 09:53:26,1072.4,767783
2021-06-18 09:53:27,1072.75,768827
2021-06-18 09:53:28,1072.45,768867
2021-06-18 09:53:29,1072.45,769447
2021-06-18 09:53:30,1072.75,769742
2021-06-18 09:53:31,1072.75,769767
2021-06-18 09:53:33,1072.45,769769
2021-06-18 09:53:34,1072.45,769770
2021-06-18 09:53:35,1072.75,769799
2021-06-18 09:53:37,1072.45,769900
2021-06-18 09:53:38,1072.65,770025
2021-06-18 09:53:39,1073.3,770492
2021-06-18 09:53:40,1073.6,770625
2021-06-18 09:53:41,1073.45,771007
2021-06-18 09:53:42,1073.45,771007
2021-06-18 09:53:43,1073.45,771189
2021-06-18 09:53:44,1073.85,771191
2021-06-18 09:53:45,1073.35,771193
2021-06-18 09:53:46,1073.9,771244
2021-06-18 09:53:47,1073.9,771308
2021-06-18 09:53:48,1073.8,771330
2021-06-18 09:53:49,1073.8,771344
2021-06-18 09:53:50,1073.6,772154
2021-06-18 09:53:51,1074.0,772373
2021-06-18 09:53:52,1074.15,772493
2021-06-18 09:53:53,1073.65,772510
2021-06-18 09:53:54,1073.7,772522
2021-06-18 09:53:55,1073.75,772554
2021-06-18 09:53:56,1073.75,772588
2021-06-18 09:53:57,1074.2,773530
2021-06-18 09:53:58,1074.2,773655
2021-06-18 09:54:00,1074.5,774228
2021-06-18 09:54:01,1074.95,774853
2021-06-18 09:54:02,1074.9,775482
2021-06-18 09:54:03,1074.5,775811
2021-06-18 09:54:04,1074.5,775846
2021-06-18 09:54:05,1074.1,776549
2021-06-18 09:54:06,1074.3,776647
2021-06-18 09:54:07,1073.95,776667
2021-06-18 09:54:08,1074.3,776671
2021-06-18 09:54:09,1074.3,776671
2021-06-18 09:54:10,1074.3,776932
2021-06-18 09:54:11,1074.7,777256
2021-06-18 09:54:12,1074.7,777256
2021-06-18 09:54:13,1074.9,777769
2021-06-18 09:54:14,1074.6,777780
2021-06-18 09:54:15,1074.5,777802
2021-06-18 09:54:16,1074.9,778204
2021-06-18 09:54:17,1074.5,778279
2021-06-18 09:54:18,1074.95,778479
2021-06-18 09:54:20,1074.95,778479
2021-06-18 09:54:20,1074.95,778479
2021-06-18 09:54:22,1074.55,778575
2021-06-18 09:54:23,1074.55,778587
2021-06-18 09:54:24,1074.55,778587
2021-06-18 09:54:25,1074.95,778634
2021-06-18 09:54:26,1074.5,778954
2021-06-18 09:54:27,1074.5,778962
2021-06-18 09:54:28,1074.5,779084
2021-06-18 09:54:29,1074.7,779837
2021-06-18 09:54:29,1074.7,779837
2021-06-18 09:54:30,1074.7,779837
2021-06-18 09:54:32,1074.7,779837
2021-06-18 09:54:33,1074.6,779887
2021-06-18 09:54:34,1074.8,779888
2021-06-18 09:54:34,1074.8,779888
2021-06-18 09:54:36,1074.4,780244
2021-06-18 09:54:37,1075.0,782151
2021-06-18 09:54:38,1075.15,782186
2021-06-18 09:54:39,1075.25,782708
2021-06-18 09:54:40,1075.25,782708
2021-06-18 09:54:41,1075.2,782713
2021-06-18 09:54:42,1075.15,782803
2021-06-18 09:54:43,1075.15,782803
2021-06-18 09:54:43,1075.15,782803
2021-06-18 09:54:45,1075.85,783918
2021-06-18 09:54:46,1076.0,783928
2021-06-18 09:54:47,1076.35,784552
2021-06-18 09:54:48,1076.1,784565
2021-06-18 09:54:49,1076.1,784565
2021-06-18 09:54:50,1075.3,784668
2021-06-18 09:54:51,1075.6,784878
2021-06-18 09:54:52,1075.0,784987
2021-06-18 09:54:53,1075.0,785102
2021-06-18 09:54:54,1074.55,785180
2021-06-18 09:54:55,1075.0,785210
2021-06-18 09:54:56,1075.0,785210
2021-06-18 09:54:57,1075.35,785295
2021-06-18 09:54:58,1075.45,785305
2021-06-18 09:54:59,1075.3,785355
2021-06-18 09:55:00,1075.3,785355
2021-06-18 09:55:01,1075.3,785355
2021-06-18 09:55:02,1075.0,785893
2021-06-18 09:55:03,1075.15,785913
2021-06-18 09:55:04,1075.15,785913
2021-06-18 09:55:05,1075.15,785938
2021-06-18 09:55:06,1075.1,785982
2021-06-18 09:55:07,1075.1,785982
2021-06-18 09:55:08,1075.0,786102
2021-06-18 09:55:09,1075.0,786102
2021-06-18 09:55:10,1074.5,786354
2021-06-18 09:55:11,1074.9,786355
2021-06-18 09:55:12,1074.9,786355
2021-06-18 09:55:13,1074.9,786355
2021-06-18 09:55:14,1074.85,786432
2021-06-18 09:55:15,1074.85,786432
2021-06-18 09:55:16,1074.85,786559
2021-06-18 09:55:17,1074.55,786609
2021-06-18 09:55:18,1074.85,786770
2021-06-18 09:55:19,1074.5,786771
2021-06-18 09:55:20,1074.5,786871
2021-06-18 09:55:21,1074.5,787071
2021-06-18 09:55:22,1074.5,787071
2021-06-18 09:55:23,1074.85,787073
2021-06-18 09:55:24,1074.85,787282
2021-06-18 09:55:24,1074.85,787282
2021-06-18 09:55:25,1075.1,787293
2021-06-18 09:55:27,1075.05,787309
2021-06-18 09:55:28,1075.05,787393
2021-06-18 09:55:29,1075.1,787394
2021-06-18 09:55:30,1075.05,787417
2021-06-18 09:55:31,1075.2,787667
2021-06-18 09:55:32,1075.2,787667
2021-06-18 09:55:33,1075.05,787867
2021-06-18 09:55:34,1075.05,787867
2021-06-18 09:55:35,1075.05,787873
2021-06-18 09:55:36,1075.05,787873
2021-06-18 09:55:37,1075.45,787887
2021-06-18 09:55:38,1075.45,787887
2021-06-18 09:55:39,1075.35,787893
2021-06-18 09:55:39,1075.35,787893
2021-06-18 09:55:40,1075.5,788329
2021-06-18 09:55:41,1075.45,788379
2021-06-18 09:55:42,1075.45,788507
2021-06-18 09:55:43,1075.45,788507
2021-06-18 09:55:44,1075.45,788523
2021-06-18 09:55:46,1075.55,788562
2021-06-18 09:55:47,1075.45,788620
2021-06-18 09:55:48,1075.55,788635
2021-06-18 09:55:50,1075.55,788635
2021-06-18 09:55:51,1075.45,788640
2021-06-18 09:55:52,1075.45,788640
2021-06-18 09:55:57,1075.45,788750
2021-06-18 09:55:58,1075.45,788751
2021-06-18 09:56:00,1075.45,788751
2021-06-18 09:56:01,1075.05,789549
2021-06-18 09:56:02,1075.05,789549
2021-06-18 09:56:03,1075.05,789935
2021-06-18 09:56:05,1075.4,789936
2021-06-18 09:56:06,1074.95,790098
2021-06-18 09:56:07,1074.5,790241
2021-06-18 09:56:08,1074.5,790241
2021-06-18 09:56:09,1074.0,790430
2021-06-18 09:56:11,1074.3,790957
2021-06-18 09:56:12,1074.3,791208
2021-06-18 09:56:13,1074.3,791383
2021-06-18 09:56:14,1074.3,791383
2021-06-18 09:56:15,1073.95,791408
2021-06-18 09:56:16,1073.95,791408
2021-06-18 09:56:17,1074.3,791608
2021-06-18 09:56:18,1074.3,791608
2021-06-18 09:56:18,1074.3,791608
2021-06-18 09:56:19,1074.3,791608
2021-06-18 09:56:20,1074.9,791614
2021-06-18 09:56:21,1074.95,792148
2021-06-18 09:56:23,1075.05,792309
2021-06-18 09:56:24,1075.05,792309
2021-06-18 09:56:26,1074.9,792585
2021-06-18 09:56:27,1074.9,792585
2021-06-18 09:56:28,1074.75,792743
2021-06-18 09:56:29,1074.75,792743
2021-06-18 09:56:30,1074.75,792743
2021-06-18 09:56:31,1074.2,792818
2021-06-18 09:56:32,1074.25,792824
2021-06-18 09:56:33,1074.25,792824
2021-06-18 09:56:34,1073.9,792854
2021-06-18 09:56:35,1073.9,792854
2021-06-18 09:56:36,1074.4,792903
2021-06-18 09:56:37,1075.15,793053
2021-06-18 09:56:38,1075.15,793053
2021-06-18 09:56:39,1074.55,793086
2021-06-18 09:56:40,1075.0,793148
2021-06-18 09:56:41,1075.0,793148
2021-06-18 09:56:42,1075.0,793148
2021-06-18 09:56:43,1075.3,793848
2021-06-18 09:56:44,1076.1,794078
2021-06-18 09:56:45,1076.1,794078
2021-06-18 09:56:46,1075.35,794237
2021-06-18 09:56:47,1074.95,794257
2021-06-18 09:56:48,1074.95,794257
2021-06-18 09:56:49,1075.15,794405
2021-06-18 09:56:50,1075.0,794688
2021-06-18 09:56:51,1075.0,794688
2021-06-18 09:56:52,1075.3,794698
2021-06-18 09:56:53,1075.0,794718
2021-06-18 09:56:53,1075.0,794718
2021-06-18 09:56:55,1075.0,794718
2021-06-18 09:56:56,1075.3,794735
2021-06-18 09:56:58,1075.0,794777
2021-06-18 09:56:59,1075.0,794777
2021-06-18 09:57:00,1075.0,794912
2021-06-18 09:57:01,1075.0,794912
2021-06-18 09:57:02,1074.2,795477
2021-06-18 09:57:03,1074.2,795477
2021-06-18 09:57:04,1074.55,795478
2021-06-18 09:57:05,1074.55,795478
2021-06-18 09:57:06,1074.55,795774
2021-06-18 09:57:07,1074.55,795774
2021-06-18 09:57:08,1074.55,795774
2021-06-18 09:57:09,1074.25,795778
2021-06-18 09:57:10,1074.25,795778
2021-06-18 09:57:11,1074.55,796028
2021-06-18 09:57:12,1074.2,796220
2021-06-18 09:57:13,1074.2,796226
2021-06-18 09:57:14,1074.0,796389
2021-06-18 09:57:15,1074.25,796597
2021-06-18 09:57:16,1073.95,796638
2021-06-18 09:57:17,1073.95,796638
2021-06-18 09:57:18,1073.55,796746
2021-06-18 09:57:19,1073.55,796780
2021-06-18 09:57:20,1073.55,796780
2021-06-18 09:57:21,1073.5,796911
2021-06-18 09:57:22,1073.5,796911
2021-06-18 09:57:23,1073.5,796911
2021-06-18 09:57:24,1074.0,796921
2021-06-18 09:57:25,1074.0,796926
2021-06-18 09:57:26,1074.0,796926
2021-06-18 09:57:27,1073.55,796976
2021-06-18 09:57:28,1073.55,797098
2021-06-18 09:57:29,1073.55,797153
2021-06-18 09:57:30,1073.55,797154
2021-06-18 09:57:31,1073.55,797154
2021-06-18 09:57:32,1073.55,797154
2021-06-18 09:57:33,1073.55,797165
2021-06-18 09:57:35,1073.5,797442
2021-06-18 09:57:38,1073.45,797518
2021-06-18 09:57:39,1073.55,797529
2021-06-18 09:57:40,1073.05,797546
2021-06-18 09:57:40,1073.05,797546
2021-06-18 09:57:42,1073.05,797546
2021-06-18 09:57:43,1073.55,797549
2021-06-18 09:57:44,1073.55,797549
2021-06-18 09:57:45,1073.2,797551
2021-06-18 09:57:46,1073.2,797551
2021-06-18 09:57:47,1073.0,797891
2021-06-18 09:57:48,1073.0,797891
2021-06-18 09:57:51,1072.5,798333
2021-06-18 09:57:52,1072.5,798333
2021-06-18 09:57:53,1072.45,798338
2021-06-18 09:57:54,1072.45,798582
2021-06-18 09:57:55,1072.85,798595
2021-06-18 09:57:56,1072.85,798595
2021-06-18 09:57:57,1072.55,798685
2021-06-18 09:57:58,1072.35,798837
2021-06-18 09:57:59,1072.35,798837
2021-06-18 09:58:00,1072.45,798850
2021-06-18 09:58:01,1072.75,798851
2021-06-18 09:58:02,1072.45,798881
2021-06-18 09:58:03,1072.75,798921
2021-06-18 09:58:04,1072.75,798921
2021-06-18 09:58:05,1072.75,798921
2021-06-18 09:58:06,1072.75,798921
2021-06-18 09:58:07,1072.75,798921
2021-06-18 09:58:08,1072.7,798971
2021-06-18 09:58:10,1072.7,798971
2021-06-18 09:58:11,1072.45,799023
2021-06-18 09:58:12,1072.4,799030
2021-06-18 09:58:13,1072.4,799030
2021-06-18 09:58:14,1072.1,799898
2021-06-18 09:58:15,1072.1,799898
2021-06-18 09:58:16,1072.1,800077
2021-06-18 09:58:17,1072.1,800077
2021-06-18 09:58:18,1072.0,800680
2021-06-18 09:58:19,1072.45,800704
2021-06-18 09:58:20,1072.45,800741
2021-06-18 09:58:21,1072.45,800741
2021-06-18 09:58:23,1072.4,800757
2021-06-18 09:58:24,1072.4,800787
2021-06-18 09:58:25,1072.45,800923
2021-06-18 09:58:26,1072.45,800925
2021-06-18 09:58:27,1072.45,801125
2021-06-18 09:58:28,1072.45,801125
2021-06-18 09:58:29,1072.35,801994
2021-06-18 09:58:30,1072.35,801994
2021-06-18 09:58:31,1072.35,802074
2021-06-18 09:58:32,1072.35,802082
2021-06-18 09:58:33,1072.35,802082
2021-06-18 09:58:34,1072.35,802082
2021-06-18 09:58:35,1072.35,802134
2021-06-18 09:58:36,1072.35,802139
2021-06-18 09:58:37,1072.35,802141
2021-06-18 09:58:38,1072.4,802867
2021-06-18 09:58:39,1072.4,802867
2021-06-18 09:58:40,1072.75,802884
2021-06-18 09:58:41,1072.45,802990
2021-06-18 09:58:42,1072.45,802990
2021-06-18 09:58:43,1071.7,804787
2021-06-18 09:58:44,1071.95,804849
2021-06-18 09:58:45,1071.95,804849
2021-06-18 09:58:46,1071.5,805127
2021-06-18 09:58:48,1071.85,805128
2021-06-18 09:58:47,1071.5,805127
2021-06-18 09:58:49,1071.85,805131
2021-06-18 09:58:50,1071.5,805139
2021-06-18 09:58:51,1071.45,805149
2021-06-18 09:58:52,1071.5,805208
2021-06-18 09:58:53,1071.5,805210
2021-06-18 09:58:54,1071.65,805223
2021-06-18 09:58:55,1071.65,805223
2021-06-18 09:58:56,1071.65,805223
2021-06-18 09:58:57,1071.4,805411
2021-06-18 09:58:58,1071.4,805411
2021-06-18 09:58:59,1071.4,805411
2021-06-18 09:59:00,1071.5,806409
2021-06-18 09:59:01,1071.35,806459
2021-06-18 09:59:02,1071.5,809070
2021-06-18 09:59:03,1071.5,809081
2021-06-18 09:59:04,1071.4,809130
2021-06-18 09:59:05,1071.45,809211
2021-06-18 09:59:06,1071.45,809211
2021-06-18 09:59:07,1071.45,809211
2021-06-18 09:59:08,1071.45,809211
2021-06-18 09:59:09,1071.5,809311
2021-06-18 09:59:10,1071.5,809616
2021-06-18 09:59:11,1072.0,809622
2021-06-18 09:59:12,1072.0,809622
2021-06-18 09:59:13,1072.35,809679
2021-06-18 09:59:14,1072.35,809697
2021-06-18 09:59:15,1072.35,809714
2021-06-18 09:59:16,1072.1,810347
2021-06-18 09:59:17,1072.1,810347
2021-06-18 09:59:19,1072.05,810415
2021-06-18 09:59:20,1072.5,810854
2021-06-18 09:59:21,1072.05,810859
2021-06-18 09:59:22,1072.05,810909
2021-06-18 09:59:23,1072.45,811462
2021-06-18 09:59:24,1072.0,811725
2021-06-18 09:59:25,1071.7,811745
2021-06-18 09:59:26,1072.1,811765
2021-06-18 09:59:27,1072.1,812091
2021-06-18 09:59:28,1071.95,812115
2021-06-18 09:59:29,1071.95,812115
2021-06-18 09:59:30,1071.9,812138
2021-06-18 09:59:31,1071.4,812389
2021-06-18 09:59:32,1071.4,812417
2021-06-18 09:59:33,1071.35,812446
2021-06-18 09:59:34,1071.35,812446
2021-06-18 09:59:35,1071.35,812446
2021-06-18 09:59:36,1071.8,812461
2021-06-18 09:59:37,1071.8,812461
2021-06-18 09:59:38,1071.4,812592
2021-06-18 09:59:39,1071.8,812690
2021-06-18 09:59:40,1071.8,812690
2021-06-18 09:59:41,1071.8,812709
2021-06-18 09:59:42,1071.35,813709
2021-06-18 09:59:43,1071.8,814069
2021-06-18 09:59:44,1071.8,814169
2021-06-18 09:59:45,1071.4,814177
2021-06-18 09:59:46,1071.8,814794
2021-06-18 09:59:47,1071.8,814794
2021-06-18 09:59:48,1071.35,814911
2021-06-18 09:59:49,1071.75,816428
2021-06-18 09:59:50,1071.4,816458
2021-06-18 09:59:51,1071.2,816620
2021-06-18 09:59:53,1072.2,817172
2021-06-18 09:59:54,1071.85,817175
2021-06-18 09:59:55,1071.8,817204
2021-06-18 09:59:57,1071.55,817268
2021-06-18 09:59:58,1071.55,817268
2021-06-18 09:59:59,1071.55,817268
2021-06-18 10:00:00,1072.0,817904
2021-06-18 10:00:01,1072.0,818036
2021-06-18 10:00:02,1072.0,818036
2021-06-18 10:00:03,1072.0,818036
2021-06-18 10:00:04,1072.0,818103
2021-06-18 10:00:05,1072.0,818103
2021-06-18 10:00:06,1072.0,818128
2021-06-18 10:00:07,1072.0,818550
2021-06-18 10:00:08,1073.0,819485
2021-06-18 10:00:09,1073.1,819535
2021-06-18 10:00:10,1073.1,819535
2021-06-18 10:00:11,1073.0,819544
2021-06-18 10:00:12,1072.95,819614
2021-06-18 10:00:13,1073.0,819616
2021-06-18 10:00:14,1071.95,820988
2021-06-18 10:00:15,1071.4,821006
2021-06-18 10:00:16,1071.4,821030
2021-06-18 10:00:18,1071.4,821030
2021-06-18 10:00:19,1071.85,821207
2021-06-18 10:00:20,1071.4,821384
2021-06-18 10:00:21,1071.75,821461
2021-06-18 10:00:22,1071.75,821523
2021-06-18 10:00:23,1071.4,821676
2021-06-18 10:00:24,1071.3,821896
2021-06-18 10:00:25,1071.0,822011
2021-06-18 10:00:26,1071.45,822049
2021-06-18 10:00:27,1071.0,822226
2021-06-18 10:00:28,1071.35,822254
2021-06-18 10:00:29,1071.0,822266
2021-06-18 10:00:30,1071.0,822266
2021-06-18 10:00:31,1071.35,822416
2021-06-18 10:00:32,1071.0,822497
2021-06-18 10:00:33,1071.0,822497
2021-06-18 10:00:34,1071.25,822508
2021-06-18 10:00:35,1071.25,822508
2021-06-18 10:00:36,1071.25,822534
2021-06-18 10:00:37,1071.25,822605
2021-06-18 10:00:38,1071.35,822618
2021-06-18 10:00:39,1071.35,822618
2021-06-18 10:00:40,1071.35,822618
2021-06-18 10:00:41,1071.35,822619
2021-06-18 10:00:42,1071.7,822635
2021-06-18 10:00:43,1071.7,822635
2021-06-18 10:00:44,1071.7,822635
2021-06-18 10:00:45,1071.85,822685
2021-06-18 10:00:46,1071.85,822685
2021-06-18 10:00:47,1071.85,822685
2021-06-18 10:00:48,1071.75,822795
2021-06-18 10:00:49,1071.75,822795
2021-06-18 10:00:50,1071.0,825183
2021-06-18 10:00:51,1070.85,825269
2021-06-18 10:00:52,1071.2,825313
2021-06-18 10:00:53,1071.2,825339
2021-06-18 10:00:54,1071.2,825703
2021-06-18 10:00:55,1071.25,825831
2021-06-18 10:00:56,1071.2,825832
2021-06-18 10:00:57,1071.2,825932
2021-06-18 10:00:58,1071.0,825982
2021-06-18 10:00:59,1070.85,826182
2021-06-18 10:01:00,1070.85,826294
2021-06-18 10:01:01,1070.85,826294
2021-06-18 10:01:02,1070.7,826718
2021-06-18 10:01:03,1070.7,826718
2021-06-18 10:01:04,1070.7,827211
2021-06-18 10:01:05,1070.8,829681
2021-06-18 10:01:07,1070.8,829681
2021-06-18 10:01:08,1070.8,829711
2021-06-18 10:01:09,1071.0,829761
2021-06-18 10:01:10,1071.0,830277
2021-06-18 10:01:11,1071.0,830277
2021-06-18 10:01:12,1070.85,830365
2021-06-18 10:01:13,1070.85,830365
2021-06-18 10:01:14,1070.7,830406
2021-06-18 10:01:15,1071.4,830416
2021-06-18 10:01:16,1070.85,830436
2021-06-18 10:01:16,1070.85,830486
2021-06-18 10:01:17,1070.85,830486
2021-06-18 10:01:18,1070.85,830486
2021-06-18 10:01:19,1070.85,830486
2021-06-18 10:01:20,1070.7,830506
2021-06-18 10:01:21,1070.6,830596
2021-06-18 10:01:24,1070.55,832720
2021-06-18 10:01:25,1070.55,832720
2021-06-18 10:01:26,1070.4,833037
2021-06-18 10:01:27,1070.4,833037
2021-06-18 10:01:28,1070.35,833146
2021-06-18 10:01:29,1070.5,833220
2021-06-18 10:01:30,1070.85,833240
2021-06-18 10:01:31,1070.5,833300
2021-06-18 10:01:32,1071.25,833933
2021-06-18 10:01:33,1070.4,833948
2021-06-18 10:01:34,1070.4,833948
2021-06-18 10:01:35,1070.3,834216
2021-06-18 10:01:36,1070.3,834216
2021-06-18 10:01:37,1070.65,834291
2021-06-18 10:01:38,1070.1,834451
2021-06-18 10:01:39,1070.1,834777
2021-06-18 10:01:40,1070.3,834779
2021-06-18 10:01:41,1070.3,834779
2021-06-18 10:01:42,1070.25,836863
2021-06-18 10:01:43,1070.25,836863
2021-06-18 10:01:44,1070.9,837125
2021-06-18 10:01:46,1071.05,837733
2021-06-18 10:01:47,1071.0,838005
2021-06-18 10:01:48,1071.4,838014
2021-06-18 10:01:49,1071.35,838278
2021-06-18 10:01:51,1072.4,839235
2021-06-18 10:01:51,1071.2,839435
2021-06-18 10:01:52,1071.2,839435
2021-06-18 10:01:54,1071.2,839435
2021-06-18 10:01:55,1071.2,839435
2021-06-18 10:01:56,1071.2,839435
2021-06-18 10:01:57,1071.2,839435
2021-06-18 10:01:58,1071.45,839521
2021-06-18 10:01:59,1071.6,839526
2021-06-18 10:02:00,1071.3,839552
2021-06-18 10:02:01,1071.3,839552
2021-06-18 10:02:02,1071.5,839572
2021-06-18 10:02:03,1071.5,839572
2021-06-18 10:02:04,1071.5,839572
2021-06-18 10:02:05,1071.3,839627
2021-06-18 10:02:06,1071.85,839641
2021-06-18 10:02:07,1071.85,839641
2021-06-18 10:02:08,1071.3,839941
2021-06-18 10:02:09,1071.3,839941
2021-06-18 10:02:10,1071.95,839942
2021-06-18 10:02:11,1071.95,839942
2021-06-18 10:02:12,1071.45,840017
2021-06-18 10:02:13,1071.95,840018
2021-06-18 10:02:14,1071.7,840028
2021-06-18 10:02:15,1071.7,840058
2021-06-18 10:02:16,1071.7,840080
2021-06-18 10:02:17,1071.95,840085
2021-06-18 10:02:18,1071.7,840095
2021-06-18 10:02:19,1071.95,840185
2021-06-18 10:02:20,1071.4,840752
2021-06-18 10:02:22,1071.0,841106
2021-06-18 10:02:23,1071.7,841360
2021-06-18 10:02:23,1072.2,841429
2021-06-18 10:02:25,1071.5,841555
2021-06-18 10:02:25,1071.5,841555
2021-06-18 10:02:26,1072.0,841572
2021-06-18 10:02:27,1072.0,841572
2021-06-18 10:02:28,1072.0,841572
2021-06-18 10:02:29,1072.0,841572
2021-06-18 10:02:30,1072.45,841612
2021-06-18 10:02:31,1072.45,841612
2021-06-18 10:02:32,1072.45,841612
2021-06-18 10:02:33,1072.25,841617
2021-06-18 10:02:34,1072.35,841655
2021-06-18 10:02:35,1072.35,841655
2021-06-18 10:02:37,1072.1,843155
2021-06-18 10:02:38,1072.45,843414
2021-06-18 10:02:41,1072.9,843612
2021-06-18 10:02:42,1073.15,843984
2021-06-18 10:02:43,1072.9,844157
2021-06-18 10:02:44,1073.25,844211
2021-06-18 10:02:45,1073.25,844221
2021-06-18 10:02:46,1073.55,844231
2021-06-18 10:02:46,1073.55,844246
2021-06-18 10:02:47,1073.55,844246
2021-06-18 10:02:48,1073.45,844256
2021-06-18 10:02:49,1073.9,844356
2021-06-18 10:02:51,1073.8,844463
2021-06-18 10:02:52,1073.8,844480
2021-06-18 10:02:53,1073.8,844480
2021-06-18 10:02:54,1073.8,844480
2021-06-18 10:02:55,1074.1,844721
2021-06-18 10:02:56,1074.4,844777
2021-06-18 10:02:56,1074.4,844777
2021-06-18 10:02:58,1074.55,844790
2021-06-18 10:02:59,1074.7,845068
2021-06-18 10:03:00,1074.7,845135
2021-06-18 10:03:01,1074.7,845175
2021-06-18 10:03:02,1074.75,845676
2021-06-18 10:03:03,1075.0,847036
2021-06-18 10:03:03,1074.5,847333
2021-06-18 10:03:04,1075.0,847391
2021-06-18 10:03:05,1074.55,847442
2021-06-18 10:03:06,1074.55,847442
2021-06-18 10:03:07,1075.0,847597
2021-06-18 10:03:08,1075.6,847741
2021-06-18 10:03:10,1075.15,847800
2021-06-18 10:03:11,1075.25,847816
2021-06-18 10:03:12,1075.25,847856
2021-06-18 10:03:12,1075.25,847856
2021-06-18 10:03:15,1075.5,848685
2021-06-18 10:03:16,1075.55,848836
2021-06-18 10:03:16,1076.15,848871
2021-06-18 10:03:17,1075.55,849082
2021-06-18 10:03:18,1075.65,849284
2021-06-18 10:03:19,1075.65,849313
2021-06-18 10:03:20,1076.4,849363
2021-06-18 10:03:21,1075.8,849401
2021-06-18 10:03:22,1076.4,849433
2021-06-18 10:03:24,1076.4,849591
2021-06-18 10:03:24,1076.5,850105
2021-06-18 10:03:25,1077.4,852419
2021-06-18 10:03:26,1076.4,853244
2021-06-18 10:03:27,1076.4,853566
2021-06-18 10:03:28,1077.05,853732
2021-06-18 10:03:29,1076.8,853991
2021-06-18 10:03:30,1077.25,854725
2021-06-18 10:03:31,1076.6,855001
2021-06-18 10:03:32,1077.1,855563
2021-06-18 10:03:33,1076.8,855701
2021-06-18 10:03:35,1076.95,856073
2021-06-18 10:03:35,1076.5,856451
2021-06-18 10:03:36,1076.95,856507
2021-06-18 10:03:38,1076.6,856719
2021-06-18 10:03:39,1076.65,856767
2021-06-18 10:03:40,1077.2,856818
2021-06-18 10:03:40,1077.2,856818
2021-06-18 10:03:41,1076.9,856828
2021-06-18 10:03:42,1076.9,856828
2021-06-18 10:03:43,1077.65,857278
2021-06-18 10:03:44,1077.85,857523
2021-06-18 10:03:45,1077.75,857911
2021-06-18 10:03:46,1078.0,858352
2021-06-18 10:03:47,1077.1,860378
2021-06-18 10:03:48,1077.0,864452
2021-06-18 10:03:49,1077.0,865228
2021-06-18 10:03:50,1076.9,865576
2021-06-18 10:03:51,1077.0,865998
2021-06-18 10:03:52,1077.0,866427
2021-06-18 10:03:53,1077.0,866487
2021-06-18 10:03:54,1077.0,866557
2021-06-18 10:03:55,1077.3,866763
2021-06-18 10:03:56,1077.55,866993
2021-06-18 10:03:57,1077.15,867397
2021-06-18 10:03:58,1077.0,867896
2021-06-18 10:04:00,1076.7,868794
2021-06-18 10:04:01,1077.0,868864
2021-06-18 10:04:02,1076.4,868867
2021-06-18 10:04:03,1076.4,869025
2021-06-18 10:04:04,1077.0,871094
2021-06-18 10:04:05,1076.6,871701
2021-06-18 10:04:06,1076.6,871813
2021-06-18 10:04:07,1076.6,871838
2021-06-18 10:04:07,1076.6,871838
2021-06-18 10:04:08,1077.25,872072
2021-06-18 10:04:09,1076.7,872253
2021-06-18 10:04:10,1076.7,872253
2021-06-18 10:04:12,1076.7,872253
2021-06-18 10:04:14,1077.0,872353
2021-06-18 10:04:14,1077.75,873353
2021-06-18 10:04:16,1077.05,873705
2021-06-18 10:04:17,1076.6,873840
2021-06-18 10:04:18,1076.6,873857
2021-06-18 10:04:19,1076.6,873857
2021-06-18 10:04:21,1077.45,873999
2021-06-18 10:04:22,1076.95,874011
2021-06-18 10:04:23,1076.9,874032
2021-06-18 10:04:24,1077.5,874245
2021-06-18 10:04:25,1077.0,874326
2021-06-18 10:04:26,1077.25,874778
2021-06-18 10:04:27,1077.85,874908
2021-06-18 10:04:28,1077.3,874998
2021-06-18 10:04:29,1077.3,875042
2021-06-18 10:04:30,1077.2,875342
2021-06-18 10:04:31,1077.25,875437
2021-06-18 10:04:32,1077.25,875437
2021-06-18 10:04:33,1077.7,875440
2021-06-18 10:04:34,1077.65,875457
2021-06-18 10:04:35,1077.65,875457
2021-06-18 10:04:36,1077.45,875468
2021-06-18 10:04:37,1077.95,875503
2021-06-18 10:04:38,1077.9,875544
2021-06-18 10:04:39,1078.0,875879
2021-06-18 10:04:40,1078.0,876214
2021-06-18 10:04:41,1078.0,878177
2021-06-18 10:04:42,1078.15,878910
2021-06-18 10:04:43,1077.65,879073
2021-06-18 10:04:44,1077.5,879151
2021-06-18 10:04:45,1077.5,879216
2021-06-18 10:04:46,1077.55,879228
2021-06-18 10:04:47,1077.5,879303
2021-06-18 10:04:47,1077.5,879353
2021-06-18 10:04:48,1077.5,879367
2021-06-18 10:04:49,1077.5,879367
2021-06-18 10:04:50,1077.5,879367
2021-06-18 10:04:51,1077.5,879367
2021-06-18 10:04:52,1077.5,879367
2021-06-18 10:04:53,1078.45,879429
2021-06-18 10:04:54,1077.9,879449
2021-06-18 10:04:55,1077.8,880439
2021-06-18 10:04:57,1079.0,881803
2021-06-18 10:04:58,1078.6,882504
2021-06-18 10:04:59,1078.6,882647
2021-06-18 10:05:00,1079.35,883701
2021-06-18 10:05:01,1078.5,884101
2021-06-18 10:05:01,1078.65,884116
2021-06-18 10:05:02,1079.2,884252
2021-06-18 10:05:04,1078.8,884422
2021-06-18 10:05:05,1078.65,884695
2021-06-18 10:05:07,1079.0,884864
2021-06-18 10:05:07,1078.85,884874
2021-06-18 10:05:08,1079.75,885576
2021-06-18 10:05:09,1079.1,885710
2021-06-18 10:05:10,1079.5,885730
2021-06-18 10:05:11,1079.5,885730
2021-06-18 10:05:13,1079.65,885731
2021-06-18 10:05:14,1079.55,886394
2021-06-18 10:05:15,1079.65,886630
2021-06-18 10:05:16,1079.8,886653
2021-06-18 10:05:17,1079.65,887203
2021-06-18 10:05:18,1079.65,887804
2021-06-18 10:05:19,1079.65,888007
2021-06-18 10:05:20,1079.95,888077
2021-06-18 10:05:21,1079.35,888335
2021-06-18 10:05:22,1079.1,888336
2021-06-18 10:05:23,1079.95,888495
2021-06-18 10:05:24,1079.95,889694
2021-06-18 10:05:25,1079.1,890065
2021-06-18 10:05:26,1079.05,890309
2021-06-18 10:05:27,1078.0,890434
2021-06-18 10:05:28,1077.85,890542
2021-06-18 10:05:29,1077.7,890553
2021-06-18 10:05:30,1077.55,890657
2021-06-18 10:05:31,1078.0,890804
2021-06-18 10:05:32,1078.25,890824
2021-06-18 10:05:33,1078.25,890824
2021-06-18 10:05:34,1078.25,890829
2021-06-18 10:05:35,1078.25,890829
2021-06-18 10:05:36,1078.25,890829
2021-06-18 10:05:37,1078.0,890834
2021-06-18 10:05:37,1078.0,890834
2021-06-18 10:05:38,1078.0,890834
2021-06-18 10:05:39,1078.0,891212
2021-06-18 10:05:40,1077.65,891226
2021-06-18 10:05:41,1077.5,891260
2021-06-18 10:05:43,1077.35,891319
2021-06-18 10:05:44,1077.35,891319
2021-06-18 10:05:45,1078.0,891392
2021-06-18 10:05:46,1077.7,891464
2021-06-18 10:05:46,1078.65,891624
2021-06-18 10:05:47,1077.95,891934
2021-06-18 10:05:48,1077.95,891983
2021-06-18 10:05:49,1078.2,891993
2021-06-18 10:05:50,1077.7,892493
2021-06-18 10:05:51,1077.75,892591
2021-06-18 10:05:52,1077.75,892591
2021-06-18 10:05:54,1077.95,892596
2021-06-18 10:05:55,1078.55,896216
2021-06-18 10:05:57,1077.8,896909
2021-06-18 10:05:58,1078.2,896944
2021-06-18 10:05:59,1078.0,897559
2021-06-18 10:06:00,1077.85,897665
2021-06-18 10:06:01,1077.8,897715
2021-06-18 10:06:02,1077.8,897715
2021-06-18 10:06:02,1077.8,897715
2021-06-18 10:06:03,1078.25,897727
2021-06-18 10:06:04,1078.25,897727
2021-06-18 10:06:05,1077.9,897737
2021-06-18 10:06:06,1077.9,897737
2021-06-18 10:06:07,1077.9,897737
2021-06-18 10:06:09,1078.0,897748
2021-06-18 10:06:10,1077.95,897765
2021-06-18 10:06:11,1077.95,897765
2021-06-18 10:06:12,1078.05,897768
2021-06-18 10:06:13,1078.05,897768
2021-06-18 10:06:14,1078.0,897771
2021-06-18 10:06:15,1078.0,897771
2021-06-18 10:06:16,1078.0,897771
2021-06-18 10:06:18,1078.0,897771
2021-06-18 10:06:19,1077.9,897782
2021-06-18 10:06:20,1078.0,897785
2021-06-18 10:06:21,1077.9,897797
2021-06-18 10:06:22,1077.9,897807
2021-06-18 10:06:23,1078.5,899998
2021-06-18 10:06:24,1078.0,901144
2021-06-18 10:06:25,1078.3,901354
2021-06-18 10:06:26,1078.0,901373
2021-06-18 10:06:26,1078.0,901376
2021-06-18 10:06:27,1078.2,902263
2021-06-18 10:06:29,1078.2,902263
2021-06-18 10:06:30,1077.9,902636
2021-06-18 10:06:31,1078.0,903293
2021-06-18 10:06:31,1078.0,903793
2021-06-18 10:06:32,1078.0,904731
2021-06-18 10:06:33,1077.6,904747
2021-06-18 10:06:34,1077.6,904857
2021-06-18 10:06:35,1077.5,904911
2021-06-18 10:06:37,1077.5,904911
2021-06-18 10:06:37,1077.5,904911
2021-06-18 10:06:39,1077.55,904923
2021-06-18 10:06:40,1077.55,904931
2021-06-18 10:06:41,1078.0,904951
2021-06-18 10:06:43,1078.0,904951
2021-06-18 10:06:44,1078.0,904956
2021-06-18 10:06:45,1078.0,904956
2021-06-18 10:06:46,1078.0,904962
2021-06-18 10:06:47,1078.0,905126
2021-06-18 10:06:48,1078.0,905218
2021-06-18 10:06:49,1078.0,905218
2021-06-18 10:06:49,1078.0,905218
2021-06-18 10:06:51,1078.0,905218
2021-06-18 10:06:52,1078.0,905538
2021-06-18 10:06:53,1078.0,905639
2021-06-18 10:06:54,1078.0,905639
2021-06-18 10:06:55,1078.0,905639
2021-06-18 10:06:56,1078.0,905639
2021-06-18 10:06:57,1077.9,905769
2021-06-18 10:06:58,1077.5,905875
2021-06-18 10:06:59,1077.85,905937
