timestamp,ltp,volume
2021-06-18 09:18:43,6702.4,10296
2021-06-18 09:18:44,6700.0,10297
2021-06-18 09:18:45,6702.4,10300
2021-06-18 09:18:46,6702.4,10300
2021-06-18 09:18:47,6702.4,10300
2021-06-18 09:18:48,6702.4,10300
2021-06-18 09:18:49,6702.4,10350
2021-06-18 09:18:50,6702.4,10350
2021-06-18 09:18:51,6700.0,10454
2021-06-18 09:18:53,6698.15,10506
2021-06-18 09:18:54,6698.15,10506
2021-06-18 09:18:55,6698.15,10506
2021-06-18 09:18:56,6698.15,10506
2021-06-18 09:18:57,6698.15,10506
2021-06-18 09:18:58,6698.15,10506
2021-06-18 09:18:58,6698.15,10506
2021-06-18 09:18:59,6698.15,10506
2021-06-18 09:19:00,6698.15,10506
2021-06-18 09:19:01,6700.0,10513
2021-06-18 09:19:02,6700.0,10513
2021-06-18 09:19:04,6702.35,10526
2021-06-18 09:19:05,6702.35,10526
2021-06-18 09:19:06,6707.3,10551
2021-06-18 09:19:08,6698.0,11021
2021-06-18 09:19:08,6698.0,11021
2021-06-18 09:19:09,6698.0,11021
2021-06-18 09:19:10,6698.0,11021
2021-06-18 09:19:11,6698.0,11021
2021-06-18 09:19:12,6698.0,11021
2021-06-18 09:19:13,6702.55,11188
2021-06-18 09:19:14,6702.55,11188
2021-06-18 09:19:15,6699.35,11208
2021-06-18 09:19:16,6699.35,11208
2021-06-18 09:19:17,6699.35,11208
2021-06-18 09:19:18,6699.35,11208
2021-06-18 09:19:19,6703.0,11282
2021-06-18 09:19:20,6703.0,11297
2021-06-18 09:19:21,6703.0,11297
2021-06-18 09:19:22,6703.0,11331
2021-06-18 09:19:23,6703.0,11331
2021-06-18 09:19:24,6707.0,11356
2021-06-18 09:19:25,6707.55,11524
2021-06-18 09:19:26,6708.25,11595
2021-06-18 09:19:27,6704.95,11860
2021-06-18 09:19:28,6704.95,11860
2021-06-18 09:19:29,6704.95,11860
2021-06-18 09:19:30,6707.55,11862
2021-06-18 09:19:31,6707.55,11862
2021-06-18 09:19:35,6713.55,11917
2021-06-18 09:19:35,6708.4,11922
2021-06-18 09:19:36,6708.4,11922
2021-06-18 09:19:37,6708.4,11922
2021-06-18 09:19:38,6708.4,11922
2021-06-18 09:19:39,6713.15,11923
2021-06-18 09:19:41,6713.15,11923
2021-06-18 09:19:41,6713.15,11923
2021-06-18 09:19:42,6713.15,11923
2021-06-18 09:19:44,6715.0,12033
2021-06-18 09:19:44,6715.0,12033
2021-06-18 09:19:45,6713.95,12086
2021-06-18 09:19:46,6713.0,12102
2021-06-18 09:19:47,6713.0,12102
2021-06-18 09:19:48,6713.0,12102
2021-06-18 09:19:49,6713.0,12102
2021-06-18 09:19:52,6713.8,12104
2021-06-18 09:19:52,6713.8,12104
2021-06-18 09:19:53,6713.8,12104
2021-06-18 09:19:54,6713.8,12104
2021-06-18 09:19:55,6713.8,12104
2021-06-18 09:19:56,6714.0,12105
2021-06-18 09:19:57,6714.0,12105
2021-06-18 09:19:58,6714.0,12105
2021-06-18 09:19:59,6716.7,12116
2021-06-18 09:20:01,6716.7,12116
2021-06-18 09:20:01,6716.7,12116
2021-06-18 09:20:02,6716.7,12116
2021-06-18 09:20:03,6716.7,12116
2021-06-18 09:20:04,6717.0,12127
2021-06-18 09:20:05,6717.0,12127
2021-06-18 09:20:07,6714.75,12142
2021-06-18 09:20:08,6714.75,12142
2021-06-18 09:20:08,6713.0,12415
2021-06-18 09:20:09,6714.65,12450
2021-06-18 09:20:10,6714.65,12450
2021-06-18 09:20:11,6714.65,12532
2021-06-18 09:20:12,6714.5,12608
2021-06-18 09:20:14,6714.9,12647
2021-06-18 09:20:15,6715.8,12658
2021-06-18 09:20:15,6715.8,12658
2021-06-18 09:20:16,6715.8,12658
2021-06-18 09:20:17,6715.8,12658
2021-06-18 09:20:18,6716.7,12660
2021-06-18 09:20:19,6716.8,12712
2021-06-18 09:20:20,6716.8,12712
2021-06-18 09:20:21,6716.4,12734
2021-06-18 09:20:22,6716.4,12734
2021-06-18 09:20:23,6714.0,12754
2021-06-18 09:20:25,6715.0,12771
2021-06-18 09:20:26,6715.0,12771
2021-06-18 09:20:27,6715.0,12771
2021-06-18 09:20:28,6715.0,12802
2021-06-18 09:20:29,6721.55,12852
2021-06-18 09:20:30,6717.95,12877
2021-06-18 09:20:31,6721.3,12957
2021-06-18 09:20:31,6721.55,12987
2021-06-18 09:20:32,6721.55,12987
2021-06-18 09:20:34,6718.8,12997
2021-06-18 09:20:34,6719.25,13001
2021-06-18 09:20:36,6719.25,13001
2021-06-18 09:20:37,6719.4,13050
2021-06-18 09:20:38,6718.45,13158
2021-06-18 09:20:39,6718.45,13158
2021-06-18 09:20:40,6722.0,13159
2021-06-18 09:20:42,6721.0,13175
2021-06-18 09:20:43,6721.0,13175
2021-06-18 09:20:44,6718.85,13176
2021-06-18 09:20:45,6718.85,13176
2021-06-18 09:20:46,6718.85,13176
2021-06-18 09:20:47,6718.3,13227
2021-06-18 09:20:48,6718.3,13227
2021-06-18 09:20:49,6715.8,13429
2021-06-18 09:20:50,6716.25,13454
2021-06-18 09:20:52,6715.9,13484
2021-06-18 09:20:53,6715.9,13484
2021-06-18 09:20:54,6715.9,13484
2021-06-18 09:20:55,6712.8,13486
2021-06-18 09:20:56,6712.8,13490
2021-06-18 09:20:57,6712.8,13490
2021-06-18 09:20:58,6712.45,13507
2021-06-18 09:20:59,6713.9,13510
2021-06-18 09:21:00,6716.15,13512
2021-06-18 09:21:00,6716.15,13512
2021-06-18 09:21:01,6716.15,13512
2021-06-18 09:21:02,6716.15,13512
2021-06-18 09:21:03,6714.95,13532
2021-06-18 09:21:04,6712.4,13535
2021-06-18 09:21:05,6712.4,13535
2021-06-18 09:21:06,6712.4,13535
2021-06-18 09:21:07,6712.2,13625
2021-06-18 09:21:08,6711.6,13626
2021-06-18 09:21:10,6711.6,13626
2021-06-18 09:21:11,6710.0,13629
2021-06-18 09:21:12,6710.0,13629
2021-06-18 09:21:12,6708.85,13641
2021-06-18 09:21:13,6708.85,13641
2021-06-18 09:21:14,6708.85,13641
2021-06-18 09:21:15,6708.85,13641
2021-06-18 09:21:16,6705.75,13660
2021-06-18 09:21:17,6708.75,13670
2021-06-18 09:21:18,6708.75,13670
2021-06-18 09:21:19,6708.7,13675
2021-06-18 09:21:20,6708.7,13675
2021-06-18 09:21:21,6708.5,13679
2021-06-18 09:21:22,6708.5,13688
2021-06-18 09:21:23,6708.5,13688
2021-06-18 09:21:25,6708.5,13688
2021-06-18 09:21:26,6708.5,13688
2021-06-18 09:21:27,6707.05,13787
2021-06-18 09:21:28,6710.85,13789
2021-06-18 09:21:28,6710.85,13789
2021-06-18 09:21:29,6710.85,13789
2021-06-18 09:21:30,6708.65,13802
2021-06-18 09:21:31,6711.45,13804
2021-06-18 09:21:32,6708.0,13806
2021-06-18 09:21:33,6710.0,13826
2021-06-18 09:21:34,6707.45,13840
2021-06-18 09:21:35,6710.05,13850
2021-06-18 09:21:36,6710.05,13850
2021-06-18 09:21:37,6710.05,13850
2021-06-18 09:21:39,6706.3,13861
2021-06-18 09:21:40,6710.85,13911
2021-06-18 09:21:41,6711.15,13920
2021-06-18 09:21:42,6707.45,13921
2021-06-18 09:21:43,6707.45,13921
2021-06-18 09:21:44,6707.45,13921
2021-06-18 09:21:45,6707.45,13921
2021-06-18 09:21:46,6707.45,13921
2021-06-18 09:21:47,6707.45,13921
2021-06-18 09:21:48,6707.45,13921
2021-06-18 09:21:49,6707.45,13921
2021-06-18 09:21:50,6707.45,13921
2021-06-18 09:21:50,6707.45,13921
2021-06-18 09:21:51,6707.0,13925
2021-06-18 09:21:52,6707.0,13925
2021-06-18 09:21:53,6709.75,13927
2021-06-18 09:21:54,6709.75,13927
2021-06-18 09:21:56,6707.45,13928
2021-06-18 09:21:57,6707.45,13928
2021-06-18 09:21:58,6707.45,13928
2021-06-18 09:21:59,6709.2,13929
2021-06-18 09:21:59,6709.2,13929
2021-06-18 09:22:00,6709.2,13929
2021-06-18 09:22:02,6709.2,13936
2021-06-18 09:22:03,6709.2,13936
2021-06-18 09:22:05,6710.0,13943
2021-06-18 09:22:06,6710.0,13943
2021-06-18 09:22:07,6710.0,13945
2021-06-18 09:22:08,6710.0,13945
2021-06-18 09:22:09,6710.0,13945
2021-06-18 09:22:10,6710.0,13945
2021-06-18 09:22:10,6710.0,13955
2021-06-18 09:22:11,6708.45,14059
2021-06-18 09:22:12,6708.45,14059
2021-06-18 09:22:13,6708.45,14059
2021-06-18 09:22:15,6708.45,14059
2021-06-18 09:22:16,6707.05,14175
2021-06-18 09:22:17,6709.6,14277
2021-06-18 09:22:18,6709.6,14277
2021-06-18 09:22:19,6710.05,14287
2021-06-18 09:22:20,6710.05,14287
2021-06-18 09:22:21,6710.05,14287
2021-06-18 09:22:22,6707.0,14437
2021-06-18 09:22:22,6707.0,14437
2021-06-18 09:22:23,6707.0,14437
2021-06-18 09:22:24,6707.0,14437
2021-06-18 09:22:26,6707.0,14437
2021-06-18 09:22:27,6709.8,14439
2021-06-18 09:22:28,6709.8,14439
2021-06-18 09:22:29,6707.0,14449
2021-06-18 09:22:29,6707.0,14449
2021-06-18 09:22:30,6711.0,14471
2021-06-18 09:22:31,6707.8,14479
2021-06-18 09:22:33,6710.9,14538
2021-06-18 09:22:34,6707.75,14588
2021-06-18 09:22:35,6710.0,14682
2021-06-18 09:22:35,6710.0,14682
2021-06-18 09:22:36,6707.05,14793
2021-06-18 09:22:37,6715.0,14899
2021-06-18 09:22:39,6712.95,14975
2021-06-18 09:22:40,6712.95,14975
2021-06-18 09:22:41,6714.05,14979
2021-06-18 09:22:42,6714.05,14979
2021-06-18 09:22:43,6718.75,15012
2021-06-18 09:22:44,6718.75,15012
2021-06-18 09:22:45,6719.95,15044
2021-06-18 09:22:46,6719.95,15044
2021-06-18 09:22:46,6719.95,15044
2021-06-18 09:22:47,6721.0,15253
2021-06-18 09:22:49,6721.0,15253
2021-06-18 09:22:55,6720.9,15300
2021-06-18 09:23:01,6718.2,15323
2021-06-18 09:23:07,6717.8,15430
2021-06-18 09:23:14,6713.75,15468
2021-06-18 09:23:20,6713.65,15785
2021-06-18 09:23:26,6707.3,16749
2021-06-18 09:23:32,6696.25,17289
2021-06-18 09:23:39,6696.25,17369
2021-06-18 09:23:45,6696.6,17618
2021-06-18 09:23:51,6701.05,17722
2021-06-18 09:23:57,6707.15,17928
2021-06-18 09:24:03,6708.45,17959
2021-06-18 09:24:09,6708.0,18027
2021-06-18 09:24:16,6708.0,18035
2021-06-18 09:24:22,6708.0,18182
2021-06-18 09:24:28,6708.0,18245
2021-06-18 09:24:34,6713.7,18476
2021-06-18 09:24:40,6714.8,18487
2021-06-18 09:24:46,6698.65,19461
2021-06-18 09:24:53,6703.85,19551
2021-06-18 09:24:59,6703.85,19551
2021-06-18 09:25:05,6703.75,19749
2021-06-18 09:25:12,6703.65,19875
2021-06-18 09:25:18,6704.05,19956
2021-06-18 09:25:24,6706.3,20145
2021-06-18 09:25:30,6707.5,20303
2021-06-18 09:25:36,6710.1,20527
2021-06-18 09:25:42,6715.0,20677
2021-06-18 09:25:48,6717.8,20730
2021-06-18 09:25:54,6718.0,20819
2021-06-18 09:26:01,6716.0,20902
2021-06-18 09:26:07,6718.0,20914
2021-06-18 09:26:13,6716.0,21113
2021-06-18 09:26:19,6711.6,21397
2021-06-18 09:26:25,6715.85,21508
2021-06-18 09:26:31,6713.95,21513
2021-06-18 09:26:37,6713.95,21523
2021-06-18 09:26:44,6713.95,21523
2021-06-18 09:26:50,6707.15,21778
2021-06-18 09:26:56,6707.3,21808
2021-06-18 09:27:02,6710.7,21838
2021-06-18 09:27:08,6712.3,21990
2021-06-18 09:27:14,6712.75,21998
2021-06-18 09:27:20,6710.9,22210
2021-06-18 09:27:26,6711.25,22215
2021-06-18 09:27:32,6711.2,22217
2021-06-18 09:27:38,6711.2,22217
2021-06-18 09:27:44,6715.0,22437
2021-06-18 09:27:50,6712.7,22558
2021-06-18 09:27:56,6717.6,22663
2021-06-18 09:28:02,6715.0,22763
2021-06-18 09:28:08,6717.15,22872
2021-06-18 09:28:14,6717.4,22949
2021-06-18 09:28:20,6717.4,22949
2021-06-18 09:28:31,6717.4,22993
2021-06-18 09:28:37,6718.95,23048
2021-06-18 09:28:43,6719.7,23381
2021-06-18 09:28:49,6718.9,23412
2021-06-18 09:28:54,6719.1,24072
2021-06-18 09:29:00,6716.6,24087
2021-06-18 09:29:06,6717.7,24205
2021-06-18 09:29:11,6716.6,24208
2021-06-18 09:29:17,6716.0,24250
2021-06-18 09:29:23,6715.0,24345
2021-06-18 09:29:29,6715.0,24345
2021-06-18 09:29:34,6707.45,24618
2021-06-18 09:29:40,6709.95,24843
2021-06-18 09:29:45,6709.95,24860
2021-06-18 09:29:51,6710.0,24915
2021-06-18 09:29:57,6710.05,25097
2021-06-18 09:30:02,6715.8,25114
2021-06-18 09:30:08,6713.95,25124
2021-06-18 09:30:14,6713.95,25124
2021-06-18 09:30:25,6715.0,25188
2021-06-18 09:30:31,6715.0,25296
2021-06-18 09:30:37,6715.0,25296
2021-06-18 09:30:43,6710.95,25332
2021-06-18 09:30:49,6710.95,25332
2021-06-18 09:30:54,6711.2,25359
2021-06-18 09:31:00,6713.1,25364
2021-06-18 09:31:06,6714.8,25389
2021-06-18 09:31:11,6713.8,25396
2021-06-18 09:31:17,6713.8,25396
2021-06-18 09:31:22,6710.0,25469
2021-06-18 09:31:28,6710.0,25641
2021-06-18 09:31:34,6714.95,25870
2021-06-18 09:31:40,6712.25,25955
2021-06-18 09:31:46,6711.7,25990
2021-06-18 09:31:52,6713.4,26030
2021-06-18 09:31:57,6713.9,26057
2021-06-18 09:32:03,6713.9,26057
2021-06-18 09:32:08,6713.9,26057
2021-06-18 09:32:13,6710.5,26058
2021-06-18 09:32:18,6711.7,26074
2021-06-18 09:32:24,6711.7,26074
2021-06-18 09:32:29,6701.15,26729
2021-06-18 09:32:35,6705.45,26983
2021-06-18 09:32:41,6702.0,27092
2021-06-18 09:32:46,6705.2,27273
2021-06-18 09:32:52,6705.2,27273
2021-06-18 09:32:57,6705.55,27281
2021-06-18 09:33:02,6702.6,27287
2021-06-18 09:33:07,6701.1,27443
2021-06-18 09:33:13,6700.0,27589
2021-06-18 09:33:18,6700.0,27603
2021-06-18 09:33:23,6700.2,27703
2021-06-18 09:33:28,6700.2,27703
2021-06-18 09:33:33,6700.2,27703
2021-06-18 09:33:38,6705.55,27756
2021-06-18 09:33:44,6706.3,27880
2021-06-18 09:33:49,6702.45,27921
2021-06-18 09:33:54,6704.6,27966
2021-06-18 09:34:00,6702.0,27991
2021-06-18 09:34:06,6701.0,28012
2021-06-18 09:34:11,6701.0,28016
2021-06-18 09:34:16,6701.0,28053
2021-06-18 09:34:22,6700.95,28193
2021-06-18 09:34:28,6705.0,28222
2021-06-18 09:34:33,6705.0,28222
2021-06-18 09:34:39,6704.9,28232
2021-06-18 09:34:45,6699.4,28741
2021-06-18 09:34:50,6699.35,28743
2021-06-18 09:34:55,6699.35,28743
2021-06-18 09:35:06,6700.35,29275
2021-06-18 09:35:11,6694.3,30410
2021-06-18 09:35:17,6690.75,30483
2021-06-18 09:35:22,6691.35,30514
2021-06-18 09:35:27,6692.85,30751
2021-06-18 09:35:33,6691.8,30767
2021-06-18 09:35:38,6691.8,30767
2021-06-18 09:35:44,6687.95,31143
2021-06-18 09:35:49,6695.25,31186
2021-06-18 09:35:54,6691.95,31207
2021-06-18 09:36:00,6691.8,31213
2021-06-18 09:36:05,6691.8,31226
2021-06-18 09:36:11,6691.8,31226
2021-06-18 09:36:16,6694.05,31247
2021-06-18 09:36:22,6694.05,31247
2021-06-18 09:36:27,6690.0,31499
2021-06-18 09:36:32,6687.0,31520
2021-06-18 09:36:38,6682.7,31715
2021-06-18 09:36:43,6683.8,31719
2021-06-18 09:36:48,6687.55,31820
2021-06-18 09:36:53,6689.4,31852
2021-06-18 09:36:59,6689.35,32052
2021-06-18 09:37:04,6694.55,32094
2021-06-18 09:37:09,6694.15,32095
2021-06-18 09:37:15,6694.15,32117
2021-06-18 09:37:20,6694.15,32130
2021-06-18 09:37:25,6696.0,32218
2021-06-18 09:37:31,6697.0,32243
2021-06-18 09:37:36,6696.75,32253
2021-06-18 09:37:42,6696.6,32255
2021-06-18 09:37:47,6696.6,32257
2021-06-18 09:37:50,6695.0,32267
2021-06-18 09:37:51,6695.0,32267
2021-06-18 09:37:52,6692.45,32327
2021-06-18 09:37:53,6692.45,32327
2021-06-18 09:37:54,6692.45,32327
2021-06-18 09:37:55,6694.0,32332
2021-06-18 09:37:56,6697.3,32382
2021-06-18 09:37:57,6697.3,32382
2021-06-18 09:37:58,6697.3,32382
2021-06-18 09:37:59,6697.3,32382
2021-06-18 09:38:00,6693.0,32389
2021-06-18 09:38:01,6693.0,32389
2021-06-18 09:38:02,6693.0,32389
2021-06-18 09:38:03,6693.0,32389
2021-06-18 09:38:04,6693.0,32389
2021-06-18 09:38:05,6693.0,32389
2021-06-18 09:38:06,6693.0,32441
2021-06-18 09:38:07,6694.0,32476
2021-06-18 09:38:08,6694.0,32476
2021-06-18 09:38:09,6696.1,32497
2021-06-18 09:38:10,6696.1,32597
2021-06-18 09:38:11,6696.1,32597
2021-06-18 09:38:12,6696.1,32597
2021-06-18 09:38:13,6696.1,32597
2021-06-18 09:38:14,6696.1,32597
2021-06-18 09:38:15,6696.1,32597
2021-06-18 09:38:16,6696.1,32597
2021-06-18 09:38:17,6694.0,32607
2021-06-18 09:38:18,6691.7,32679
2021-06-18 09:38:19,6691.7,32679
2021-06-18 09:38:20,6691.7,32679
2021-06-18 09:38:21,6692.45,32699
2021-06-18 09:38:22,6692.45,32699
2021-06-18 09:38:23,6692.45,32699
2021-06-18 09:38:24,6692.45,32699
2021-06-18 09:38:25,6693.05,32703
2021-06-18 09:38:26,6693.0,32733
2021-06-18 09:38:27,6693.0,32733
2021-06-18 09:38:28,6693.6,32738
2021-06-18 09:38:29,6696.05,32740
2021-06-18 09:38:30,6693.65,32821
2021-06-18 09:38:31,6696.75,32826
2021-06-18 09:38:32,6696.9,32871
2021-06-18 09:38:33,6693.75,32872
2021-06-18 09:38:34,6693.75,32872
2021-06-18 09:38:35,6693.75,32872
2021-06-18 09:38:36,6693.75,32872
2021-06-18 09:38:37,6697.0,32873
2021-06-18 09:38:38,6697.0,32882
2021-06-18 09:38:39,6697.0,32884
2021-06-18 09:38:40,6693.8,32895
2021-06-18 09:38:41,6693.8,32895
2021-06-18 09:38:42,6693.8,32895
2021-06-18 09:38:43,6693.8,32895
2021-06-18 09:38:44,6693.8,32895
2021-06-18 09:38:45,6697.2,32910
2021-06-18 09:38:46,6697.2,32910
2021-06-18 09:38:47,6697.2,32910
2021-06-18 09:38:48,6697.2,32910
2021-06-18 09:38:49,6697.2,32910
2021-06-18 09:38:50,6693.8,32920
2021-06-18 09:38:51,6693.85,32922
2021-06-18 09:38:52,6693.85,32922
2021-06-18 09:38:53,6693.85,32923
2021-06-18 09:38:54,6693.85,32923
2021-06-18 09:38:55,6693.85,32923
2021-06-18 09:38:56,6693.85,32923
2021-06-18 09:38:58,6696.95,32925
2021-06-18 09:38:59,6696.95,32925
2021-06-18 09:39:00,6696.95,32925
2021-06-18 09:39:01,6696.9,33075
2021-06-18 09:39:02,6695.15,33082
2021-06-18 09:39:03,6695.15,33082
2021-06-18 09:39:04,6695.15,33082
2021-06-18 09:39:05,6695.15,33082
2021-06-18 09:39:06,6695.15,33082
2021-06-18 09:39:07,6696.7,33084
2021-06-18 09:39:08,6696.7,33084
2021-06-18 09:39:10,6696.7,33084
2021-06-18 09:39:11,6696.7,33103
2021-06-18 09:39:12,6695.15,33106
2021-06-18 09:39:13,6695.15,33106
2021-06-18 09:39:14,6696.9,33181
2021-06-18 09:39:15,6696.9,33181
2021-06-18 09:39:16,6696.9,33181
2021-06-18 09:39:17,6695.2,33185
2021-06-18 09:39:18,6693.3,33312
2021-06-18 09:39:19,6693.3,33314
2021-06-18 09:39:20,6693.3,33314
2021-06-18 09:39:21,6693.3,33314
2021-06-18 09:39:22,6693.3,33315
2021-06-18 09:39:24,6689.65,33410
2021-06-18 09:39:25,6689.65,33410
2021-06-18 09:39:26,6689.65,33410
2021-06-18 09:39:27,6691.0,33411
2021-06-18 09:39:28,6690.0,33422
2021-06-18 09:39:29,6690.0,33422
2021-06-18 09:39:30,6690.0,33422
2021-06-18 09:39:31,6690.0,33422
2021-06-18 09:39:32,6690.0,33422
2021-06-18 09:39:33,6689.9,33453
2021-06-18 09:39:34,6691.0,33460
2021-06-18 09:39:35,6691.0,33460
2021-06-18 09:39:36,6690.05,33462
2021-06-18 09:39:37,6690.05,33462
2021-06-18 09:39:38,6690.05,33462
2021-06-18 09:39:39,6690.05,33462
2021-06-18 09:39:40,6690.1,33464
2021-06-18 09:39:41,6690.1,33466
2021-06-18 09:39:42,6690.1,33466
2021-06-18 09:39:43,6690.1,33466
2021-06-18 09:39:45,6692.6,33467
2021-06-18 09:39:46,6692.4,33469
2021-06-18 09:39:47,6692.4,33469
2021-06-18 09:39:48,6692.4,33469
2021-06-18 09:39:48,6692.6,33519
2021-06-18 09:39:49,6690.0,33569
2021-06-18 09:39:51,6690.0,33569
2021-06-18 09:39:52,6690.0,33569
2021-06-18 09:39:53,6690.0,33569
2021-06-18 09:39:54,6690.0,33569
2021-06-18 09:39:55,6690.0,33569
2021-06-18 09:39:56,6684.0,33979
2021-06-18 09:39:57,6684.0,33979
2021-06-18 09:39:58,6684.0,33979
2021-06-18 09:39:59,6684.0,33979
2021-06-18 09:40:00,6686.6,33983
2021-06-18 09:40:01,6686.6,33983
2021-06-18 09:40:02,6681.1,34073
2021-06-18 09:40:03,6683.55,34084
2021-06-18 09:40:05,6683.55,34084
2021-06-18 09:40:06,6683.35,34085
2021-06-18 09:40:06,6683.55,34084
2021-06-18 09:40:08,6683.35,34085
2021-06-18 09:40:08,6683.35,34085
2021-06-18 09:40:09,6681.2,34140
2021-06-18 09:40:10,6681.2,34140
2021-06-18 09:40:11,6680.0,34261
2021-06-18 09:40:12,6682.2,34281
2021-06-18 09:40:13,6680.0,34282
2021-06-18 09:40:14,6682.2,34284
2021-06-18 09:40:15,6682.2,34284
2021-06-18 09:40:16,6682.0,34295
2021-06-18 09:40:17,6682.0,34295
2021-06-18 09:40:18,6681.95,34316
2021-06-18 09:40:19,6681.95,34316
2021-06-18 09:40:20,6681.95,34321
2021-06-18 09:40:21,6679.7,34696
2021-06-18 09:40:22,6679.7,34744
2021-06-18 09:40:23,6679.7,34745
2021-06-18 09:40:24,6679.7,34745
2021-06-18 09:40:25,6677.15,34840
2021-06-18 09:40:26,6677.15,34840
2021-06-18 09:40:27,6677.15,34840
2021-06-18 09:40:29,6677.0,34848
2021-06-18 09:40:29,6677.0,34848
2021-06-18 09:40:30,6676.0,34888
2021-06-18 09:40:31,6676.0,34888
2021-06-18 09:40:32,6676.0,34889
2021-06-18 09:40:33,6676.0,34931
2021-06-18 09:40:34,6676.0,34977
2021-06-18 09:40:35,6676.0,34978
2021-06-18 09:40:36,6678.65,35128
2021-06-18 09:40:37,6678.65,35128
2021-06-18 09:40:38,6676.05,35129
2021-06-18 09:40:39,6676.05,35129
2021-06-18 09:40:40,6676.05,35129
2021-06-18 09:40:41,6676.05,35130
2021-06-18 09:40:42,6676.85,35132
2021-06-18 09:40:44,6676.9,35133
2021-06-18 09:40:45,6676.9,35143
2021-06-18 09:40:46,6676.9,35148
2021-06-18 09:40:47,6675.25,35280
2021-06-18 09:40:48,6676.7,35394
2021-06-18 09:40:48,6676.7,35394
2021-06-18 09:40:50,6676.0,35404
2021-06-18 09:40:50,6676.0,35405
2021-06-18 09:40:51,6676.0,35405
2021-06-18 09:40:53,6676.0,35409
2021-06-18 09:40:54,6676.0,35409
2021-06-18 09:40:54,6676.0,35409
2021-06-18 09:40:55,6676.0,35497
2021-06-18 09:40:56,6676.0,35497
2021-06-18 09:40:57,6675.6,35505
2021-06-18 09:40:58,6675.6,35505
2021-06-18 09:40:59,6675.6,35505
2021-06-18 09:41:00,6673.7,35920
2021-06-18 09:41:01,6672.05,35921
2021-06-18 09:41:02,6673.35,35922
2021-06-18 09:41:03,6676.0,36280
2021-06-18 09:41:04,6678.0,36285
2021-06-18 09:41:05,6678.0,36285
2021-06-18 09:41:06,6676.2,36286
2021-06-18 09:41:07,6676.2,36286
2021-06-18 09:41:08,6676.2,36286
2021-06-18 09:41:09,6677.4,36349
2021-06-18 09:41:10,6677.4,36349
2021-06-18 09:41:12,6677.4,36349
2021-06-18 09:41:13,6677.4,36349
2021-06-18 09:41:13,6677.4,36349
2021-06-18 09:41:14,6677.4,36349
2021-06-18 09:41:15,6677.4,36349
2021-06-18 09:41:16,6677.4,36349
2021-06-18 09:41:17,6677.3,36449
2021-06-18 09:41:19,6677.3,36449
2021-06-18 09:41:20,6670.0,36985
2021-06-18 09:41:21,6670.0,36985
2021-06-18 09:41:22,6670.6,37075
2021-06-18 09:41:25,6672.0,37310
2021-06-18 09:41:26,6667.45,37312
2021-06-18 09:41:27,6667.5,37315
2021-06-18 09:41:28,6666.55,37415
2021-06-18 09:41:29,6666.55,37415
2021-06-18 09:41:30,6666.55,37415
2021-06-18 09:41:31,6670.45,37442
2021-06-18 09:41:32,6670.45,37442
2021-06-18 09:41:34,6670.15,37467
2021-06-18 09:41:35,6670.15,37467
2021-06-18 09:41:36,6670.15,37482
2021-06-18 09:41:37,6670.15,37482
2021-06-18 09:41:38,6670.0,37483
2021-06-18 09:41:38,6667.45,37484
2021-06-18 09:41:40,6670.0,37494
2021-06-18 09:41:41,6667.6,37569
2021-06-18 09:41:41,6667.6,37569
2021-06-18 09:41:43,6670.0,37584
2021-06-18 09:41:44,6670.0,37584
2021-06-18 09:41:44,6667.45,37585
2021-06-18 09:41:45,6667.45,37585
2021-06-18 09:41:46,6669.9,37665
2021-06-18 09:41:48,6667.8,37679
2021-06-18 09:41:49,6667.8,37679
2021-06-18 09:41:50,6667.8,37679
2021-06-18 09:41:51,6667.8,37679
2021-06-18 09:41:52,6667.8,37679
2021-06-18 09:41:53,6668.0,37684
2021-06-18 09:41:54,6670.0,37744
2021-06-18 09:41:54,6670.0,37744
2021-06-18 09:41:55,6671.7,37758
2021-06-18 09:41:56,6668.4,37764
2021-06-18 09:41:57,6671.85,37865
2021-06-18 09:41:58,6669.9,37965
2021-06-18 09:41:59,6668.45,37966
2021-06-18 09:42:00,6668.45,37966
2021-06-18 09:42:01,6662.65,38287
2021-06-18 09:42:02,6662.65,38287
2021-06-18 09:42:03,6662.65,38287
2021-06-18 09:42:04,6665.8,38309
2021-06-18 09:42:05,6664.8,38324
2021-06-18 09:42:06,6664.95,38357
2021-06-18 09:42:08,6670.0,38497
2021-06-18 09:42:10,6669.6,38608
2021-06-18 09:42:10,6669.6,38608
2021-06-18 09:42:11,6669.6,38641
2021-06-18 09:42:13,6670.0,38646
2021-06-18 09:42:12,6670.0,38646
2021-06-18 09:42:14,6666.3,38648
2021-06-18 09:42:15,6666.3,38648
2021-06-18 09:42:16,6666.3,38648
2021-06-18 09:42:17,6666.25,38698
2021-06-18 09:42:20,6668.3,38703
2021-06-18 09:42:20,6666.25,38698
2021-06-18 09:42:21,6668.3,38703
2021-06-18 09:42:22,6668.3,38703
2021-06-18 09:42:23,6668.3,38703
2021-06-18 09:42:24,6668.3,38703
2021-06-18 09:42:25,6668.3,38703
2021-06-18 09:42:26,6668.3,38703
2021-06-18 09:42:27,6668.3,38703
2021-06-18 09:42:29,6668.45,38714
2021-06-18 09:42:29,6668.45,38714
2021-06-18 09:42:32,6662.9,39215
2021-06-18 09:42:33,6670.0,39415
2021-06-18 09:42:34,6670.0,39415
2021-06-18 09:42:35,6670.0,39415
2021-06-18 09:42:35,6670.0,39415
2021-06-18 09:42:36,6670.0,39415
2021-06-18 09:42:37,6665.1,39425
2021-06-18 09:42:38,6667.85,39482
2021-06-18 09:42:39,6667.85,39482
2021-06-18 09:42:41,6667.85,39482
2021-06-18 09:42:42,6667.85,39482
2021-06-18 09:42:42,6667.85,39482
2021-06-18 09:42:43,6667.65,39483
2021-06-18 09:42:44,6667.65,39483
2021-06-18 09:42:45,6667.65,39483
2021-06-18 09:42:46,6667.65,39483
2021-06-18 09:42:47,6669.9,39508
2021-06-18 09:42:48,6669.9,39508
2021-06-18 09:42:50,6669.95,39518
2021-06-18 09:42:51,6669.95,39518
2021-06-18 09:42:52,6669.95,39518
2021-06-18 09:42:53,6669.95,39518
2021-06-18 09:42:53,6669.95,39518
2021-06-18 09:42:54,6669.95,39518
2021-06-18 09:42:55,6669.95,39518
2021-06-18 09:42:57,6668.35,39519
2021-06-18 09:42:58,6668.35,39519
2021-06-18 09:42:59,6669.8,39529
2021-06-18 09:43:00,6669.8,39542
2021-06-18 09:43:01,6665.0,39725
2021-06-18 09:43:02,6665.0,39730
2021-06-18 09:43:02,6665.0,39730
2021-06-18 09:43:03,6665.0,39738
2021-06-18 09:43:04,6665.0,39738
2021-06-18 09:43:05,6661.8,39825
2021-06-18 09:43:06,6661.8,39825
2021-06-18 09:43:07,6664.9,39871
2021-06-18 09:43:08,6665.75,39872
2021-06-18 09:43:09,6665.75,39872
2021-06-18 09:43:10,6665.75,39872
2021-06-18 09:43:11,6666.3,39891
2021-06-18 09:43:12,6666.3,39891
2021-06-18 09:43:13,6666.3,39891
2021-06-18 09:43:14,6666.3,39891
2021-06-18 09:43:16,6666.0,39927
2021-06-18 09:43:16,6668.2,39928
2021-06-18 09:43:17,6668.2,39928
2021-06-18 09:43:18,6665.35,40047
2021-06-18 09:43:19,6665.35,40047
2021-06-18 09:43:21,6665.35,40430
2021-06-18 09:43:21,6665.35,40430
2021-06-18 09:43:22,6665.35,40435
2021-06-18 09:43:23,6665.35,40435
2021-06-18 09:43:24,6665.35,40435
2021-06-18 09:43:25,6669.75,40461
2021-06-18 09:43:26,6666.0,40540
2021-06-18 09:43:27,6665.0,40549
2021-06-18 09:43:28,6665.0,40549
2021-06-18 09:43:29,6666.8,40851
2021-06-18 09:43:30,6666.8,40851
2021-06-18 09:43:31,6666.8,40961
2021-06-18 09:43:32,6666.8,40961
2021-06-18 09:43:34,6666.8,40961
2021-06-18 09:43:35,6666.8,40961
2021-06-18 09:43:35,6666.8,40961
2021-06-18 09:43:36,6666.8,40961
2021-06-18 09:43:37,6666.8,40961
2021-06-18 09:43:38,6668.0,40966
2021-06-18 09:43:40,6669.9,40976
2021-06-18 09:43:41,6669.9,40982
2021-06-18 09:43:41,6668.0,40984
2021-06-18 09:43:42,6670.0,41014
2021-06-18 09:43:43,6670.0,41014
2021-06-18 09:43:44,6669.0,41018
2021-06-18 09:43:45,6669.0,41021
2021-06-18 09:43:47,6669.0,41025
2021-06-18 09:43:47,6670.0,41054
2021-06-18 09:43:49,6670.0,41069
2021-06-18 09:43:50,6669.0,41266
2021-06-18 09:43:51,6669.0,41266
2021-06-18 09:43:52,6669.0,41266
2021-06-18 09:43:53,6669.0,41266
2021-06-18 09:43:53,6669.0,41266
2021-06-18 09:43:55,6669.0,41266
2021-06-18 09:43:55,6668.0,41271
2021-06-18 09:43:57,6669.9,41289
2021-06-18 09:43:58,6669.9,41289
2021-06-18 09:44:00,6669.6,41290
2021-06-18 09:44:01,6669.6,41290
2021-06-18 09:44:02,6669.6,41290
2021-06-18 09:44:03,6669.6,41290
2021-06-18 09:44:06,6669.6,41300
2021-06-18 09:44:06,6669.6,41300
2021-06-18 09:44:07,6669.6,41351
2021-06-18 09:44:09,6669.6,41401
2021-06-18 09:44:10,6669.6,41401
2021-06-18 09:44:11,6669.75,41451
2021-06-18 09:44:12,6669.75,41451
2021-06-18 09:44:12,6669.9,41453
2021-06-18 09:44:13,6669.9,41456
2021-06-18 09:44:15,6672.0,41655
2021-06-18 09:44:17,6672.0,41655
2021-06-18 09:44:18,6671.4,41660
2021-06-18 09:44:18,6671.4,41660
2021-06-18 09:44:19,6671.4,41660
2021-06-18 09:44:21,6671.4,41660
2021-06-18 09:44:21,6671.4,41660
2021-06-18 09:44:22,6671.4,41660
2021-06-18 09:44:24,6671.4,41660
2021-06-18 09:44:25,6671.4,41660
2021-06-18 09:44:25,6671.4,41660
2021-06-18 09:44:27,6674.65,41673
2021-06-18 09:44:28,6672.6,41683
2021-06-18 09:44:29,6672.6,41685
2021-06-18 09:44:30,6672.6,41685
2021-06-18 09:44:31,6672.6,41685
2021-06-18 09:44:32,6672.6,41695
2021-06-18 09:44:33,6672.6,41695
2021-06-18 09:44:34,6672.6,41695
2021-06-18 09:44:35,6672.6,41695
2021-06-18 09:44:36,6672.6,41695
2021-06-18 09:44:37,6669.55,41876
2021-06-18 09:44:38,6669.55,41876
2021-06-18 09:44:38,6669.55,41876
2021-06-18 09:44:40,6669.55,41876
2021-06-18 09:44:40,6669.55,41876
2021-06-18 09:44:41,6669.55,41876
2021-06-18 09:44:43,6668.5,41906
2021-06-18 09:44:43,6666.05,41919
2021-06-18 09:44:44,6666.05,41945
2021-06-18 09:44:45,6666.05,41945
2021-06-18 09:44:46,6666.05,41945
2021-06-18 09:44:47,6666.05,41945
2021-06-18 09:44:48,6666.05,41948
2021-06-18 09:44:50,6666.05,41948
2021-06-18 09:44:50,6666.05,41948
2021-06-18 09:44:52,6668.7,42047
2021-06-18 09:44:53,6670.3,42099
2021-06-18 09:44:54,6670.3,42103
2021-06-18 09:44:55,6670.3,42103
2021-06-18 09:44:56,6668.2,42175
2021-06-18 09:44:56,6668.2,42175
2021-06-18 09:44:57,6668.2,42175
2021-06-18 09:44:58,6667.8,42257
2021-06-18 09:44:59,6667.8,42257
2021-06-18 09:45:00,6667.8,42257
2021-06-18 09:45:01,6670.3,42260
2021-06-18 09:45:02,6672.65,42360
2021-06-18 09:45:03,6670.75,42372
2021-06-18 09:45:04,6670.75,42372
2021-06-18 09:45:05,6670.75,42372
2021-06-18 09:45:07,6667.55,42374
2021-06-18 09:45:08,6666.85,42437
2021-06-18 09:45:09,6670.25,42462
2021-06-18 09:45:10,6670.45,42464
2021-06-18 09:45:11,6667.55,42542
2021-06-18 09:45:11,6671.4,42546
2021-06-18 09:45:12,6671.4,42548
2021-06-18 09:45:13,6672.0,42550
2021-06-18 09:45:14,6670.0,42571
2021-06-18 09:45:15,6670.0,42571
2021-06-18 09:45:16,6669.15,42572
2021-06-18 09:45:17,6669.15,42572
2021-06-18 09:45:18,6669.15,42572
2021-06-18 09:45:19,6669.15,42572
2021-06-18 09:45:21,6670.25,42582
2021-06-18 09:45:22,6672.95,42586
2021-06-18 09:45:23,6672.95,42586
2021-06-18 09:45:24,6672.95,42586
2021-06-18 09:45:24,6670.25,42596
2021-06-18 09:45:25,6672.0,42598
2021-06-18 09:45:26,6672.0,42598
2021-06-18 09:45:27,6672.0,42607
2021-06-18 09:45:29,6672.0,42607
2021-06-18 09:45:30,6671.95,42609
2021-06-18 09:45:31,6671.95,42609
2021-06-18 09:45:32,6671.95,42609
2021-06-18 09:45:34,6672.0,42623
2021-06-18 09:45:36,6670.45,42687
2021-06-18 09:45:37,6671.95,42697
2021-06-18 09:45:38,6671.95,42697
2021-06-18 09:45:39,6670.95,42735
2021-06-18 09:45:40,6670.95,42737
2021-06-18 09:45:41,6670.95,42737
2021-06-18 09:45:43,6670.95,42737
2021-06-18 09:45:44,6670.45,42739
2021-06-18 09:45:44,6670.45,42739
2021-06-18 09:45:45,6670.45,42742
2021-06-18 09:45:47,6672.0,42760
2021-06-18 09:45:48,6672.0,42760
2021-06-18 09:45:48,6671.5,42765
2021-06-18 09:45:49,6671.95,42780
2021-06-18 09:45:50,6671.95,42780
2021-06-18 09:45:51,6671.95,42780
2021-06-18 09:45:53,6672.0,42788
2021-06-18 09:45:54,6672.0,42788
2021-06-18 09:45:54,6672.0,42788
2021-06-18 09:45:56,6672.0,42789
2021-06-18 09:45:57,6672.0,42789
2021-06-18 09:45:58,6672.0,42789
2021-06-18 09:45:59,6672.0,42790
2021-06-18 09:46:00,6672.0,42790
2021-06-18 09:46:00,6672.0,42790
2021-06-18 09:46:01,6670.45,42795
2021-06-18 09:46:03,6672.0,42810
2021-06-18 09:46:04,6672.0,42810
2021-06-18 09:46:05,6672.0,42810
2021-06-18 09:46:06,6672.0,42810
2021-06-18 09:46:07,6672.0,42810
2021-06-18 09:46:08,6672.0,42810
2021-06-18 09:46:11,6673.65,42907
2021-06-18 09:46:12,6673.65,42907
2021-06-18 09:46:13,6673.65,42907
2021-06-18 09:46:14,6673.65,42907
2021-06-18 09:46:15,6673.65,42907
2021-06-18 09:46:16,6674.15,43046
2021-06-18 09:46:17,6674.15,43046
2021-06-18 09:46:18,6674.15,43046
2021-06-18 09:46:18,6674.15,43046
2021-06-18 09:46:20,6674.15,43046
2021-06-18 09:46:20,6674.15,43046
2021-06-18 09:46:21,6674.15,43046
2021-06-18 09:46:23,6674.1,43051
2021-06-18 09:46:23,6674.1,43051
2021-06-18 09:46:25,6674.1,43051
2021-06-18 09:46:26,6674.1,43051
2021-06-18 09:46:26,6677.0,43058
2021-06-18 09:46:28,6678.7,43219
2021-06-18 09:46:29,6678.1,43254
2021-06-18 09:46:30,6678.1,43254
2021-06-18 09:46:30,6676.8,43255
2021-06-18 09:46:32,6676.8,43255
2021-06-18 09:46:33,6677.0,43306
2021-06-18 09:46:34,6677.0,43306
2021-06-18 09:46:35,6675.6,43331
2021-06-18 09:46:36,6675.6,43331
2021-06-18 09:46:37,6675.6,43331
2021-06-18 09:46:38,6678.65,43341
2021-06-18 09:46:39,6678.65,43341
2021-06-18 09:46:40,6678.65,43342
2021-06-18 09:46:41,6678.65,43342
2021-06-18 09:46:42,6678.65,43342
2021-06-18 09:46:44,6676.85,43354
2021-06-18 09:46:45,6676.85,43354
2021-06-18 09:46:45,6676.85,43354
2021-06-18 09:46:46,6677.55,43394
2021-06-18 09:46:48,6677.55,43394
2021-06-18 09:46:49,6679.35,43579
2021-06-18 09:46:50,6676.3,43594
2021-06-18 09:46:50,6676.15,43600
2021-06-18 09:46:51,6675.55,43610
2021-06-18 09:46:52,6673.55,43670
2021-06-18 09:46:53,6673.75,43678
2021-06-18 09:46:54,6673.75,43678
2021-06-18 09:46:56,6673.75,43678
2021-06-18 09:46:57,6673.75,43678
2021-06-18 09:46:58,6674.55,43723
2021-06-18 09:46:59,6674.55,43723
2021-06-18 09:47:00,6674.55,43723
2021-06-18 09:47:01,6674.55,43723
2021-06-18 09:47:02,6673.55,43733
2021-06-18 09:47:03,6674.75,43776
2021-06-18 09:47:04,6674.75,43776
2021-06-18 09:47:05,6674.75,43776
2021-06-18 09:47:06,6674.75,43776
2021-06-18 09:47:08,6675.05,43793
2021-06-18 09:47:09,6675.05,43793
2021-06-18 09:47:10,6678.0,43797
2021-06-18 09:47:11,6678.0,43801
2021-06-18 09:47:12,6678.0,43801
2021-06-18 09:47:13,6678.0,43801
2021-06-18 09:47:14,6678.0,43801
2021-06-18 09:47:15,6678.0,43803
2021-06-18 09:47:16,6678.0,43803
2021-06-18 09:47:17,6675.65,43810
2021-06-18 09:47:18,6675.65,43810
2021-06-18 09:47:19,6675.65,43810
2021-06-18 09:47:19,6675.65,43810
2021-06-18 09:47:20,6675.65,43810
2021-06-18 09:47:22,6675.65,43810
2021-06-18 09:47:23,6675.65,43810
2021-06-18 09:47:24,6674.4,43925
2021-06-18 09:47:25,6674.4,43925
2021-06-18 09:47:26,6673.5,43928
2021-06-18 09:47:27,6673.5,43928
2021-06-18 09:47:28,6673.5,43928
2021-06-18 09:47:29,6673.5,43928
2021-06-18 09:47:30,6673.5,43928
2021-06-18 09:47:31,6671.0,43960
2021-06-18 09:47:32,6671.0,43962
2021-06-18 09:47:33,6671.0,43962
2021-06-18 09:47:34,6674.05,44012
2021-06-18 09:47:35,6674.05,44012
2021-06-18 09:47:36,6674.05,44012
2021-06-18 09:47:37,6671.0,44013
2021-06-18 09:47:38,6671.0,44013
2021-06-18 09:47:39,6671.15,44031
2021-06-18 09:47:41,6671.0,44052
2021-06-18 09:47:42,6671.0,44052
2021-06-18 09:47:43,6671.0,44052
2021-06-18 09:47:44,6671.0,44052
2021-06-18 09:47:48,6671.0,44074
2021-06-18 09:47:49,6673.8,44076
2021-06-18 09:47:50,6673.8,44076
2021-06-18 09:47:51,6673.8,44076
2021-06-18 09:47:52,6673.8,44076
2021-06-18 09:47:53,6673.8,44076
2021-06-18 09:47:54,6673.8,44076
2021-06-18 09:47:55,6673.8,44076
2021-06-18 09:47:56,6673.8,44076
2021-06-18 09:47:57,6674.0,44079
2021-06-18 09:47:58,6674.0,44079
2021-06-18 09:47:59,6674.0,44079
2021-06-18 09:48:00,6674.0,44079
2021-06-18 09:48:02,6674.0,44079
2021-06-18 09:48:01,6674.0,44079
2021-06-18 09:48:03,6671.0,44091
2021-06-18 09:48:04,6671.0,44091
2021-06-18 09:48:05,6671.0,44091
2021-06-18 09:48:06,6671.0,44151
2021-06-18 09:48:07,6673.7,44192
2021-06-18 09:48:08,6673.7,44192
2021-06-18 09:48:09,6668.0,44387
2021-06-18 09:48:10,6669.0,44392
2021-06-18 09:48:11,6669.0,44392
2021-06-18 09:48:12,6669.0,44392
2021-06-18 09:48:13,6666.85,44401
2021-06-18 09:48:14,6666.85,44401
2021-06-18 09:48:15,6666.85,44401
2021-06-18 09:48:16,6668.95,44404
2021-06-18 09:48:17,6666.05,44460
2021-06-18 09:48:18,6666.05,44460
2021-06-18 09:48:19,6666.05,44460
2021-06-18 09:48:20,6666.05,44460
2021-06-18 09:48:21,6666.05,44460
2021-06-18 09:48:22,6666.1,44463
2021-06-18 09:48:23,6666.45,44473
2021-06-18 09:48:24,6668.7,44490
2021-06-18 09:48:25,6668.7,44490
2021-06-18 09:48:26,6666.55,44500
2021-06-18 09:48:27,6666.55,44500
2021-06-18 09:48:28,6666.55,44500
2021-06-18 09:48:29,6666.55,44500
2021-06-18 09:48:30,6668.7,44502
2021-06-18 09:48:31,6668.7,44502
2021-06-18 09:48:32,6668.7,44502
2021-06-18 09:48:33,6668.7,44502
2021-06-18 09:48:34,6668.9,44576
2021-06-18 09:48:35,6668.9,44576
2021-06-18 09:48:36,6668.9,44576
2021-06-18 09:48:37,6668.9,44576
2021-06-18 09:48:38,6670.95,44579
2021-06-18 09:48:39,6670.95,44579
2021-06-18 09:48:40,6668.55,44580
2021-06-18 09:48:41,6667.25,44608
2021-06-18 09:48:42,6667.25,44608
2021-06-18 09:48:43,6667.25,44608
2021-06-18 09:48:44,6667.25,44608
2021-06-18 09:48:45,6667.25,44608
2021-06-18 09:48:46,6667.25,44618
2021-06-18 09:48:47,6666.0,44701
2021-06-18 09:48:49,6665.4,44710
2021-06-18 09:48:50,6665.4,44710
2021-06-18 09:48:51,6665.4,44710
2021-06-18 09:48:52,6665.4,44710
2021-06-18 09:48:53,6665.4,44710
2021-06-18 09:48:54,6665.4,44710
2021-06-18 09:48:56,6665.4,44710
2021-06-18 09:48:58,6666.0,44711
2021-06-18 09:48:59,6666.0,44711
2021-06-18 09:49:00,6665.7,44766
2021-06-18 09:49:01,6660.0,45156
2021-06-18 09:49:02,6662.75,45163
2021-06-18 09:49:03,6662.0,45164
2021-06-18 09:49:04,6655.8,45580
2021-06-18 09:49:05,6655.1,45595
2021-06-18 09:49:06,6655.1,45595
2021-06-18 09:49:07,6655.1,45622
2021-06-18 09:49:08,6655.1,45622
2021-06-18 09:49:09,6655.1,45649
2021-06-18 09:49:10,6659.1,45690
2021-06-18 09:49:11,6655.55,45705
2021-06-18 09:49:12,6655.1,45706
2021-06-18 09:49:13,6655.1,45706
2021-06-18 09:49:14,6655.1,45706
2021-06-18 09:49:15,6655.1,45706
2021-06-18 09:49:16,6655.1,45706
2021-06-18 09:49:17,6658.25,45742
2021-06-18 09:49:18,6658.25,45742
2021-06-18 09:49:19,6658.25,45742
2021-06-18 09:49:20,6658.15,45743
2021-06-18 09:49:21,6658.15,45743
2021-06-18 09:49:22,6658.15,45743
2021-06-18 09:49:23,6658.15,45743
2021-06-18 09:49:24,6658.15,45743
2021-06-18 09:49:25,6658.15,45743
2021-06-18 09:49:26,6658.15,45743
2021-06-18 09:49:27,6661.55,45868
2021-06-18 09:49:28,6661.55,45868
2021-06-18 09:49:30,6661.0,45940
2021-06-18 09:49:31,6661.0,45940
2021-06-18 09:49:32,6660.15,45955
2021-06-18 09:49:34,6662.9,45960
2021-06-18 09:49:34,6663.0,45963
2021-06-18 09:49:35,6665.0,46011
2021-06-18 09:49:36,6669.45,46105
2021-06-18 09:49:37,6669.45,46105
2021-06-18 09:49:38,6666.6,46110
2021-06-18 09:49:40,6669.0,46115
2021-06-18 09:49:40,6669.0,46115
2021-06-18 09:49:42,6674.4,46163
2021-06-18 09:49:43,6672.05,46168
2021-06-18 09:49:44,6670.3,46172
2021-06-18 09:49:45,6670.3,46172
2021-06-18 09:49:46,6669.0,46197
2021-06-18 09:49:47,6669.0,46197
2021-06-18 09:49:48,6669.0,46197
2021-06-18 09:49:48,6669.0,46197
2021-06-18 09:49:49,6669.0,46197
2021-06-18 09:49:50,6665.05,46315
2021-06-18 09:49:51,6665.05,46315
2021-06-18 09:49:52,6667.35,46327
2021-06-18 09:49:53,6666.9,46369
2021-06-18 09:49:54,6666.9,46377
2021-06-18 09:49:56,6666.9,46377
2021-06-18 09:49:57,6667.25,46378
2021-06-18 09:49:57,6671.05,46453
2021-06-18 09:49:58,6671.05,46453
2021-06-18 09:49:59,6670.8,46456
2021-06-18 09:50:01,6669.0,46457
2021-06-18 09:50:02,6669.0,46457
2021-06-18 09:50:03,6670.05,46477
2021-06-18 09:50:05,6670.05,46477
2021-06-18 09:50:04,6670.05,46477
2021-06-18 09:50:06,6671.4,46479
2021-06-18 09:50:07,6671.5,46481
2021-06-18 09:50:09,6671.5,46481
2021-06-18 09:50:09,6671.5,46481
2021-06-18 09:50:10,6668.4,46506
2021-06-18 09:50:11,6668.4,46506
2021-06-18 09:50:12,6668.4,46506
2021-06-18 09:50:13,6668.4,46506
2021-06-18 09:50:14,6668.4,46511
2021-06-18 09:50:15,6668.4,46535
2021-06-18 09:50:16,6668.4,46564
2021-06-18 09:50:17,6667.9,46576
2021-06-18 09:50:18,6666.9,46616
2021-06-18 09:50:19,6663.0,46633
2021-06-18 09:50:21,6665.8,46757
2021-06-18 09:50:21,6665.7,46824
2021-06-18 09:50:22,6665.65,46825
2021-06-18 09:50:23,6663.6,46831
2021-06-18 09:50:24,6663.6,46831
2021-06-18 09:50:25,6663.6,46831
2021-06-18 09:50:26,6663.6,46831
2021-06-18 09:50:28,6664.7,46876
2021-06-18 09:50:29,6665.0,46878
2021-06-18 09:50:29,6665.0,46878
2021-06-18 09:50:30,6665.2,46880
2021-06-18 09:50:32,6665.1,46902
2021-06-18 09:50:33,6665.1,46902
2021-06-18 09:50:35,6667.25,47055
2021-06-18 09:50:34,6665.1,46902
2021-06-18 09:50:36,6667.2,47059
2021-06-18 09:50:37,6667.2,47059
2021-06-18 09:50:38,6667.9,47071
2021-06-18 09:50:39,6667.9,47073
2021-06-18 09:50:40,6667.9,47073
2021-06-18 09:50:42,6667.55,47101
2021-06-18 09:50:44,6667.55,47107
2021-06-18 09:50:44,6667.55,47107
2021-06-18 09:50:46,6667.55,47123
2021-06-18 09:50:46,6667.55,47123
2021-06-18 09:50:47,6667.55,47123
2021-06-18 09:50:48,6667.55,47125
2021-06-18 09:50:49,6667.55,47125
2021-06-18 09:50:51,6667.55,47125
2021-06-18 09:50:51,6667.55,47125
2021-06-18 09:50:52,6665.05,47230
2021-06-18 09:50:53,6667.55,47235
2021-06-18 09:50:54,6667.55,47235
2021-06-18 09:50:55,6667.9,47236
2021-06-18 09:50:56,6667.9,47236
2021-06-18 09:50:57,6667.9,47242
2021-06-18 09:50:58,6670.0,47261
2021-06-18 09:50:59,6666.2,47344
2021-06-18 09:51:01,6666.2,47344
2021-06-18 09:51:01,6666.2,47344
2021-06-18 09:51:02,6670.0,47372
2021-06-18 09:51:04,6672.0,47374
2021-06-18 09:51:04,6672.0,47374
2021-06-18 09:51:06,6674.95,47387
2021-06-18 09:51:07,6670.5,47446
2021-06-18 09:51:08,6670.5,47446
2021-06-18 09:51:09,6670.5,47446
2021-06-18 09:51:11,6673.95,47448
2021-06-18 09:51:11,6673.95,47448
2021-06-18 09:51:12,6673.95,47448
2021-06-18 09:51:13,6674.0,47470
2021-06-18 09:51:14,6674.0,47470
2021-06-18 09:51:15,6671.8,47493
2021-06-18 09:51:16,6675.0,47504
2021-06-18 09:51:17,6671.95,47563
2021-06-18 09:51:18,6671.95,47563
2021-06-18 09:51:19,6673.8,47573
2021-06-18 09:51:20,6674.6,47577
2021-06-18 09:51:21,6674.0,47602
2021-06-18 09:51:22,6674.0,47602
2021-06-18 09:51:23,6674.0,47627
2021-06-18 09:51:24,6674.0,47627
2021-06-18 09:51:25,6674.0,47627
2021-06-18 09:51:26,6675.0,47643
2021-06-18 09:51:27,6675.0,47643
2021-06-18 09:51:28,6675.0,47644
2021-06-18 09:51:29,6675.0,47644
2021-06-18 09:51:30,6675.0,47644
2021-06-18 09:51:32,6675.0,47645
2021-06-18 09:51:32,6675.0,47644
2021-06-18 09:51:33,6675.0,47650
2021-06-18 09:51:34,6675.0,47659
2021-06-18 09:51:35,6675.0,47659
2021-06-18 09:51:36,6675.0,47660
2021-06-18 09:51:37,6675.0,47660
2021-06-18 09:51:38,6675.0,47663
2021-06-18 09:51:39,6672.75,47664
2021-06-18 09:51:40,6672.75,47664
2021-06-18 09:51:41,6672.75,47664
2021-06-18 09:51:42,6672.75,47664
2021-06-18 09:51:43,6672.75,47664
2021-06-18 09:51:44,6672.75,47664
2021-06-18 09:51:46,6672.75,47664
2021-06-18 09:51:47,6672.75,47664
2021-06-18 09:51:48,6672.75,47664
2021-06-18 09:51:48,6672.75,47664
2021-06-18 09:51:50,6672.75,47664
2021-06-18 09:51:52,6672.75,47664
2021-06-18 09:51:53,6672.75,47664
2021-06-18 09:51:54,6673.0,47714
2021-06-18 09:51:55,6673.0,47714
2021-06-18 09:51:56,6673.0,47714
2021-06-18 09:51:57,6673.0,47714
2021-06-18 09:51:58,6673.0,47714
2021-06-18 09:52:00,6673.0,47714
2021-06-18 09:52:01,6673.0,47714
2021-06-18 09:52:02,6673.0,47714
2021-06-18 09:52:03,6673.0,47714
2021-06-18 09:52:04,6673.0,47714
2021-06-18 09:52:05,6673.0,47714
2021-06-18 09:52:05,6673.0,47714
2021-06-18 09:52:06,6673.0,47714
2021-06-18 09:52:08,6673.0,47714
2021-06-18 09:52:09,6673.0,47716
2021-06-18 09:52:10,6673.0,47716
2021-06-18 09:52:11,6673.0,47716
2021-06-18 09:52:13,6673.0,47716
2021-06-18 09:52:13,6673.0,47716
2021-06-18 09:52:14,6673.0,47748
2021-06-18 09:52:15,6672.75,47782
2021-06-18 09:52:16,6671.95,47853
2021-06-18 09:52:18,6671.85,47856
2021-06-18 09:52:19,6671.85,47856
2021-06-18 09:52:20,6671.85,47856
2021-06-18 09:52:20,6671.85,47856
2021-06-18 09:52:21,6671.85,47856
2021-06-18 09:52:22,6671.85,47876
2021-06-18 09:52:24,6670.0,47883
2021-06-18 09:52:24,6670.0,47907
2021-06-18 09:52:25,6670.0,47907
2021-06-18 09:52:26,6670.0,47907
2021-06-18 09:52:27,6670.0,47907
2021-06-18 09:52:29,6665.0,47952
2021-06-18 09:52:30,6665.0,47952
2021-06-18 09:52:31,6665.0,47952
2021-06-18 09:52:32,6668.0,47953
2021-06-18 09:52:32,6668.0,47953
2021-06-18 09:52:33,6668.0,47953
2021-06-18 09:52:34,6668.0,47953
2021-06-18 09:52:35,6668.0,47953
2021-06-18 09:52:37,6668.0,47953
2021-06-18 09:52:38,6668.0,47953
2021-06-18 09:52:39,6668.0,47953
2021-06-18 09:52:39,6668.0,47953
2021-06-18 09:52:41,6668.0,47953
2021-06-18 09:52:42,6668.0,47953
2021-06-18 09:52:43,6668.0,47953
2021-06-18 09:52:44,6668.0,47953
2021-06-18 09:52:45,6668.0,47953
2021-06-18 09:52:45,6668.0,47953
2021-06-18 09:52:46,6668.0,47953
2021-06-18 09:52:47,6668.0,47953
2021-06-18 09:52:48,6666.0,47954
2021-06-18 09:52:51,6665.0,47964
2021-06-18 09:52:51,6665.0,47967
2021-06-18 09:52:52,6665.0,47967
2021-06-18 09:52:53,6665.0,47967
2021-06-18 09:52:55,6663.0,48078
2021-06-18 09:52:56,6661.1,48085
2021-06-18 09:52:58,6663.6,48096
2021-06-18 09:52:59,6663.6,48096
2021-06-18 09:53:00,6662.1,48108
2021-06-18 09:53:00,6662.1,48108
2021-06-18 09:53:01,6662.25,48156
2021-06-18 09:53:02,6662.25,48156
2021-06-18 09:53:04,6665.45,48182
2021-06-18 09:53:04,6665.45,48182
2021-06-18 09:53:05,6668.7,48184
2021-06-18 09:53:06,6668.7,48184
2021-06-18 09:53:07,6668.7,48184
2021-06-18 09:53:08,6669.9,48185
2021-06-18 09:53:09,6669.9,48185
2021-06-18 09:53:10,6663.65,48196
2021-06-18 09:53:11,6664.15,48262
2021-06-18 09:53:12,6663.65,48281
2021-06-18 09:53:13,6663.65,48281
2021-06-18 09:53:15,6666.95,48291
2021-06-18 09:53:15,6666.95,48291
2021-06-18 09:53:16,6666.95,48291
2021-06-18 09:53:17,6666.95,48291
2021-06-18 09:53:18,6667.9,48299
2021-06-18 09:53:19,6667.9,48299
2021-06-18 09:53:20,6667.9,48299
2021-06-18 09:53:21,6667.9,48299
2021-06-18 09:53:22,6667.9,48299
2021-06-18 09:53:23,6667.9,48299
2021-06-18 09:53:24,6667.9,48299
2021-06-18 09:53:25,6667.9,48299
2021-06-18 09:53:27,6667.9,48299
2021-06-18 09:53:28,6667.9,48299
2021-06-18 09:53:28,6665.6,48312
2021-06-18 09:53:29,6665.6,48312
2021-06-18 09:53:30,6665.6,48312
2021-06-18 09:53:32,6665.6,48312
2021-06-18 09:53:33,6665.6,48312
2021-06-18 09:53:35,6665.6,48312
2021-06-18 09:53:35,6665.6,48312
2021-06-18 09:53:36,6665.6,48312
2021-06-18 09:53:37,6667.9,48325
2021-06-18 09:53:38,6667.8,48412
2021-06-18 09:53:39,6667.8,48412
2021-06-18 09:53:40,6667.8,48412
2021-06-18 09:53:41,6670.45,48422
2021-06-18 09:53:42,6670.45,48422
2021-06-18 09:53:43,6670.45,48422
2021-06-18 09:53:44,6667.95,48484
2021-06-18 09:53:45,6667.95,48484
2021-06-18 09:53:46,6667.95,48484
2021-06-18 09:53:47,6667.95,48484
2021-06-18 09:53:48,6667.95,48484
2021-06-18 09:53:49,6667.85,48499
2021-06-18 09:53:50,6667.85,48499
2021-06-18 09:53:51,6668.15,48526
2021-06-18 09:53:52,6668.15,48526
2021-06-18 09:53:53,6668.15,48526
2021-06-18 09:53:54,6668.15,48526
2021-06-18 09:53:55,6668.15,48526
2021-06-18 09:53:56,6668.15,48526
2021-06-18 09:53:57,6668.15,48526
2021-06-18 09:53:58,6668.0,48531
2021-06-18 09:53:59,6668.0,48531
2021-06-18 09:54:00,6666.0,48558
2021-06-18 09:54:01,6666.0,48558
2021-06-18 09:54:02,6666.0,48561
2021-06-18 09:54:03,6667.15,48562
2021-06-18 09:54:04,6667.15,48562
2021-06-18 09:54:05,6667.45,48564
2021-06-18 09:54:06,6665.25,48846
2021-06-18 09:54:07,6665.25,49064
2021-06-18 09:54:08,6665.2,49066
2021-06-18 09:54:09,6665.25,49083
2021-06-18 09:54:10,6665.25,49083
2021-06-18 09:54:12,6665.25,49086
2021-06-18 09:54:13,6665.25,49099
2021-06-18 09:54:14,6665.25,49108
2021-06-18 09:54:15,6665.25,49110
2021-06-18 09:54:16,6665.25,49110
2021-06-18 09:54:17,6665.25,49122
2021-06-18 09:54:18,6665.25,49122
2021-06-18 09:54:19,6665.25,49203
2021-06-18 09:54:20,6665.25,49203
2021-06-18 09:54:21,6665.25,49203
2021-06-18 09:54:22,6665.25,49203
2021-06-18 09:54:23,6665.25,49204
2021-06-18 09:54:23,6665.25,49204
2021-06-18 09:54:24,6665.25,49204
2021-06-18 09:54:25,6665.25,49204
2021-06-18 09:54:26,6665.25,49211
2021-06-18 09:54:27,6665.25,49211
2021-06-18 09:54:28,6665.25,49211
2021-06-18 09:54:29,6663.55,49212
2021-06-18 09:54:31,6663.55,49212
2021-06-18 09:54:31,6663.55,49212
2021-06-18 09:54:32,6663.55,49212
2021-06-18 09:54:33,6663.55,49212
2021-06-18 09:54:35,6663.55,49218
2021-06-18 09:54:35,6663.55,49218
2021-06-18 09:54:36,6664.6,49219
2021-06-18 09:54:37,6663.55,49223
2021-06-18 09:54:38,6662.95,49227
2021-06-18 09:54:39,6662.95,49227
2021-06-18 09:54:40,6662.8,49238
2021-06-18 09:54:41,6662.8,49238
2021-06-18 09:54:42,6660.0,49355
2021-06-18 09:54:44,6659.85,49456
2021-06-18 09:54:44,6659.85,49456
2021-06-18 09:54:45,6659.85,49456
2021-06-18 09:54:46,6657.0,49506
2021-06-18 09:54:47,6660.95,49513
2021-06-18 09:54:48,6660.95,49513
2021-06-18 09:54:49,6657.05,49596
2021-06-18 09:54:50,6657.05,49596
2021-06-18 09:54:53,6657.05,49596
2021-06-18 09:54:54,6660.8,49597
2021-06-18 09:54:55,6657.85,49607
2021-06-18 09:54:56,6657.85,49607
2021-06-18 09:54:57,6657.85,49607
2021-06-18 09:54:58,6657.85,49607
2021-06-18 09:54:59,6657.85,49607
2021-06-18 09:55:00,6657.85,49608
2021-06-18 09:55:01,6657.85,49608
2021-06-18 09:55:02,6657.85,49608
2021-06-18 09:55:03,6657.85,49608
2021-06-18 09:55:04,6657.85,49608
2021-06-18 09:55:05,6657.85,49608
2021-06-18 09:55:06,6658.0,49610
2021-06-18 09:55:07,6658.0,49610
2021-06-18 09:55:08,6658.0,49620
2021-06-18 09:55:09,6658.0,49620
2021-06-18 09:55:10,6658.0,49630
2021-06-18 09:55:11,6658.0,49630
2021-06-18 09:55:13,6659.4,49644
2021-06-18 09:55:14,6657.9,49744
2021-06-18 09:55:15,6657.9,49744
2021-06-18 09:55:16,6659.9,49758
2021-06-18 09:55:17,6659.9,49758
2021-06-18 09:55:19,6660.0,49794
2021-06-18 09:55:20,6660.0,49794
2021-06-18 09:55:21,6657.9,49795
2021-06-18 09:55:22,6657.9,49795
2021-06-18 09:55:23,6657.9,49821
2021-06-18 09:55:26,6657.9,49846
2021-06-18 09:55:27,6657.85,49850
2021-06-18 09:55:28,6660.0,49860
2021-06-18 09:55:29,6660.0,49870
2021-06-18 09:55:31,6660.0,49870
2021-06-18 09:55:32,6659.4,49874
2021-06-18 09:55:33,6659.4,49874
2021-06-18 09:55:34,6657.0,49894
2021-06-18 09:55:35,6658.2,49924
2021-06-18 09:55:36,6658.2,49924
2021-06-18 09:55:37,6658.2,49924
2021-06-18 09:55:38,6658.2,49924
2021-06-18 09:55:39,6659.05,49927
2021-06-18 09:55:41,6657.05,49931
2021-06-18 09:55:42,6657.05,49931
2021-06-18 09:55:43,6657.05,49931
2021-06-18 09:55:43,6657.05,49931
2021-06-18 09:55:45,6659.1,49934
2021-06-18 09:55:45,6659.1,49934
2021-06-18 09:55:46,6659.1,49940
2021-06-18 09:55:47,6659.1,49940
2021-06-18 09:55:48,6659.1,49940
2021-06-18 09:55:49,6659.1,49940
2021-06-18 09:55:50,6659.0,49945
2021-06-18 09:55:51,6659.0,49945
2021-06-18 09:55:52,6657.9,49947
2021-06-18 09:55:53,6657.9,49947
2021-06-18 09:55:55,6657.9,49947
2021-06-18 09:55:56,6658.35,49958
2021-06-18 09:55:58,6658.35,49958
2021-06-18 09:55:58,6658.35,49958
2021-06-18 09:56:00,6658.35,49958
2021-06-18 09:56:00,6658.35,49958
2021-06-18 09:56:02,6657.2,49964
2021-06-18 09:56:02,6657.2,49964
2021-06-18 09:56:03,6657.0,50014
2021-06-18 09:56:04,6657.0,50014
2021-06-18 09:56:06,6659.6,50015
2021-06-18 09:56:06,6659.6,50015
2021-06-18 09:56:07,6659.6,50015
2021-06-18 09:56:08,6659.6,50015
2021-06-18 09:56:10,6659.6,50015
2021-06-18 09:56:11,6657.0,50031
2021-06-18 09:56:11,6657.0,50031
2021-06-18 09:56:12,6646.65,51391
2021-06-18 09:56:13,6645.5,51403
2021-06-18 09:56:14,6646.8,51735
2021-06-18 09:56:15,6644.3,51869
2021-06-18 09:56:17,6644.3,51869
2021-06-18 09:56:18,6644.3,51869
2021-06-18 09:56:19,6638.45,52160
2021-06-18 09:56:20,6645.85,53065
2021-06-18 09:56:21,6642.35,53075
2021-06-18 09:56:22,6645.4,53086
2021-06-18 09:56:22,6642.65,53173
2021-06-18 09:56:23,6642.65,53173
2021-06-18 09:56:24,6640.65,53216
2021-06-18 09:56:25,6640.65,53216
2021-06-18 09:56:26,6642.7,53227
2021-06-18 09:56:27,6642.7,53227
2021-06-18 09:56:29,6641.6,53371
2021-06-18 09:56:32,6645.4,53600
2021-06-18 09:56:33,6645.4,53600
2021-06-18 09:56:36,6648.8,53650
2021-06-18 09:56:37,6647.4,53701
2021-06-18 09:56:38,6648.3,53833
2021-06-18 09:56:39,6648.3,53833
2021-06-18 09:56:40,6647.05,53834
2021-06-18 09:56:41,6647.95,53835
2021-06-18 09:56:42,6648.4,53930
2021-06-18 09:56:43,6648.4,53930
2021-06-18 09:56:44,6643.2,53969
2021-06-18 09:56:45,6645.6,53989
2021-06-18 09:56:46,6641.95,53999
2021-06-18 09:56:47,6641.35,54165
2021-06-18 09:56:48,6641.45,54181
2021-06-18 09:56:48,6641.45,54181
2021-06-18 09:56:49,6636.6,54742
2021-06-18 09:56:50,6635.7,54768
2021-06-18 09:56:51,6636.6,54828
2021-06-18 09:56:52,6632.45,54848
2021-06-18 09:56:54,6632.45,54848
2021-06-18 09:56:55,6632.5,54877
2021-06-18 09:56:56,6635.4,54970
2021-06-18 09:56:57,6635.35,54975
2021-06-18 09:56:59,6635.35,54975
2021-06-18 09:57:00,6635.35,54975
2021-06-18 09:57:01,6635.35,54975
2021-06-18 09:57:02,6635.35,54975
2021-06-18 09:57:03,6635.35,54975
2021-06-18 09:57:04,6632.5,54991
2021-06-18 09:57:05,6632.5,54996
2021-06-18 09:57:06,6632.5,54996
2021-06-18 09:57:09,6633.0,54999
2021-06-18 09:57:09,6633.0,55002
2021-06-18 09:57:10,6633.0,55002
2021-06-18 09:57:11,6633.0,55022
2021-06-18 09:57:12,6631.7,55066
2021-06-18 09:57:13,6629.0,55177
2021-06-18 09:57:14,6629.0,55184
2021-06-18 09:57:16,6630.25,55231
2021-06-18 09:57:17,6629.8,55240
2021-06-18 09:57:17,6629.8,55240
2021-06-18 09:57:18,6629.8,55244
2021-06-18 09:57:19,6621.05,55814
2021-06-18 09:57:20,6624.9,55846
2021-06-18 09:57:21,6626.75,55952
2021-06-18 09:57:22,6621.75,55972
2021-06-18 09:57:23,6626.55,56184
2021-06-18 09:57:24,6626.55,56184
2021-06-18 09:57:25,6622.4,56199
2021-06-18 09:57:26,6622.4,56199
2021-06-18 09:57:27,6622.4,56199
2021-06-18 09:57:28,6622.5,56209
2021-06-18 09:57:29,6625.0,56232
2021-06-18 09:57:31,6625.0,56232
2021-06-18 09:57:33,6625.0,56232
2021-06-18 09:57:34,6625.0,56232
2021-06-18 09:57:35,6624.25,56233
2021-06-18 09:57:36,6625.0,56333
2021-06-18 09:57:37,6625.0,56333
2021-06-18 09:57:38,6620.0,56502
2021-06-18 09:57:39,6620.0,56502
2021-06-18 09:57:40,6620.0,56502
2021-06-18 09:57:41,6624.4,56602
2021-06-18 09:57:41,6621.05,56608
2021-06-18 09:57:42,6621.05,56608
2021-06-18 09:57:43,6621.05,56608
2021-06-18 09:57:44,6621.05,56608
2021-06-18 09:57:45,6621.05,56612
2021-06-18 09:57:46,6621.05,56612
2021-06-18 09:57:47,6621.05,56612
2021-06-18 09:57:48,6620.0,56755
2021-06-18 09:57:49,6620.0,56755
2021-06-18 09:57:50,6620.0,56755
2021-06-18 09:57:51,6621.05,56775
2021-06-18 09:57:52,6619.15,56788
2021-06-18 09:57:53,6619.15,56788
2021-06-18 09:57:54,6619.15,56788
2021-06-18 09:57:55,6619.15,56788
2021-06-18 09:57:58,6619.25,56924
2021-06-18 09:57:59,6619.25,56924
2021-06-18 09:58:00,6619.25,56924
2021-06-18 09:58:01,6619.25,56924
2021-06-18 09:58:02,6623.15,57003
2021-06-18 09:58:03,6623.55,57025
2021-06-18 09:58:04,6623.45,57065
2021-06-18 09:58:05,6623.45,57065
2021-06-18 09:58:06,6623.45,57072
2021-06-18 09:58:07,6623.45,57072
2021-06-18 09:58:08,6623.45,57072
2021-06-18 09:58:10,6628.65,57158
2021-06-18 09:58:11,6629.95,57164
2021-06-18 09:58:12,6629.95,57164
2021-06-18 09:58:13,6629.95,57164
2021-06-18 09:58:14,6629.95,57164
2021-06-18 09:58:15,6629.95,57164
2021-06-18 09:58:16,6629.95,57164
2021-06-18 09:58:17,6629.95,57164
2021-06-18 09:58:18,6633.0,57202
2021-06-18 09:58:19,6633.0,57202
2021-06-18 09:58:20,6633.05,57203
2021-06-18 09:58:21,6633.05,57203
2021-06-18 09:58:22,6633.05,57203
2021-06-18 09:58:23,6633.05,57203
2021-06-18 09:58:24,6634.25,57281
2021-06-18 09:58:25,6637.45,57323
2021-06-18 09:58:26,6637.7,57377
2021-06-18 09:58:27,6637.55,57385
2021-06-18 09:58:28,6637.55,57385
2021-06-18 09:58:29,6634.75,57390
2021-06-18 09:58:30,6634.35,57457
2021-06-18 09:58:31,6636.7,57497
2021-06-18 09:58:32,6636.7,57497
2021-06-18 09:58:33,6636.7,57497
2021-06-18 09:58:34,6636.7,57497
2021-06-18 09:58:35,6636.7,57497
2021-06-18 09:58:36,6636.7,57497
2021-06-18 09:58:37,6637.0,57557
2021-06-18 09:58:38,6637.0,57557
2021-06-18 09:58:39,6637.0,57557
2021-06-18 09:58:40,6637.0,57557
2021-06-18 09:58:41,6637.0,57557
2021-06-18 09:58:42,6633.05,57657
2021-06-18 09:58:43,6629.95,57757
2021-06-18 09:58:44,6631.2,57763
2021-06-18 09:58:45,6631.2,57763
2021-06-18 09:58:46,6631.2,57763
2021-06-18 09:58:47,6631.2,57763
2021-06-18 09:58:48,6631.2,57763
2021-06-18 09:58:50,6631.4,57768
2021-06-18 09:58:49,6631.4,57768
2021-06-18 09:58:51,6629.0,57772
2021-06-18 09:58:52,6631.8,57842
2021-06-18 09:58:53,6631.8,57842
2021-06-18 09:58:54,6631.8,57842
2021-06-18 09:58:55,6631.3,57847
2021-06-18 09:58:56,6631.3,58343
2021-06-18 09:58:57,6637.0,58350
2021-06-18 09:58:58,6637.0,58350
2021-06-18 09:58:59,6637.0,58350
2021-06-18 09:59:00,6637.0,58350
2021-06-18 09:59:01,6637.0,58350
2021-06-18 09:59:02,6636.0,58450
2021-06-18 09:59:03,6636.0,58461
2021-06-18 09:59:04,6636.0,58461
2021-06-18 09:59:05,6636.0,58461
2021-06-18 09:59:06,6634.55,58479
2021-06-18 09:59:07,6634.55,58479
2021-06-18 09:59:08,6634.55,58479
2021-06-18 09:59:09,6634.55,58484
2021-06-18 09:59:10,6634.55,58484
2021-06-18 09:59:11,6634.55,58484
2021-06-18 09:59:12,6634.55,58484
2021-06-18 09:59:14,6633.0,58494
2021-06-18 09:59:16,6633.0,58494
2021-06-18 09:59:17,6632.9,58499
2021-06-18 09:59:18,6632.9,58499
2021-06-18 09:59:19,6632.9,58499
2021-06-18 09:59:20,6632.9,58499
2021-06-18 09:59:21,6632.9,58499
2021-06-18 09:59:22,6632.9,58535
2021-06-18 09:59:23,6632.9,58535
2021-06-18 09:59:24,6632.9,58535
2021-06-18 09:59:25,6632.9,58535
2021-06-18 09:59:26,6632.9,58535
2021-06-18 09:59:27,6632.85,58580
2021-06-18 09:59:28,6632.9,58582
2021-06-18 09:59:29,6632.9,58582
2021-06-18 09:59:30,6632.85,58584
2021-06-18 09:59:31,6632.85,58584
2021-06-18 09:59:32,6632.85,58614
2021-06-18 09:59:33,6632.85,58614
2021-06-18 09:59:35,6632.9,58659
2021-06-18 09:59:36,6628.75,59320
2021-06-18 09:59:37,6628.75,59320
2021-06-18 09:59:38,6628.75,59320
2021-06-18 09:59:39,6628.75,59320
2021-06-18 09:59:40,6630.1,59325
2021-06-18 09:59:41,6631.1,59360
2021-06-18 09:59:42,6631.1,59360
2021-06-18 09:59:43,6630.95,59361
2021-06-18 09:59:44,6628.75,59371
2021-06-18 09:59:45,6630.75,59372
2021-06-18 09:59:46,6630.75,59372
2021-06-18 09:59:47,6630.75,59372
2021-06-18 09:59:48,6630.75,59372
2021-06-18 09:59:49,6628.0,59373
2021-06-18 09:59:50,6628.0,59373
2021-06-18 09:59:51,6624.7,59575
2021-06-18 09:59:52,6624.7,59575
2021-06-18 09:59:53,6624.7,59575
2021-06-18 09:59:54,6624.7,59575
2021-06-18 09:59:55,6624.7,59575
2021-06-18 09:59:56,6624.7,59575
2021-06-18 09:59:57,6630.0,59637
2021-06-18 09:59:58,6630.0,59637
2021-06-18 09:59:59,6630.0,59637
2021-06-18 10:00:00,6627.0,59638
2021-06-18 10:00:01,6629.15,59732
2021-06-18 10:00:03,6629.1,59737
2021-06-18 10:00:04,6629.1,59737
2021-06-18 10:00:04,6629.1,59737
2021-06-18 10:00:06,6629.15,59742
2021-06-18 10:00:07,6629.15,59742
2021-06-18 10:00:08,6629.15,59742
2021-06-18 10:00:08,6629.15,59742
2021-06-18 10:00:10,6627.0,59748
2021-06-18 10:00:11,6627.0,59748
2021-06-18 10:00:12,6627.0,59748
2021-06-18 10:00:12,6627.0,59748
2021-06-18 10:00:13,6627.0,59748
2021-06-18 10:00:14,6630.0,59848
2021-06-18 10:00:15,6627.0,59887
2021-06-18 10:00:16,6627.0,59892
2021-06-18 10:00:17,6627.0,59892
2021-06-18 10:00:18,6627.0,59965
2021-06-18 10:00:19,6628.2,59979
2021-06-18 10:00:21,6627.0,60004
2021-06-18 10:00:22,6627.0,60004
2021-06-18 10:00:24,6629.4,60023
2021-06-18 10:00:24,6629.4,60023
2021-06-18 10:00:25,6629.4,60023
2021-06-18 10:00:26,6629.4,60023
2021-06-18 10:00:28,6629.85,60073
2021-06-18 10:00:29,6629.85,60073
2021-06-18 10:00:30,6629.85,60073
2021-06-18 10:00:31,6624.5,60174
2021-06-18 10:00:33,6625.85,60186
2021-06-18 10:00:34,6625.85,60186
2021-06-18 10:00:35,6625.85,60186
2021-06-18 10:00:36,6624.8,60206
2021-06-18 10:00:37,6628.05,60208
2021-06-18 10:00:37,6628.05,60208
2021-06-18 10:00:38,6625.8,60214
2021-06-18 10:00:39,6625.8,60214
2021-06-18 10:00:40,6628.05,60215
2021-06-18 10:00:41,6628.0,60289
2021-06-18 10:00:42,6624.6,60299
2021-06-18 10:00:43,6628.1,60381
2021-06-18 10:00:45,6628.1,60381
2021-06-18 10:00:46,6628.1,60381
2021-06-18 10:00:47,6628.1,60381
2021-06-18 10:00:48,6627.55,60382
2021-06-18 10:00:49,6627.55,60382
2021-06-18 10:00:50,6627.65,60406
2021-06-18 10:00:51,6627.65,60408
2021-06-18 10:00:52,6624.6,60433
2021-06-18 10:00:53,6624.6,60433
2021-06-18 10:00:54,6624.75,60453
2021-06-18 10:00:54,6624.75,60453
2021-06-18 10:00:56,6620.0,60974
2021-06-18 10:00:58,6626.15,60975
2021-06-18 10:01:00,6626.6,60977
2021-06-18 10:01:01,6626.6,60977
2021-06-18 10:01:02,6626.6,60977
2021-06-18 10:01:03,6626.6,60977
2021-06-18 10:01:04,6626.6,60977
2021-06-18 10:01:05,6626.6,60977
2021-06-18 10:01:05,6626.6,60977
2021-06-18 10:01:06,6626.6,60977
2021-06-18 10:01:07,6626.6,60977
2021-06-18 10:01:08,6626.6,60980
2021-06-18 10:01:09,6626.6,60980
2021-06-18 10:01:10,6625.0,60985
2021-06-18 10:01:11,6625.0,60985
2021-06-18 10:01:12,6625.0,60985
2021-06-18 10:01:13,6625.0,60985
2021-06-18 10:01:14,6620.0,61335
2021-06-18 10:01:15,6624.6,61341
2021-06-18 10:01:16,6624.45,61366
2021-06-18 10:01:17,6624.45,61366
2021-06-18 10:01:18,6620.8,61367
2021-06-18 10:01:19,6620.8,61367
2021-06-18 10:01:21,6620.0,61667
2021-06-18 10:01:20,6620.0,61567
2021-06-18 10:01:22,6620.0,61667
2021-06-18 10:01:24,6622.7,61668
2021-06-18 10:01:23,6620.0,61667
2021-06-18 10:01:25,6620.1,61669
2021-06-18 10:01:26,6620.1,61669
2021-06-18 10:01:27,6620.1,61669
2021-06-18 10:01:29,6622.7,61670
2021-06-18 10:01:30,6622.7,61670
2021-06-18 10:01:31,6622.7,61670
2021-06-18 10:01:32,6622.0,61671
2021-06-18 10:01:33,6620.0,61677
2021-06-18 10:01:34,6620.0,61677
2021-06-18 10:01:35,6620.0,61677
2021-06-18 10:01:36,6622.0,61678
2021-06-18 10:01:36,6622.0,61678
2021-06-18 10:01:38,6622.0,61700
2021-06-18 10:01:39,6622.0,61701
2021-06-18 10:01:40,6622.0,61701
2021-06-18 10:01:41,6620.8,61702
2021-06-18 10:01:43,6620.8,61702
2021-06-18 10:01:44,6622.0,61712
2021-06-18 10:01:46,6624.65,61796
2021-06-18 10:01:46,6624.7,61816
2021-06-18 10:01:48,6621.45,61818
2021-06-18 10:01:48,6621.45,61818
2021-06-18 10:01:49,6621.45,61818
2021-06-18 10:01:50,6621.45,61818
2021-06-18 10:01:51,6621.45,61818
2021-06-18 10:01:52,6620.1,61920
2021-06-18 10:01:54,6620.1,61920
2021-06-18 10:01:54,6620.1,61920
2021-06-18 10:01:55,6622.75,61925
2021-06-18 10:01:56,6621.45,61928
2021-06-18 10:01:57,6621.45,61928
2021-06-18 10:01:58,6621.45,61928
2021-06-18 10:01:59,6624.35,61989
2021-06-18 10:02:06,6624.45,62005
2021-06-18 10:02:07,6624.45,62006
2021-06-18 10:02:09,6620.0,62107
2021-06-18 10:02:10,6620.0,62107
2021-06-18 10:02:11,6620.0,62107
2021-06-18 10:02:11,6620.0,62107
2021-06-18 10:02:13,6620.0,62107
2021-06-18 10:02:14,6624.0,62157
2021-06-18 10:02:15,6624.0,62177
2021-06-18 10:02:16,6624.0,62177
2021-06-18 10:02:17,6621.0,62377
2021-06-18 10:02:18,6621.0,62377
2021-06-18 10:02:19,6621.0,62377
2021-06-18 10:02:20,6621.0,62377
2021-06-18 10:02:21,6621.0,62377
2021-06-18 10:02:21,6621.0,62377
2021-06-18 10:02:22,6625.0,62508
2021-06-18 10:02:23,6625.0,62508
2021-06-18 10:02:24,6625.0,62508
2021-06-18 10:02:26,6625.0,62508
2021-06-18 10:02:27,6625.0,62508
2021-06-18 10:02:28,6625.0,62508
2021-06-18 10:02:29,6626.85,62509
2021-06-18 10:02:30,6623.8,62517
2021-06-18 10:02:31,6623.8,62517
2021-06-18 10:02:32,6623.8,62517
2021-06-18 10:02:33,6626.85,62519
2021-06-18 10:02:34,6626.85,62522
2021-06-18 10:02:35,6626.85,62522
2021-06-18 10:02:36,6626.85,62522
2021-06-18 10:02:37,6626.85,62522
2021-06-18 10:02:38,6626.85,62522
2021-06-18 10:02:38,6627.4,62575
2021-06-18 10:02:40,6628.0,62606
2021-06-18 10:02:40,6628.0,62606
2021-06-18 10:02:41,6628.0,62606
2021-06-18 10:02:42,6629.5,62656
2021-06-18 10:02:43,6629.85,62657
2021-06-18 10:02:44,6629.5,62664
2021-06-18 10:02:45,6628.8,62800
2021-06-18 10:02:46,6628.75,62811
2021-06-18 10:02:47,6628.75,62811
2021-06-18 10:02:48,6628.75,62811
2021-06-18 10:02:49,6628.75,62811
2021-06-18 10:02:51,6628.0,62852
2021-06-18 10:02:53,6630.0,62873
2021-06-18 10:02:53,6628.0,62852
2021-06-18 10:02:54,6630.0,62873
2021-06-18 10:02:56,6630.0,62873
2021-06-18 10:02:57,6630.0,62873
2021-06-18 10:02:57,6626.8,62907
2021-06-18 10:02:58,6626.8,62907
2021-06-18 10:02:59,6626.8,62907
2021-06-18 10:03:00,6626.8,62907
2021-06-18 10:03:02,6626.8,62907
2021-06-18 10:03:03,6626.75,62918
2021-06-18 10:03:04,6626.75,62923
2021-06-18 10:03:05,6626.75,62923
2021-06-18 10:03:06,6627.6,63025
2021-06-18 10:03:07,6627.6,63025
2021-06-18 10:03:08,6621.05,63256
2021-06-18 10:03:09,6621.0,63357
2021-06-18 10:03:09,6621.0,63357
2021-06-18 10:03:10,6628.0,63467
2021-06-18 10:03:11,6628.2,63468
2021-06-18 10:03:13,6629.3,63589
2021-06-18 10:03:14,6629.3,63589
2021-06-18 10:03:15,6629.85,63590
2021-06-18 10:03:16,6629.9,63592
2021-06-18 10:03:19,6626.55,63756
2021-06-18 10:03:20,6626.55,63756
2021-06-18 10:03:21,6626.55,63756
2021-06-18 10:03:22,6626.55,63756
2021-06-18 10:03:23,6629.95,63784
2021-06-18 10:03:24,6629.95,63784
2021-06-18 10:03:25,6629.95,63784
2021-06-18 10:03:26,6629.95,63784
2021-06-18 10:03:27,6629.95,63784
2021-06-18 10:03:28,6628.2,64233
2021-06-18 10:03:29,6629.95,64238
2021-06-18 10:03:30,6630.75,64241
2021-06-18 10:03:31,6630.75,64241
2021-06-18 10:03:32,6631.5,64259
2021-06-18 10:03:33,6631.75,64280
2021-06-18 10:03:34,6631.75,64280
2021-06-18 10:03:35,6632.15,64301
2021-06-18 10:03:36,6629.4,64321
2021-06-18 10:03:37,6629.45,64323
2021-06-18 10:03:39,6629.4,64332
2021-06-18 10:03:40,6629.4,64333
2021-06-18 10:03:41,6627.6,64433
2021-06-18 10:03:42,6627.6,64433
2021-06-18 10:03:43,6627.6,64433
2021-06-18 10:03:44,6627.6,64433
2021-06-18 10:03:44,6627.6,64433
2021-06-18 10:03:46,6629.4,64464
2021-06-18 10:03:47,6629.4,64464
2021-06-18 10:03:48,6629.4,64464
2021-06-18 10:03:49,6629.4,64464
2021-06-18 10:03:50,6632.85,64490
2021-06-18 10:03:51,6635.0,64696
2021-06-18 10:03:52,6633.2,64697
2021-06-18 10:03:52,6633.2,64697
2021-06-18 10:03:53,6635.0,64742
2021-06-18 10:03:54,6635.0,64742
2021-06-18 10:03:55,6635.0,64742
2021-06-18 10:03:56,6635.0,64748
2021-06-18 10:03:57,6635.0,64803
2021-06-18 10:03:58,6636.0,65429
2021-06-18 10:03:59,6638.6,65449
2021-06-18 10:04:00,6638.6,65449
2021-06-18 10:04:02,6637.8,65460
2021-06-18 10:04:02,6637.8,65460
2021-06-18 10:04:04,6637.8,65460
2021-06-18 10:04:05,6637.8,65460
2021-06-18 10:04:06,6637.8,65460
2021-06-18 10:04:07,6637.8,65460
2021-06-18 10:04:08,6637.0,65480
2021-06-18 10:04:09,6635.5,65492
2021-06-18 10:04:11,6635.5,65492
2021-06-18 10:04:12,6636.95,65494
2021-06-18 10:04:14,6637.0,65497
2021-06-18 10:04:15,6637.0,65497
2021-06-18 10:04:16,6637.0,65497
2021-06-18 10:04:17,6637.1,65615
2021-06-18 10:04:18,6637.1,65615
2021-06-18 10:04:19,6637.1,65615
2021-06-18 10:04:20,6637.1,65615
2021-06-18 10:04:21,6637.1,65615
2021-06-18 10:04:22,6637.0,65617
2021-06-18 10:04:23,6637.0,65619
2021-06-18 10:04:24,6638.0,65622
2021-06-18 10:04:26,6637.0,65632
2021-06-18 10:04:27,6637.0,65632
2021-06-18 10:04:28,6640.0,65666
2021-06-18 10:04:29,6640.0,65666
2021-06-18 10:04:30,6640.0,65666
2021-06-18 10:04:31,6640.0,65666
2021-06-18 10:04:32,6640.0,65671
2021-06-18 10:04:34,6639.0,65738
2021-06-18 10:04:35,6639.0,65748
2021-06-18 10:04:36,6636.5,65867
2021-06-18 10:04:37,6638.8,65887
2021-06-18 10:04:38,6638.8,65887
2021-06-18 10:04:40,6637.7,65898
2021-06-18 10:04:41,6637.7,65898
2021-06-18 10:04:41,6635.95,65958
2021-06-18 10:04:42,6635.0,65974
2021-06-18 10:04:43,6635.0,65978
2021-06-18 10:04:44,6635.0,65978
2021-06-18 10:04:45,6635.0,65978
2021-06-18 10:04:46,6635.0,65978
2021-06-18 10:04:48,6635.35,65986
2021-06-18 10:04:50,6636.55,66003
2021-06-18 10:04:51,6636.55,66003
2021-06-18 10:04:52,6637.05,66023
2021-06-18 10:04:53,6637.05,66023
2021-06-18 10:04:54,6637.05,66023
2021-06-18 10:04:55,6637.05,66023
2021-06-18 10:04:57,6637.05,66023
2021-06-18 10:04:58,6637.05,66023
2021-06-18 10:04:59,6637.05,66023
2021-06-18 10:05:01,6635.35,66046
2021-06-18 10:05:02,6635.35,66046
2021-06-18 10:05:03,6637.0,66051
2021-06-18 10:05:03,6637.0,66051
2021-06-18 10:05:04,6637.0,66051
2021-06-18 10:05:05,6637.0,66051
2021-06-18 10:05:06,6637.0,66051
2021-06-18 10:05:07,6637.0,66051
2021-06-18 10:05:08,6636.95,66052
2021-06-18 10:05:09,6636.95,66052
2021-06-18 10:05:10,6636.95,66068
2021-06-18 10:05:12,6636.95,66088
2021-06-18 10:05:12,6637.0,66205
2021-06-18 10:05:13,6637.2,66208
2021-06-18 10:05:14,6638.8,66214
2021-06-18 10:05:15,6638.8,66214
2021-06-18 10:05:16,6636.0,66219
2021-06-18 10:05:17,6636.0,66219
2021-06-18 10:05:18,6636.0,66219
2021-06-18 10:05:19,6636.0,66220
2021-06-18 10:05:20,6636.0,66227
2021-06-18 10:05:21,6636.0,66227
2021-06-18 10:05:22,6636.0,66227
2021-06-18 10:05:23,6636.0,66227
2021-06-18 10:05:24,6636.0,66227
2021-06-18 10:05:25,6638.5,66247
2021-06-18 10:05:26,6636.0,66266
2021-06-18 10:05:27,6636.0,66266
2021-06-18 10:05:28,6636.0,66266
2021-06-18 10:05:29,6637.8,66272
2021-06-18 10:05:30,6637.8,66272
2021-06-18 10:05:31,6637.8,66272
2021-06-18 10:05:32,6637.75,66281
2021-06-18 10:05:33,6637.75,66281
2021-06-18 10:05:34,6638.15,66306
2021-06-18 10:05:35,6638.15,66306
2021-06-18 10:05:36,6639.2,66339
2021-06-18 10:05:37,6639.2,66345
2021-06-18 10:05:39,6639.2,66345
2021-06-18 10:05:40,6639.2,66345
2021-06-18 10:05:41,6639.2,66345
2021-06-18 10:05:41,6639.2,66345
2021-06-18 10:05:42,6630.0,66882
2021-06-18 10:05:43,6632.75,66914
2021-06-18 10:05:44,6629.8,67041
2021-06-18 10:05:45,6627.25,67076
2021-06-18 10:05:46,6627.25,67076
2021-06-18 10:05:48,6627.25,67076
2021-06-18 10:05:49,6627.25,67076
2021-06-18 10:05:50,6629.4,67090
2021-06-18 10:05:51,6629.4,67090
2021-06-18 10:05:52,6629.4,67097
2021-06-18 10:05:53,6630.95,67106
2021-06-18 10:05:53,6630.95,67106
2021-06-18 10:05:57,6630.95,67106
2021-06-18 10:05:58,6630.95,67106
2021-06-18 10:05:58,6630.95,67106
2021-06-18 10:06:00,6630.95,67106
2021-06-18 10:06:00,6630.95,67106
2021-06-18 10:06:01,6628.5,67131
2021-06-18 10:06:03,6631.1,67137
2021-06-18 10:06:04,6631.1,67163
2021-06-18 10:06:05,6631.1,67163
2021-06-18 10:06:06,6631.1,67163
2021-06-18 10:06:07,6633.65,67164
2021-06-18 10:06:08,6636.95,67191
2021-06-18 10:06:10,6637.2,67204
2021-06-18 10:06:11,6637.2,67204
2021-06-18 10:06:12,6637.55,67205
2021-06-18 10:06:12,6634.0,67310
2021-06-18 10:06:13,6634.0,67310
2021-06-18 10:06:14,6634.0,67310
2021-06-18 10:06:15,6635.75,67312
2021-06-18 10:06:16,6635.75,67312
2021-06-18 10:06:18,6634.6,67314
2021-06-18 10:06:19,6634.6,67314
2021-06-18 10:06:20,6634.6,67314
2021-06-18 10:06:21,6638.0,67358
2021-06-18 10:06:22,6638.0,67358
2021-06-18 10:06:23,6638.0,67358
2021-06-18 10:06:25,6637.5,67370
2021-06-18 10:06:26,6637.5,67370
2021-06-18 10:06:27,6637.5,67370
2021-06-18 10:06:28,6637.5,67370
2021-06-18 10:06:29,6637.5,67370
2021-06-18 10:06:30,6637.05,67470
2021-06-18 10:06:31,6637.05,67470
2021-06-18 10:06:32,6637.05,67470
2021-06-18 10:06:33,6636.0,67472
2021-06-18 10:06:34,6637.5,67473
2021-06-18 10:06:35,6637.5,67473
2021-06-18 10:06:36,6637.5,67473
2021-06-18 10:06:36,6637.5,67473
2021-06-18 10:06:38,6637.5,67482
2021-06-18 10:06:38,6637.5,67482
2021-06-18 10:06:39,6637.5,67482
2021-06-18 10:06:40,6637.5,67482
2021-06-18 10:06:42,6637.5,67482
2021-06-18 10:06:43,6637.5,67507
2021-06-18 10:06:44,6637.5,67509
2021-06-18 10:06:45,6637.5,67509
2021-06-18 10:06:46,6636.95,67610
2021-06-18 10:06:47,6636.95,67610
2021-06-18 10:06:48,6636.95,67610
2021-06-18 10:06:49,6637.5,67618
2021-06-18 10:06:50,6637.5,67618
2021-06-18 10:06:51,6637.5,67618
2021-06-18 10:06:52,6637.5,67625
2021-06-18 10:06:52,6637.5,67627
2021-06-18 10:06:54,6637.5,67627
2021-06-18 10:06:55,6637.5,67627
2021-06-18 10:06:56,6637.5,67627
2021-06-18 10:06:57,6637.5,67633
2021-06-18 10:06:58,6638.0,67634
2021-06-18 10:06:59,6638.0,67634
2021-06-18 10:07:00,6637.5,67704
2021-06-18 10:07:01,6636.6,67973
2021-06-18 10:07:02,6637.1,67980
2021-06-18 10:07:03,6637.1,67980
2021-06-18 10:07:04,6637.1,67980
2021-06-18 10:07:05,6634.35,68014
2021-06-18 10:07:06,6636.45,68090
2021-06-18 10:07:07,6630.5,68622
2021-06-18 10:07:08,6630.5,68638
2021-06-18 10:07:09,6631.3,68672
2021-06-18 10:07:10,6630.5,68673
2021-06-18 10:07:11,6630.5,68673
2021-06-18 10:07:12,6630.5,68673
2021-06-18 10:07:13,6630.5,68673
2021-06-18 10:07:13,6630.5,68673
2021-06-18 10:07:15,6630.5,68673
2021-06-18 10:07:16,6630.5,68673
2021-06-18 10:07:17,6630.5,68673
2021-06-18 10:07:19,6629.1,68694
2021-06-18 10:07:20,6630.5,68697
2021-06-18 10:07:21,6630.5,68697
2021-06-18 10:07:22,6630.5,68697
2021-06-18 10:07:23,6630.5,68698
2021-06-18 10:07:23,6630.5,68698
2021-06-18 10:07:25,6630.5,68704
2021-06-18 10:07:26,6630.5,68706
2021-06-18 10:07:28,6630.55,68736
2021-06-18 10:07:29,6630.55,68736
2021-06-18 10:07:30,6630.45,68750
2021-06-18 10:07:31,6630.45,68750
2021-06-18 10:07:32,6632.75,68752
2021-06-18 10:07:33,6632.75,68752
2021-06-18 10:07:34,6632.75,68753
2021-06-18 10:07:35,6632.75,68753
2021-06-18 10:07:36,6632.75,68753
2021-06-18 10:07:37,6630.5,68827
2021-06-18 10:07:38,6627.55,69009
2021-06-18 10:07:39,6627.5,69061
2021-06-18 10:07:40,6627.5,69061
2021-06-18 10:07:41,6627.5,69061
2021-06-18 10:07:42,6627.5,69061
2021-06-18 10:07:43,6627.5,69061
2021-06-18 10:07:44,6629.05,69070
2021-06-18 10:07:45,6621.55,69264
2021-06-18 10:07:46,6625.75,69286
2021-06-18 10:07:48,6627.65,69370
2021-06-18 10:07:49,6627.65,69407
2021-06-18 10:07:50,6627.95,69408
2021-06-18 10:07:50,6627.95,69465
2021-06-18 10:07:52,6627.95,69471
2021-06-18 10:07:53,6627.95,69471
2021-06-18 10:07:54,6627.95,69471
2021-06-18 10:07:56,6627.9,69722
2021-06-18 10:07:57,6627.95,69726
2021-06-18 10:07:58,6627.95,69726
2021-06-18 10:07:59,6627.95,69726
2021-06-18 10:08:00,6627.85,69730
2021-06-18 10:08:01,6624.65,69793
2021-06-18 10:08:02,6627.85,69803
2021-06-18 10:08:03,6627.85,69803
2021-06-18 10:08:04,6628.9,69884
2021-06-18 10:08:04,6628.9,69883
2021-06-18 10:08:07,6630.85,69886
2021-06-18 10:08:10,6630.85,69886
2021-06-18 10:08:11,6630.85,69886
2021-06-18 10:08:11,6630.85,69886
2021-06-18 10:08:13,6630.85,69886
2021-06-18 10:08:14,6630.85,69886
2021-06-18 10:08:15,6628.45,69895
2021-06-18 10:08:16,6628.9,69923
2021-06-18 10:08:17,6630.0,69928
2021-06-18 10:08:18,6630.0,69928
2021-06-18 10:08:19,6630.0,69931
2021-06-18 10:08:20,6628.0,69933
2021-06-18 10:08:21,6630.0,69934
2021-06-18 10:08:23,6628.9,69978
2021-06-18 10:08:24,6628.5,69984
2021-06-18 10:08:25,6625.0,70034
2021-06-18 10:08:26,6627.35,70036
2021-06-18 10:08:27,6627.35,70036
2021-06-18 10:08:28,6627.35,70036
2021-06-18 10:08:29,6627.35,70036
2021-06-18 10:08:30,6627.35,70036
2021-06-18 10:08:31,6628.0,70053
2021-06-18 10:08:32,6628.0,70062
2021-06-18 10:08:33,6628.0,70089
2021-06-18 10:08:34,6628.0,70093
2021-06-18 10:08:35,6628.0,70140
2021-06-18 10:08:36,6629.95,70141
2021-06-18 10:08:37,6629.95,70142
2021-06-18 10:08:38,6629.95,70142
2021-06-18 10:08:39,6630.0,70148
2021-06-18 10:08:40,6630.1,70155
2021-06-18 10:08:41,6630.1,70156
2021-06-18 10:08:42,6630.1,70157
2021-06-18 10:08:43,6630.1,70157
2021-06-18 10:08:44,6625.85,70202
2021-06-18 10:08:45,6629.0,70210
2021-06-18 10:08:46,6629.0,70210
2021-06-18 10:08:47,6629.0,70210
2021-06-18 10:08:48,6629.0,70210
2021-06-18 10:08:49,6629.85,70239
2021-06-18 10:08:51,6630.05,70251
2021-06-18 10:08:52,6628.95,70263
2021-06-18 10:08:53,6628.55,70280
2021-06-18 10:08:54,6628.4,70283
2021-06-18 10:08:55,6628.15,70301
2021-06-18 10:08:56,6628.35,70302
2021-06-18 10:08:57,6628.35,70302
2021-06-18 10:08:58,6628.35,70302
2021-06-18 10:09:00,6628.35,70302
2021-06-18 10:09:01,6628.8,70378
2021-06-18 10:09:02,6628.55,70385
2021-06-18 10:09:03,6628.1,70386
2021-06-18 10:09:04,6628.1,70390
2021-06-18 10:09:05,6628.1,70390
2021-06-18 10:09:06,6628.7,70393
2021-06-18 10:09:07,6628.7,70393
2021-06-18 10:09:09,6628.7,70393
2021-06-18 10:09:10,6628.0,70394
2021-06-18 10:09:11,6628.0,70394
2021-06-18 10:09:12,6628.0,70394
2021-06-18 10:09:13,6628.0,70394
2021-06-18 10:09:14,6628.0,70394
2021-06-18 10:09:15,6628.0,70394
2021-06-18 10:09:16,6628.0,70394
2021-06-18 10:09:17,6627.95,70411
2021-06-18 10:09:18,6627.95,70420
2021-06-18 10:09:19,6627.95,70422
2021-06-18 10:09:20,6627.95,70422
2021-06-18 10:09:21,6627.95,70422
2021-06-18 10:09:22,6627.85,70471
2021-06-18 10:09:23,6627.85,70481
2021-06-18 10:09:24,6626.05,70483
2021-06-18 10:09:25,6626.05,70483
2021-06-18 10:09:26,6626.05,70483
2021-06-18 10:09:27,6626.05,70483
2021-06-18 10:09:28,6628.0,70484
2021-06-18 10:09:29,6628.0,70484
2021-06-18 10:09:30,6628.0,70484
2021-06-18 10:09:31,6628.0,70484
2021-06-18 10:09:32,6628.0,70484
2021-06-18 10:09:33,6628.0,70484
2021-06-18 10:09:34,6628.0,70484
2021-06-18 10:09:35,6628.0,70484
2021-06-18 10:09:36,6628.0,70510
2021-06-18 10:09:37,6628.0,70510
2021-06-18 10:09:38,6628.7,70526
2021-06-18 10:09:39,6628.7,70527
2021-06-18 10:09:40,6628.7,70527
2021-06-18 10:09:41,6628.7,70527
2021-06-18 10:09:42,6628.7,70527
2021-06-18 10:09:43,6631.9,71028
2021-06-18 10:09:44,6629.15,71108
2021-06-18 10:09:45,6629.9,71261
2021-06-18 10:09:46,6630.7,71279
2021-06-18 10:09:47,6630.7,71280
2021-06-18 10:09:48,6630.7,71280
2021-06-18 10:09:51,6631.55,71283
2021-06-18 10:09:52,6631.55,71283
2021-06-18 10:09:53,6631.55,71283
2021-06-18 10:09:54,6632.7,71314
2021-06-18 10:09:55,6632.7,71315
2021-06-18 10:09:56,6632.7,71315
2021-06-18 10:09:57,6630.7,71431
2021-06-18 10:09:58,6634.65,71433
2021-06-18 10:09:59,6634.0,71434
2021-06-18 10:10:00,6631.4,71435
2021-06-18 10:10:01,6632.65,71450
2021-06-18 10:10:02,6633.8,71459
2021-06-18 10:10:03,6633.0,71460
2021-06-18 10:10:04,6633.0,71460
2021-06-18 10:10:05,6633.0,71460
2021-06-18 10:10:06,6633.0,71460
2021-06-18 10:10:07,6633.0,71460
2021-06-18 10:10:08,6633.0,71460
2021-06-18 10:10:09,6632.2,71461
2021-06-18 10:10:10,6632.2,71461
2021-06-18 10:10:11,6632.6,71462
2021-06-18 10:10:12,6632.6,71464
2021-06-18 10:10:13,6632.6,71464
2021-06-18 10:10:14,6633.5,71476
2021-06-18 10:10:15,6633.5,71494
2021-06-18 10:10:16,6633.5,71497
2021-06-18 10:10:17,6633.5,71497
2021-06-18 10:10:18,6633.5,71501
2021-06-18 10:10:19,6634.9,71502
2021-06-18 10:10:20,6634.9,71502
2021-06-18 10:10:21,6635.0,71507
2021-06-18 10:10:22,6635.0,71507
2021-06-18 10:10:23,6634.35,71524
2021-06-18 10:10:24,6634.35,71527
2021-06-18 10:10:25,6634.35,71586
2021-06-18 10:10:26,6634.35,71597
2021-06-18 10:10:27,6635.0,71603
2021-06-18 10:10:28,6634.25,71650
2021-06-18 10:10:29,6633.7,71659
2021-06-18 10:10:30,6631.75,71685
2021-06-18 10:10:31,6631.75,71686
2021-06-18 10:10:32,6631.75,71686
2021-06-18 10:10:33,6631.75,71694
2021-06-18 10:10:34,6631.65,71713
2021-06-18 10:10:35,6631.8,71716
2021-06-18 10:10:36,6631.8,71716
2021-06-18 10:10:37,6631.8,71716
2021-06-18 10:10:38,6631.8,71716
2021-06-18 10:10:39,6631.8,71716
2021-06-18 10:10:40,6631.5,71718
2021-06-18 10:10:41,6631.5,71718
2021-06-18 10:10:42,6631.5,71718
2021-06-18 10:10:43,6631.4,71721
2021-06-18 10:10:44,6631.4,71721
2021-06-18 10:10:45,6631.4,71721
2021-06-18 10:10:46,6631.4,71721
2021-06-18 10:10:47,6630.65,71737
2021-06-18 10:10:48,6630.65,71737
2021-06-18 10:10:49,6630.65,71737
2021-06-18 10:10:50,6630.65,71738
2021-06-18 10:10:51,6630.65,71738
2021-06-18 10:10:53,6630.65,71738
2021-06-18 10:10:53,6630.65,71738
2021-06-18 10:10:54,6630.65,71738
2021-06-18 10:10:55,6630.65,71738
2021-06-18 10:10:56,6631.0,71740
2021-06-18 10:10:57,6631.0,71740
2021-06-18 10:10:58,6631.0,71740
2021-06-18 10:10:59,6631.0,71744
2021-06-18 10:11:01,6631.0,71756
2021-06-18 10:11:02,6631.0,71756
2021-06-18 10:11:03,6631.0,71756
2021-06-18 10:11:04,6631.0,71758
2021-06-18 10:11:05,6629.4,71795
2021-06-18 10:11:06,6629.4,71795
2021-06-18 10:11:07,6629.4,71795
2021-06-18 10:11:08,6629.4,71800
2021-06-18 10:11:09,6631.0,71802
2021-06-18 10:11:10,6631.0,71802
2021-06-18 10:11:11,6629.2,71812
2021-06-18 10:11:12,6630.9,71814
2021-06-18 10:11:13,6630.9,71814
2021-06-18 10:11:14,6630.9,71814
2021-06-18 10:11:16,6630.9,71814
2021-06-18 10:11:16,6628.55,71817
2021-06-18 10:11:17,6628.55,71817
2021-06-18 10:11:19,6630.95,71841
2021-06-18 10:11:19,6630.95,71840
2021-06-18 10:11:20,6630.95,71841
2021-06-18 10:11:21,6630.95,71846
2021-06-18 10:11:22,6630.95,71846
2021-06-18 10:11:23,6630.95,71846
2021-06-18 10:11:24,6630.95,71846
2021-06-18 10:11:25,6630.05,71876
2021-06-18 10:11:26,6630.05,71876
2021-06-18 10:11:27,6630.05,71876
2021-06-18 10:11:29,6630.05,71876
2021-06-18 10:11:30,6630.05,71876
2021-06-18 10:11:31,6630.05,71876
2021-06-18 10:11:32,6628.8,71878
2021-06-18 10:11:33,6628.8,71878
2021-06-18 10:11:34,6628.8,71878
2021-06-18 10:11:35,6628.8,71878
2021-06-18 10:11:36,6628.8,71878
2021-06-18 10:11:37,6628.8,71878
2021-06-18 10:11:38,6630.05,71880
2021-06-18 10:11:39,6630.05,71880
2021-06-18 10:11:40,6630.05,71880
2021-06-18 10:11:41,6630.05,71880
2021-06-18 10:11:42,6630.05,71880
2021-06-18 10:11:43,6630.05,71880
2021-06-18 10:11:44,6630.05,71880
2021-06-18 10:11:45,6630.05,71880
2021-06-18 10:11:46,6630.05,71881
2021-06-18 10:11:47,6630.05,71881
2021-06-18 10:11:48,6630.05,71881
2021-06-18 10:11:49,6630.05,71881
2021-06-18 10:11:50,6630.05,71902
2021-06-18 10:11:51,6630.05,71906
2021-06-18 10:11:52,6630.05,71906
2021-06-18 10:11:53,6630.05,71906
2021-06-18 10:11:54,6632.4,71911
2021-06-18 10:11:55,6630.05,71930
2021-06-18 10:11:56,6630.05,71930
2021-06-18 10:11:57,6630.05,71930
2021-06-18 10:11:58,6630.05,71930
2021-06-18 10:11:59,6630.05,71930
2021-06-18 10:12:00,6630.05,71930
2021-06-18 10:12:01,6630.05,71930
2021-06-18 10:12:02,6629.95,71964
2021-06-18 10:12:03,6629.95,71964
2021-06-18 10:12:04,6629.95,71964
2021-06-18 10:12:05,6629.95,71964
2021-06-18 10:12:06,6629.95,71964
2021-06-18 10:12:07,6629.95,71964
2021-06-18 10:12:08,6629.95,71964
2021-06-18 10:12:09,6629.95,71964
2021-06-18 10:12:10,6629.95,71964
2021-06-18 10:12:11,6629.95,71964
2021-06-18 10:12:12,6629.95,71964
2021-06-18 10:12:14,6630.5,72043
2021-06-18 10:12:14,6630.5,72043
2021-06-18 10:12:15,6630.5,72043
2021-06-18 10:12:16,6630.5,72043
2021-06-18 10:12:17,6630.5,72043
2021-06-18 10:12:18,6631.9,72103
2021-06-18 10:12:19,6632.75,72104
2021-06-18 10:12:20,6632.8,72123
2021-06-18 10:12:21,6634.35,72127
2021-06-18 10:12:22,6634.35,72127
2021-06-18 10:12:23,6634.35,72127
2021-06-18 10:12:24,6634.55,72247
2021-06-18 10:12:25,6634.55,72251
2021-06-18 10:12:26,6634.55,72253
2021-06-18 10:12:27,6628.35,72343
2021-06-18 10:12:28,6633.4,72358
2021-06-18 10:12:29,6633.4,72358
2021-06-18 10:12:30,6633.4,72358
2021-06-18 10:12:32,6633.45,72361
2021-06-18 10:12:33,6633.45,72362
2021-06-18 10:12:34,6633.45,72362
2021-06-18 10:12:35,6633.0,72364
2021-06-18 10:12:36,6633.0,72364
2021-06-18 10:12:37,6633.0,72404
2021-06-18 10:12:38,6633.0,72411
2021-06-18 10:12:39,6633.75,72418
2021-06-18 10:12:40,6633.75,72418
2021-06-18 10:12:41,6631.0,72440
2021-06-18 10:12:42,6634.15,72443
2021-06-18 10:12:44,6634.15,72443
2021-06-18 10:12:45,6634.15,72443
2021-06-18 10:12:47,6634.45,72471
2021-06-18 10:12:48,6634.45,72471
2021-06-18 10:12:49,6634.45,72471
2021-06-18 10:12:50,6634.7,72491
2021-06-18 10:12:52,6635.0,72521
2021-06-18 10:12:53,6635.0,72637
2021-06-18 10:12:53,6635.0,72639
2021-06-18 10:12:54,6635.0,72640
2021-06-18 10:12:55,6635.0,72640
2021-06-18 10:12:56,6635.0,72641
2021-06-18 10:12:57,6635.0,72641
2021-06-18 10:12:58,6635.0,72641
2021-06-18 10:12:59,6635.0,72666
2021-06-18 10:13:00,6635.0,72666
2021-06-18 10:13:01,6635.0,72666
2021-06-18 10:13:02,6635.0,72666
2021-06-18 10:13:03,6635.0,72666
2021-06-18 10:13:04,6634.95,72674
2021-06-18 10:13:06,6635.0,72722
2021-06-18 10:13:08,6635.0,72722
2021-06-18 10:13:09,6635.0,72722
2021-06-18 10:13:09,6635.0,72722
2021-06-18 10:13:10,6635.0,72722
2021-06-18 10:13:11,6635.0,72722
2021-06-18 10:13:12,6635.0,72722
2021-06-18 10:13:13,6635.0,72734
2021-06-18 10:13:15,6635.0,72739
2021-06-18 10:13:16,6635.0,72740
2021-06-18 10:13:16,6635.0,72740
2021-06-18 10:13:17,6635.0,72740
2021-06-18 10:13:18,6635.0,72775
2021-06-18 10:13:19,6635.0,72781
2021-06-18 10:13:20,6635.0,72781
2021-06-18 10:13:21,6635.0,72782
2021-06-18 10:13:24,6635.0,72792
2021-06-18 10:13:25,6635.0,72793
2021-06-18 10:13:26,6635.0,72793
2021-06-18 10:13:27,6635.0,72793
2021-06-18 10:13:28,6634.95,72833
2021-06-18 10:13:29,6635.0,72848
2021-06-18 10:13:29,6634.95,72840
2021-06-18 10:13:30,6635.0,72849
2021-06-18 10:13:31,6635.0,72850
2021-06-18 10:13:32,6635.0,72850
2021-06-18 10:13:33,6635.0,72850
2021-06-18 10:13:34,6635.0,72870
2021-06-18 10:13:35,6634.45,72875
2021-06-18 10:13:36,6634.45,72875
2021-06-18 10:13:37,6634.45,72875
2021-06-18 10:13:38,6634.45,72875
2021-06-18 10:13:39,6634.45,72875
2021-06-18 10:13:40,6634.45,72875
2021-06-18 10:13:41,6634.75,72920
2021-06-18 10:13:42,6635.0,72978
2021-06-18 10:13:44,6635.0,72998
2021-06-18 10:13:46,6635.0,72998
2021-06-18 10:13:47,6635.0,72998
2021-06-18 10:13:48,6635.0,73003
2021-06-18 10:13:48,6635.0,73004
2021-06-18 10:13:49,6635.0,73004
2021-06-18 10:13:51,6632.85,73024
2021-06-18 10:13:52,6633.45,73038
2021-06-18 10:13:52,6633.45,73038
2021-06-18 10:13:53,6633.45,73038
2021-06-18 10:13:54,6632.05,73041
2021-06-18 10:13:56,6633.3,73042
2021-06-18 10:13:57,6633.55,73061
2021-06-18 10:13:58,6633.55,73062
2021-06-18 10:13:59,6633.55,73063
2021-06-18 10:14:00,6633.55,73063
2021-06-18 10:14:01,6633.55,73063
2021-06-18 10:14:02,6634.6,73064
2021-06-18 10:14:03,6632.7,73230
2021-06-18 10:14:04,6632.7,73230
2021-06-18 10:14:05,6636.9,73340
2021-06-18 10:14:06,6638.0,73359
2021-06-18 10:14:06,6638.0,73360
2021-06-18 10:14:07,6638.0,73360
2021-06-18 10:14:08,6635.65,73365
2021-06-18 10:14:09,6638.0,73367
2021-06-18 10:14:10,6635.35,73421
2021-06-18 10:14:11,6638.0,73461
2021-06-18 10:14:12,6638.0,73474
2021-06-18 10:14:14,6637.8,73504
2021-06-18 10:14:15,6638.8,73817
2021-06-18 10:14:16,6640.0,73829
2021-06-18 10:14:17,6640.0,73869
2021-06-18 10:14:18,6642.7,73927
2021-06-18 10:14:18,6642.7,73928
2021-06-18 10:14:19,6642.7,73928
2021-06-18 10:14:20,6642.7,73928
2021-06-18 10:14:21,6642.7,73928
2021-06-18 10:14:22,6642.7,73928
2021-06-18 10:14:23,6642.7,73928
2021-06-18 10:14:24,6642.7,73929
2021-06-18 10:14:25,6642.7,73929
2021-06-18 10:14:26,6643.0,73948
2021-06-18 10:14:27,6643.0,74435
2021-06-18 10:14:28,6644.7,74475
2021-06-18 10:14:29,6648.0,74610
2021-06-18 10:14:31,6644.8,74657
2021-06-18 10:14:32,6649.0,74754
2021-06-18 10:14:32,6649.0,74794
2021-06-18 10:14:34,6648.95,74801
2021-06-18 10:14:35,6648.95,74812
2021-06-18 10:14:36,6648.95,74813
2021-06-18 10:14:37,6648.95,74843
2021-06-18 10:14:38,6648.95,74849
2021-06-18 10:14:39,6648.95,74849
2021-06-18 10:14:40,6648.95,74849
2021-06-18 10:14:41,6648.95,74849
2021-06-18 10:14:41,6648.95,74852
2021-06-18 10:14:42,6648.9,74863
2021-06-18 10:14:44,6645.45,75328
2021-06-18 10:14:45,6646.6,75334
2021-06-18 10:14:46,6646.6,75339
2021-06-18 10:14:47,6646.6,75340
2021-06-18 10:14:48,6646.6,75340
2021-06-18 10:14:49,6646.55,75460
2021-06-18 10:14:49,6646.55,75463
2021-06-18 10:14:50,6646.55,75463
2021-06-18 10:14:51,6646.55,75463
2021-06-18 10:14:52,6646.55,75463
2021-06-18 10:14:53,6646.6,75466
2021-06-18 10:14:54,6646.05,75469
2021-06-18 10:14:55,6646.6,75470
2021-06-18 10:14:56,6648.55,75570
2021-06-18 10:14:57,6648.6,75600
2021-06-18 10:14:58,6648.8,75662
2021-06-18 10:14:59,6648.8,75671
2021-06-18 10:15:00,6648.45,75713
2021-06-18 10:15:01,6648.45,75716
2021-06-18 10:15:02,6648.45,75716
2021-06-18 10:15:03,6648.45,75717
2021-06-18 10:15:04,6648.15,75719
2021-06-18 10:15:05,6644.0,75727
2021-06-18 10:15:06,6646.35,75728
2021-06-18 10:15:07,6646.35,75728
2021-06-18 10:15:08,6646.35,75728
2021-06-18 10:15:09,6646.35,75728
2021-06-18 10:15:10,6646.35,75728
2021-06-18 10:15:11,6645.8,75735
2021-06-18 10:15:12,6648.05,75736
2021-06-18 10:15:13,6648.4,75738
2021-06-18 10:15:15,6644.35,75794
2021-06-18 10:15:16,6647.75,75863
2021-06-18 10:15:17,6647.15,75874
2021-06-18 10:15:18,6647.25,75904
2021-06-18 10:15:19,6647.8,75911
2021-06-18 10:15:20,6647.8,75911
2021-06-18 10:15:21,6647.8,75911
2021-06-18 10:15:22,6648.4,76026
2021-06-18 10:15:22,6648.75,76029
2021-06-18 10:15:23,6648.75,76029
2021-06-18 10:15:24,6645.6,76030
2021-06-18 10:15:25,6648.0,76045
2021-06-18 10:15:26,6648.75,76048
2021-06-18 10:15:27,6648.75,76236
2021-06-18 10:15:28,6650.0,76290
2021-06-18 10:15:29,6650.0,76293
2021-06-18 10:15:30,6650.0,76293
2021-06-18 10:15:31,6650.0,76338
2021-06-18 10:15:33,6649.0,76351
2021-06-18 10:15:34,6649.0,76351
2021-06-18 10:15:35,6649.0,76351
2021-06-18 10:15:36,6649.0,76351
2021-06-18 10:15:37,6649.0,76351
2021-06-18 10:15:38,6649.0,76380
2021-06-18 10:15:39,6651.0,76413
2021-06-18 10:15:40,6652.95,76417
2021-06-18 10:15:41,6652.2,76441
2021-06-18 10:15:43,6651.65,76444
2021-06-18 10:15:44,6654.35,76445
2021-06-18 10:15:45,6654.35,76446
2021-06-18 10:15:45,6654.35,76446
2021-06-18 10:15:46,6654.35,76446
2021-06-18 10:15:48,6654.35,76446
2021-06-18 10:15:48,6654.35,76446
2021-06-18 10:15:49,6656.3,76491
2021-06-18 10:15:50,6652.2,76518
2021-06-18 10:15:51,6655.55,76556
2021-06-18 10:15:53,6654.95,76557
2021-06-18 10:15:53,6655.55,76556
2021-06-18 10:15:54,6654.95,76558
2021-06-18 10:15:55,6654.95,76558
2021-06-18 10:15:56,6654.95,76558
2021-06-18 10:15:58,6652.2,76573
2021-06-18 10:15:58,6654.6,76576
2021-06-18 10:15:59,6654.6,76576
2021-06-18 10:16:00,6654.65,76611
2021-06-18 10:16:01,6652.2,76613
2021-06-18 10:16:03,6654.65,76739
2021-06-18 10:16:05,6654.65,76740
2021-06-18 10:16:06,6654.65,76740
2021-06-18 10:16:07,6654.65,76740
2021-06-18 10:16:08,6652.0,76817
2021-06-18 10:16:09,6651.65,76841
2021-06-18 10:16:10,6653.6,76845
2021-06-18 10:16:11,6654.0,76924
2021-06-18 10:16:11,6654.0,76927
2021-06-18 10:16:12,6654.0,76927
2021-06-18 10:16:14,6654.0,76930
2021-06-18 10:16:14,6654.0,76930
2021-06-18 10:16:16,6654.0,76932
2021-06-18 10:16:16,6653.6,76933
2021-06-18 10:16:17,6651.1,76977
2021-06-18 10:16:18,6653.55,76979
2021-06-18 10:16:19,6653.55,76980
2021-06-18 10:16:20,6653.55,76980
2021-06-18 10:16:21,6653.55,76980
2021-06-18 10:16:22,6653.55,76980
2021-06-18 10:16:24,6653.6,76983
2021-06-18 10:16:24,6653.6,76984
2021-06-18 10:16:25,6651.6,76994
2021-06-18 10:16:26,6653.6,76996
2021-06-18 10:16:27,6653.6,76997
2021-06-18 10:16:29,6653.6,77009
2021-06-18 10:16:30,6653.6,77009
2021-06-18 10:16:31,6653.6,77009
2021-06-18 10:16:32,6653.6,77019
2021-06-18 10:16:33,6654.0,77021
2021-06-18 10:16:34,6653.6,77023
2021-06-18 10:16:35,6654.0,77026
2021-06-18 10:16:36,6654.65,77027
2021-06-18 10:16:38,6654.65,77027
2021-06-18 10:16:40,6654.65,77039
2021-06-18 10:16:41,6654.65,77039
2021-06-18 10:16:42,6654.65,77039
2021-06-18 10:16:43,6655.0,77040
2021-06-18 10:16:44,6655.0,77040
2021-06-18 10:16:45,6655.0,77040
2021-06-18 10:16:45,6655.0,77040
2021-06-18 10:16:46,6653.55,77045
2021-06-18 10:16:48,6657.2,77104
2021-06-18 10:16:49,6657.2,77106
2021-06-18 10:16:50,6658.0,77107
2021-06-18 10:16:51,6658.9,77113
2021-06-18 10:16:52,6660.0,77122
2021-06-18 10:16:53,6660.0,77129
2021-06-18 10:16:53,6660.0,77133
2021-06-18 10:16:54,6656.05,77179
2021-06-18 10:16:55,6655.8,77187
2021-06-18 10:16:56,6659.6,77188
2021-06-18 10:16:57,6659.6,77188
2021-06-18 10:16:59,6659.6,77188
2021-06-18 10:17:00,6659.6,77188
2021-06-18 10:17:01,6659.6,77188
2021-06-18 10:17:02,6657.45,77225
2021-06-18 10:17:03,6657.6,77226
2021-06-18 10:17:04,6657.6,77226
2021-06-18 10:17:05,6660.0,77281
2021-06-18 10:17:06,6658.8,77284
2021-06-18 10:17:07,6658.8,77284
2021-06-18 10:17:07,6658.8,77284
2021-06-18 10:17:09,6658.8,77284
2021-06-18 10:17:09,6658.8,77284
2021-06-18 10:17:12,6660.0,77309
2021-06-18 10:17:13,6660.0,77313
2021-06-18 10:17:13,6660.0,77313
2021-06-18 10:17:14,6659.95,77321
2021-06-18 10:17:21,6665.0,77475
2021-06-18 10:17:22,6665.0,77476
2021-06-18 10:17:23,6665.0,77477
2021-06-18 10:17:23,6665.0,77477
2021-06-18 10:17:24,6665.85,77527
2021-06-18 10:17:25,6665.0,77530
2021-06-18 10:17:27,6665.0,77530
2021-06-18 10:17:28,6665.0,77530
2021-06-18 10:17:29,6660.4,77891
2021-06-18 10:17:30,6661.3,77894
2021-06-18 10:17:31,6661.3,77894
2021-06-18 10:17:32,6663.2,77947
2021-06-18 10:17:33,6665.95,77956
2021-06-18 10:17:33,6665.95,77956
2021-06-18 10:17:34,6665.0,78002
2021-06-18 10:17:35,6665.0,78003
2021-06-18 10:17:36,6666.0,78035
2021-06-18 10:17:37,6666.0,78036
2021-06-18 10:17:39,6666.0,78044
2021-06-18 10:17:40,6666.0,78044
2021-06-18 10:17:41,6666.15,78049
2021-06-18 10:17:42,6663.95,78055
2021-06-18 10:17:43,6666.15,78056
2021-06-18 10:17:44,6667.0,78065
2021-06-18 10:17:45,6667.0,78066
2021-06-18 10:17:47,6661.3,78550
2021-06-18 10:17:48,6662.2,78580
2021-06-18 10:17:50,6663.8,78676
2021-06-18 10:17:50,6664.0,78701
2021-06-18 10:17:51,6666.55,78702
2021-06-18 10:17:52,6666.2,78745
2021-06-18 10:17:54,6665.25,78773
2021-06-18 10:17:55,6666.85,78774
2021-06-18 10:17:56,6665.3,78776
2021-06-18 10:17:57,6665.3,78776
2021-06-18 10:17:58,6668.4,78820
2021-06-18 10:17:59,6669.1,78821
2021-06-18 10:18:00,6669.1,78823
2021-06-18 10:18:01,6669.6,78828
2021-06-18 10:18:01,6669.6,78829
2021-06-18 10:18:02,6669.6,78829
2021-06-18 10:18:04,6669.6,78829
2021-06-18 10:18:05,6669.5,78930
2021-06-18 10:18:06,6669.45,78939
2021-06-18 10:18:07,6669.45,78944
2021-06-18 10:18:09,6669.7,78963
2021-06-18 10:18:10,6669.7,78963
2021-06-18 10:18:11,6669.7,78963
2021-06-18 10:18:12,6669.7,78963
2021-06-18 10:18:13,6669.7,78963
2021-06-18 10:18:13,6669.7,78963
2021-06-18 10:18:14,6669.7,78963
2021-06-18 10:18:15,6670.0,78983
2021-06-18 10:18:16,6670.0,78983
2021-06-18 10:18:18,6670.0,78983
2021-06-18 10:18:19,6670.0,78986
2021-06-18 10:18:20,6670.0,79041
2021-06-18 10:18:21,6667.25,79072
2021-06-18 10:18:22,6668.0,79075
2021-06-18 10:18:23,6668.0,79076
2021-06-18 10:18:23,6669.0,79085
2021-06-18 10:18:24,6667.7,79102
2021-06-18 10:18:25,6666.8,79112
2021-06-18 10:18:26,6664.6,79129
2021-06-18 10:18:27,6664.6,79140
2021-06-18 10:18:28,6661.2,79279
2021-06-18 10:18:29,6663.0,79285
2021-06-18 10:18:31,6663.0,79285
2021-06-18 10:18:32,6663.0,79285
2021-06-18 10:18:33,6663.0,79285
2021-06-18 10:18:34,6667.0,79300
2021-06-18 10:18:35,6661.9,79391
2021-06-18 10:18:36,6665.15,79406
2021-06-18 10:18:37,6665.4,79407
2021-06-18 10:18:38,6665.4,79407
2021-06-18 10:18:39,6665.4,79407
2021-06-18 10:18:40,6665.4,79407
2021-06-18 10:18:41,6665.4,79407
2021-06-18 10:18:42,6665.4,79407
2021-06-18 10:18:43,6665.4,79407
2021-06-18 10:18:44,6665.4,79407
2021-06-18 10:18:45,6663.05,79417
2021-06-18 10:18:46,6663.05,79417
2021-06-18 10:18:47,6663.05,79417
2021-06-18 10:18:48,6663.05,79417
2021-06-18 10:18:49,6665.85,79427
2021-06-18 10:18:50,6665.85,79427
2021-06-18 10:18:51,6665.85,79427
2021-06-18 10:18:52,6665.85,79449
2021-06-18 10:18:53,6665.95,79453
2021-06-18 10:18:54,6665.95,79453
2021-06-18 10:18:55,6665.95,79453
2021-06-18 10:18:56,6665.95,79453
2021-06-18 10:18:57,6663.25,79454
2021-06-18 10:18:59,6663.25,79454
2021-06-18 10:19:00,6665.95,79459
2021-06-18 10:19:01,6665.8,79465
2021-06-18 10:19:02,6665.75,79466
2021-06-18 10:19:03,6665.8,79476
2021-06-18 10:19:04,6665.8,79476
2021-06-18 10:19:05,6665.35,79520
2021-06-18 10:19:06,6665.4,79521
2021-06-18 10:19:07,6665.4,79521
2021-06-18 10:19:08,6665.5,79522
2021-06-18 10:19:09,6665.5,79522
2021-06-18 10:19:10,6665.5,79522
2021-06-18 10:19:11,6665.5,79528
2021-06-18 10:19:12,6665.5,79528
2021-06-18 10:19:13,6665.5,79528
2021-06-18 10:19:14,6665.5,79528
2021-06-18 10:19:16,6662.9,79701
2021-06-18 10:19:17,6662.85,79702
2021-06-18 10:19:18,6662.85,79702
2021-06-18 10:19:19,6662.85,79702
2021-06-18 10:19:20,6662.4,79703
2021-06-18 10:19:21,6662.4,79703
2021-06-18 10:19:22,6662.4,79703
2021-06-18 10:19:23,6662.8,79712
2021-06-18 10:19:24,6662.75,79714
2021-06-18 10:19:25,6662.75,79719
2021-06-18 10:19:26,6662.75,79720
2021-06-18 10:19:27,6662.75,79720
2021-06-18 10:19:28,6662.75,79720
2021-06-18 10:19:29,6657.95,79774
2021-06-18 10:19:30,6660.9,79776
2021-06-18 10:19:32,6661.0,79783
2021-06-18 10:19:31,6660.9,79782
2021-06-18 10:19:33,6661.0,79783
2021-06-18 10:19:34,6661.0,79783
2021-06-18 10:19:35,6661.15,79786
2021-06-18 10:19:36,6661.0,79789
2021-06-18 10:19:37,6661.0,79789
2021-06-18 10:19:38,6659.25,79790
2021-06-18 10:19:39,6659.25,79800
2021-06-18 10:19:40,6660.0,79802
2021-06-18 10:19:41,6660.0,79802
2021-06-18 10:19:42,6659.3,79830
2021-06-18 10:19:43,6657.55,79831
2021-06-18 10:19:44,6657.55,79831
2021-06-18 10:19:45,6657.0,79841
2021-06-18 10:19:46,6657.8,79845
2021-06-18 10:19:47,6657.8,79846
2021-06-18 10:19:48,6657.8,79846
2021-06-18 10:19:49,6657.8,79846
2021-06-18 10:19:50,6656.65,79850
2021-06-18 10:19:51,6655.7,79880
2021-06-18 10:19:52,6656.65,79886
2021-06-18 10:19:53,6656.65,79886
2021-06-18 10:19:54,6656.65,79886
2021-06-18 10:19:55,6656.65,79886
2021-06-18 10:19:57,6656.65,79886
2021-06-18 10:19:58,6657.55,79931
2021-06-18 10:19:59,6657.55,79931
2021-06-18 10:20:00,6657.55,79931
2021-06-18 10:20:01,6657.55,79931
2021-06-18 10:20:03,6657.55,79931
2021-06-18 10:20:04,6660.0,79937
2021-06-18 10:20:05,6660.0,79937
2021-06-18 10:20:06,6660.0,79937
2021-06-18 10:20:07,6660.0,79937
2021-06-18 10:20:08,6660.0,79937
2021-06-18 10:20:09,6660.0,79937
2021-06-18 10:20:10,6660.0,79937
2021-06-18 10:20:11,6660.0,79937
2021-06-18 10:20:12,6660.0,79937
2021-06-18 10:20:13,6660.0,79937
2021-06-18 10:20:14,6660.0,79937
2021-06-18 10:20:15,6660.0,79937
2021-06-18 10:20:16,6660.0,79937
2021-06-18 10:20:17,6660.7,80018
2021-06-18 10:20:18,6660.7,80020
2021-06-18 10:20:19,6658.45,80026
2021-06-18 10:20:20,6660.75,80140
2021-06-18 10:20:21,6659.6,80185
2021-06-18 10:20:22,6661.7,80267
2021-06-18 10:20:23,6661.8,80269
2021-06-18 10:20:24,6661.8,80269
2021-06-18 10:20:25,6659.6,80271
2021-06-18 10:20:26,6661.2,80274
2021-06-18 10:20:27,6660.8,80280
2021-06-18 10:20:28,6660.8,80282
2021-06-18 10:20:29,6660.8,80282
2021-06-18 10:20:30,6661.6,80391
2021-06-18 10:20:31,6661.9,80393
2021-06-18 10:20:32,6662.7,80433
2021-06-18 10:20:33,6662.7,80440
2021-06-18 10:20:34,6662.7,80440
2021-06-18 10:20:35,6662.7,80441
2021-06-18 10:20:36,6662.7,80441
2021-06-18 10:20:37,6661.65,80484
2021-06-18 10:20:38,6664.65,80487
2021-06-18 10:20:39,6664.65,80487
2021-06-18 10:20:40,6664.65,80487
2021-06-18 10:20:41,6664.6,80489
2021-06-18 10:20:42,6664.6,80489
2021-06-18 10:20:43,6664.6,80494
2021-06-18 10:20:44,6664.6,80494
2021-06-18 10:20:45,6664.6,80494
2021-06-18 10:20:46,6664.6,80494
2021-06-18 10:20:47,6664.6,80494
2021-06-18 10:20:49,6665.0,80541
2021-06-18 10:20:48,6665.0,80534
2021-06-18 10:20:50,6665.0,80541
2021-06-18 10:20:51,6665.0,80556
2021-06-18 10:20:52,6664.6,80571
2021-06-18 10:20:53,6665.0,80576
2021-06-18 10:20:54,6665.0,80576
2021-06-18 10:20:55,6665.0,80576
2021-06-18 10:20:56,6665.0,80576
2021-06-18 10:20:57,6663.95,80668
2021-06-18 10:20:58,6665.0,80675
2021-06-18 10:20:59,6665.0,80676
2021-06-18 10:21:00,6665.0,80676
2021-06-18 10:21:01,6665.0,80676
2021-06-18 10:21:02,6665.0,80676
2021-06-18 10:21:03,6665.0,80684
2021-06-18 10:21:04,6665.0,80684
2021-06-18 10:21:05,6665.0,80684
2021-06-18 10:21:06,6661.1,80784
2021-06-18 10:21:07,6664.8,80795
2021-06-18 10:21:08,6664.8,80795
2021-06-18 10:21:09,6664.8,80795
2021-06-18 10:21:10,6664.8,80804
2021-06-18 10:21:11,6664.95,80811
2021-06-18 10:21:12,6664.95,80815
2021-06-18 10:21:13,6665.0,80825
2021-06-18 10:21:14,6665.0,80827
2021-06-18 10:21:15,6665.0,80827
2021-06-18 10:21:16,6665.0,80827
2021-06-18 10:21:17,6665.0,80833
2021-06-18 10:21:18,6665.0,80834
2021-06-18 10:21:19,6665.0,80834
2021-06-18 10:21:21,6665.0,80835
2021-06-18 10:21:22,6665.0,80836
2021-06-18 10:21:24,6665.0,80836
2021-06-18 10:21:25,6665.0,80836
2021-06-18 10:21:26,6665.0,80836
2021-06-18 10:21:27,6665.0,80836
2021-06-18 10:21:28,6665.0,80836
2021-06-18 10:21:30,6665.0,80836
2021-06-18 10:21:30,6665.0,80836
2021-06-18 10:21:31,6665.0,80849
2021-06-18 10:21:32,6665.0,80859
2021-06-18 10:21:33,6665.0,80860
2021-06-18 10:21:34,6664.95,80875
2021-06-18 10:21:35,6664.95,80875
2021-06-18 10:21:36,6664.95,80875
2021-06-18 10:21:37,6664.95,80878
2021-06-18 10:21:38,6664.95,80878
2021-06-18 10:21:39,6664.95,80878
2021-06-18 10:21:40,6664.95,80878
2021-06-18 10:21:41,6661.9,80908
2021-06-18 10:21:42,6664.9,80914
2021-06-18 10:21:44,6664.9,80914
2021-06-18 10:21:44,6664.9,80914
2021-06-18 10:21:46,6661.95,80915
2021-06-18 10:21:46,6661.95,80915
2021-06-18 10:21:47,6664.85,80928
2021-06-18 10:21:48,6664.85,80930
2021-06-18 10:21:49,6661.95,80940
2021-06-18 10:21:50,6663.4,80942
2021-06-18 10:21:51,6663.4,80942
2021-06-18 10:21:53,6663.4,80944
2021-06-18 10:21:54,6663.4,80944
2021-06-18 10:21:55,6663.4,80944
2021-06-18 10:21:56,6663.4,80945
2021-06-18 10:21:57,6664.0,80947
2021-06-18 10:21:58,6664.9,80955
2021-06-18 10:21:59,6664.9,80955
2021-06-18 10:22:00,6663.4,80957
2021-06-18 10:22:01,6663.4,80957
2021-06-18 10:22:02,6663.4,80957
2021-06-18 10:22:03,6663.4,80957
2021-06-18 10:22:04,6664.85,80984
2021-06-18 10:22:05,6664.85,80989
2021-06-18 10:22:06,6663.4,80997
2021-06-18 10:22:07,6664.85,80998
2021-06-18 10:22:08,6663.4,80999
2021-06-18 10:22:09,6664.85,81002
2021-06-18 10:22:10,6664.75,81008
2021-06-18 10:22:11,6664.75,81009
2021-06-18 10:22:13,6664.75,81009
2021-06-18 10:22:13,6664.75,81039
2021-06-18 10:22:14,6664.75,81044
2021-06-18 10:22:15,6664.75,81044
2021-06-18 10:22:16,6662.0,81084
2021-06-18 10:22:17,6664.7,81086
2021-06-18 10:22:18,6664.7,81086
2021-06-18 10:22:20,6664.7,81086
2021-06-18 10:22:21,6664.7,81086
2021-06-18 10:22:22,6663.6,81104
2021-06-18 10:22:22,6663.2,81106
2021-06-18 10:22:23,6663.65,81107
2021-06-18 10:22:24,6663.65,81107
2021-06-18 10:22:26,6663.65,81107
2021-06-18 10:22:27,6663.65,81107
2021-06-18 10:22:28,6663.65,81115
2021-06-18 10:22:29,6663.65,81115
2021-06-18 10:22:30,6663.65,81115
2021-06-18 10:22:31,6663.65,81115
2021-06-18 10:22:33,6663.65,81125
2021-06-18 10:22:34,6663.65,81126
2021-06-18 10:22:36,6663.65,81126
2021-06-18 10:22:36,6663.65,81126
2021-06-18 10:22:37,6661.4,81177
2021-06-18 10:22:38,6661.4,81178
2021-06-18 10:22:39,6661.4,81178
2021-06-18 10:22:40,6661.4,81178
2021-06-18 10:22:41,6661.4,81178
2021-06-18 10:22:42,6663.0,81192
2021-06-18 10:22:43,6663.0,81194
2021-06-18 10:22:44,6663.0,81194
2021-06-18 10:22:45,6663.0,81194
2021-06-18 10:22:46,6663.0,81194
2021-06-18 10:22:47,6661.0,81210
2021-06-18 10:22:48,6661.0,81210
2021-06-18 10:22:49,6661.0,81210
2021-06-18 10:22:50,6661.0,81210
2021-06-18 10:22:52,6660.0,81220
2021-06-18 10:22:53,6661.0,81222
2021-06-18 10:22:54,6661.0,81222
2021-06-18 10:22:54,6661.0,81222
2021-06-18 10:22:55,6661.0,81224
2021-06-18 10:22:57,6661.0,81255
2021-06-18 10:22:57,6661.0,81254
2021-06-18 10:22:58,6661.0,81255
2021-06-18 10:22:59,6661.0,81255
2021-06-18 10:23:00,6661.0,81255
2021-06-18 10:23:02,6661.0,81255
2021-06-18 10:23:02,6661.0,81255
2021-06-18 10:23:03,6661.0,81255
2021-06-18 10:23:04,6661.0,81255
2021-06-18 10:23:05,6661.0,81257
2021-06-18 10:23:07,6661.0,81269
2021-06-18 10:23:07,6661.0,81269
2021-06-18 10:23:08,6661.0,81275
2021-06-18 10:23:09,6661.05,81298
2021-06-18 10:23:10,6661.05,81298
2021-06-18 10:23:11,6661.05,81300
2021-06-18 10:23:12,6661.05,81300
2021-06-18 10:23:13,6661.05,81300
2021-06-18 10:23:14,6661.05,81316
2021-06-18 10:23:15,6661.05,81316
2021-06-18 10:23:16,6661.05,81316
2021-06-18 10:23:18,6661.05,81316
2021-06-18 10:23:19,6661.05,81316
2021-06-18 10:23:20,6661.0,81364
2021-06-18 10:23:21,6660.95,81375
2021-06-18 10:23:22,6660.95,81375
2021-06-18 10:23:23,6660.95,81375
2021-06-18 10:23:24,6660.95,81375
2021-06-18 10:23:26,6660.95,81375
2021-06-18 10:23:28,6652.75,81820
2021-06-18 10:23:29,6654.9,81832
