timestamp,ltp,volume
2021-06-18 09:18:38,832.7,128465
2021-06-18 09:18:45,832.8,132509
2021-06-18 09:18:51,832.55,134210
2021-06-18 09:18:58,832.3,136852
2021-06-18 09:19:05,832.15,140592
2021-06-18 09:19:11,832.15,142038
2021-06-18 09:19:18,832.15,142260
2021-06-18 09:19:24,831.55,146246
2021-06-18 09:19:31,831.7,147439
2021-06-18 09:19:38,831.85,148811
2021-06-18 09:19:51,831.85,166429
2021-06-18 09:19:57,831.65,169039
2021-06-18 09:20:04,831.65,169300
2021-06-18 09:20:10,831.15,170914
2021-06-18 09:20:17,831.4,180275
2021-06-18 09:20:23,831.15,183394
2021-06-18 09:20:29,831.15,185650
2021-06-18 09:20:36,829.2,195055
2021-06-18 09:20:42,828.9,199563
2021-06-18 09:20:48,828.65,200817
2021-06-18 09:20:55,828.65,203896
2021-06-18 09:21:01,828.9,204261
2021-06-18 09:21:07,827.8,208151
2021-06-18 09:21:13,827.3,210044
2021-06-18 09:21:19,827.3,212344
2021-06-18 09:21:26,826.95,215643
2021-06-18 09:21:32,826.95,216505
2021-06-18 09:21:38,827.0,217683
2021-06-18 09:21:45,827.25,222784
2021-06-18 09:21:51,827.55,225480
2021-06-18 09:21:57,827.0,227305
2021-06-18 09:22:04,827.15,231546
2021-06-18 09:22:11,827.3,233135
2021-06-18 09:22:17,826.3,234592
2021-06-18 09:22:24,826.35,236302
2021-06-18 09:22:30,826.45,237962
2021-06-18 09:22:36,826.15,244006
2021-06-18 09:22:42,825.95,247315
2021-06-18 09:22:48,825.65,248785
2021-06-18 09:22:50,825.1,249970
2021-06-18 09:22:51,825.4,250022
2021-06-18 09:22:52,825.1,250272
2021-06-18 09:22:53,825.05,250382
2021-06-18 09:22:54,825.05,250382
2021-06-18 09:22:55,825.0,252579
2021-06-18 09:22:56,825.0,252579
2021-06-18 09:22:59,825.25,261087
2021-06-18 09:23:00,825.0,261140
2021-06-18 09:23:01,825.0,261145
2021-06-18 09:23:02,825.0,261145
2021-06-18 09:23:04,824.85,261152
2021-06-18 09:23:05,825.0,261577
2021-06-18 09:23:06,825.0,261687
2021-06-18 09:23:06,824.75,261923
2021-06-18 09:23:08,825.0,262023
2021-06-18 09:23:09,824.75,262127
2021-06-18 09:23:10,824.55,262140
2021-06-18 09:23:11,824.55,262140
2021-06-18 09:23:13,824.55,262140
2021-06-18 09:23:14,824.75,262183
2021-06-18 09:23:15,824.95,262186
2021-06-18 09:23:16,825.0,262301
2021-06-18 09:23:16,825.0,262311
2021-06-18 09:23:17,824.75,262410
2021-06-18 09:23:18,824.75,262410
2021-06-18 09:23:20,824.95,262710
2021-06-18 09:23:20,824.95,262711
2021-06-18 09:23:21,824.95,262716
2021-06-18 09:23:23,824.95,263093
2021-06-18 09:23:23,824.55,263109
2021-06-18 09:23:25,824.9,263679
2021-06-18 09:23:26,824.45,263839
2021-06-18 09:23:28,824.6,264683
2021-06-18 09:23:30,824.15,265273
2021-06-18 09:23:30,824.1,265521
2021-06-18 09:23:32,824.15,266144
2021-06-18 09:23:33,824.15,266144
2021-06-18 09:23:33,824.15,266144
2021-06-18 09:23:34,824.0,267147
2021-06-18 09:23:36,823.95,267341
2021-06-18 09:23:37,823.95,267451
2021-06-18 09:23:38,823.45,268401
2021-06-18 09:23:38,823.45,268401
2021-06-18 09:23:40,823.55,269401
2021-06-18 09:23:41,823.6,269841
2021-06-18 09:23:42,823.95,269847
2021-06-18 09:23:43,823.95,270662
2021-06-18 09:23:44,823.95,270662
2021-06-18 09:23:45,823.4,271059
2021-06-18 09:23:46,824.0,271585
2021-06-18 09:23:47,824.0,271870
2021-06-18 09:23:48,824.15,273370
2021-06-18 09:23:49,824.3,273418
2021-06-18 09:23:50,824.5,273739
2021-06-18 09:23:51,824.55,273875
2021-06-18 09:23:52,824.05,273901
2021-06-18 09:23:53,824.5,273920
2021-06-18 09:23:54,824.5,273923
2021-06-18 09:23:55,824.5,273923
2021-06-18 09:23:56,824.0,274094
2021-06-18 09:23:57,824.45,274244
2021-06-18 09:23:58,824.45,274294
2021-06-18 09:23:59,824.45,274295
2021-06-18 09:24:00,824.5,274397
2021-06-18 09:24:01,824.5,274700
2021-06-18 09:24:02,824.5,274726
2021-06-18 09:24:03,824.5,275445
2021-06-18 09:24:04,824.45,275460
2021-06-18 09:24:05,824.5,275664
2021-06-18 09:24:06,824.5,275664
2021-06-18 09:24:07,824.75,275728
2021-06-18 09:24:08,824.75,275738
2021-06-18 09:24:09,824.95,276877
2021-06-18 09:24:10,825.0,277477
2021-06-18 09:24:11,825.0,277771
2021-06-18 09:24:12,825.05,278533
2021-06-18 09:24:13,825.15,279272
2021-06-18 09:24:14,825.85,279441
2021-06-18 09:24:15,825.8,279451
2021-06-18 09:24:16,825.8,280372
2021-06-18 09:24:17,825.8,280682
2021-06-18 09:24:18,825.45,280707
2021-06-18 09:24:19,825.8,280962
2021-06-18 09:24:20,825.8,281021
2021-06-18 09:24:21,825.8,281240
2021-06-18 09:24:22,825.85,281370
2021-06-18 09:24:23,825.95,281960
2021-06-18 09:24:23,826.0,281968
2021-06-18 09:24:24,826.0,282070
2021-06-18 09:24:25,826.0,282089
2021-06-18 09:24:26,826.0,282409
2021-06-18 09:24:28,826.0,282648
2021-06-18 09:24:29,826.0,282925
2021-06-18 09:24:29,826.0,283043
2021-06-18 09:24:30,826.25,283203
2021-06-18 09:24:31,826.0,283379
2021-06-18 09:24:32,826.35,283671
2021-06-18 09:24:33,826.35,284202
2021-06-18 09:24:34,826.5,284454
2021-06-18 09:24:35,826.5,284912
2021-06-18 09:24:36,826.5,291193
2021-06-18 09:24:38,826.95,291204
2021-06-18 09:24:39,826.8,291949
2021-06-18 09:24:40,827.2,292660
2021-06-18 09:24:41,825.9,294682
2021-06-18 09:24:42,826.05,294936
2021-06-18 09:24:43,826.05,294970
2021-06-18 09:24:44,825.5,295332
2021-06-18 09:24:45,825.95,295832
2021-06-18 09:24:46,825.5,295867
2021-06-18 09:24:46,825.95,295888
2021-06-18 09:24:48,826.0,296117
2021-06-18 09:24:49,825.95,296381
2021-06-18 09:24:50,825.95,296406
2021-06-18 09:24:51,825.95,296406
2021-06-18 09:24:52,825.5,297608
2021-06-18 09:24:53,825.95,297741
2021-06-18 09:24:54,825.75,297793
2021-06-18 09:24:55,825.5,298020
2021-06-18 09:24:56,825.75,298070
2021-06-18 09:24:57,826.0,302481
2021-06-18 09:25:01,825.8,304074
2021-06-18 09:25:04,825.8,304187
2021-06-18 09:25:05,825.5,304605
2021-06-18 09:25:06,825.5,304605
2021-06-18 09:25:07,825.8,305060
2021-06-18 09:25:08,825.6,305080
2021-06-18 09:25:09,826.0,305120
2021-06-18 09:25:10,826.0,305323
2021-06-18 09:25:11,825.6,305373
2021-06-18 09:25:12,825.95,306141
2021-06-18 09:25:13,826.0,306169
2021-06-18 09:25:13,826.4,306669
2021-06-18 09:25:14,826.4,306669
2021-06-18 09:25:15,826.05,307045
2021-06-18 09:25:16,826.45,307048
2021-06-18 09:25:17,826.05,307080
2021-06-18 09:25:19,826.5,307144
2021-06-18 09:25:21,826.7,309589
2021-06-18 09:25:22,827.1,309681
2021-06-18 09:25:23,827.1,309903
2021-06-18 09:25:24,827.1,309998
2021-06-18 09:25:25,827.1,310083
2021-06-18 09:25:26,827.1,310138
2021-06-18 09:25:27,827.1,310138
2021-06-18 09:25:28,827.1,310142
2021-06-18 09:25:29,827.1,310692
2021-06-18 09:25:30,827.1,310744
2021-06-18 09:25:31,827.05,310859
2021-06-18 09:25:31,827.45,311064
2021-06-18 09:25:33,827.4,312074
2021-06-18 09:25:33,827.4,312074
2021-06-18 09:25:34,827.4,312325
2021-06-18 09:25:35,827.4,312404
2021-06-18 09:25:36,827.15,312410
2021-06-18 09:25:38,827.5,312759
2021-06-18 09:25:38,827.5,312942
2021-06-18 09:25:39,827.5,312945
2021-06-18 09:25:41,827.5,313094
2021-06-18 09:25:41,828.35,313742
2021-06-18 09:25:43,827.8,314360
2021-06-18 09:25:43,827.8,314360
2021-06-18 09:25:45,828.3,314800
2021-06-18 09:25:45,828.4,314900
2021-06-18 09:25:46,828.4,314931
2021-06-18 09:25:48,827.9,315218
2021-06-18 09:25:48,827.9,315487
2021-06-18 09:25:50,827.95,316287
2021-06-18 09:25:50,827.5,316473
2021-06-18 09:25:52,827.5,316644
2021-06-18 09:25:52,827.5,316644
2021-06-18 09:25:53,827.5,316877
2021-06-18 09:25:55,827.75,316902
2021-06-18 09:25:56,827.8,316932
2021-06-18 09:25:57,827.8,317022
2021-06-18 09:25:58,827.75,317122
2021-06-18 09:25:58,827.8,317124
2021-06-18 09:26:00,827.8,317124
2021-06-18 09:26:01,827.9,317680
2021-06-18 09:26:01,827.5,317685
2021-06-18 09:26:02,827.5,317685
2021-06-18 09:26:03,827.9,317812
2021-06-18 09:26:05,827.95,317862
2021-06-18 09:26:05,827.95,317862
2021-06-18 09:26:06,828.05,318715
2021-06-18 09:26:08,828.45,319306
2021-06-18 09:26:08,828.45,320576
2021-06-18 09:26:09,828.2,320626
2021-06-18 09:26:12,828.55,322981
2021-06-18 09:26:13,828.55,323018
2021-06-18 09:26:14,828.55,323018
2021-06-18 09:26:16,828.95,324268
2021-06-18 09:26:17,828.85,324286
2021-06-18 09:26:18,828.85,324286
2021-06-18 09:26:19,828.9,324289
2021-06-18 09:26:20,828.65,324800
2021-06-18 09:26:21,828.5,324885
2021-06-18 09:26:22,828.5,324885
2021-06-18 09:26:23,828.55,324887
2021-06-18 09:26:24,828.55,324887
2021-06-18 09:26:25,828.05,324932
2021-06-18 09:26:26,828.4,325380
2021-06-18 09:26:27,828.4,325392
2021-06-18 09:26:28,827.95,326627
2021-06-18 09:26:29,828.15,326697
2021-06-18 09:26:30,827.8,326704
2021-06-18 09:26:31,827.8,326704
2021-06-18 09:26:32,828.15,326706
2021-06-18 09:26:33,827.75,327020
2021-06-18 09:26:34,827.95,327024
2021-06-18 09:26:35,827.95,327024
2021-06-18 09:26:36,827.95,327028
2021-06-18 09:26:37,827.6,327100
2021-06-18 09:26:38,827.95,327205
2021-06-18 09:26:39,827.75,327217
2021-06-18 09:26:40,827.75,327217
2021-06-18 09:26:41,827.75,327217
2021-06-18 09:26:42,827.95,327226
2021-06-18 09:26:43,827.95,327286
2021-06-18 09:26:44,827.95,327286
2021-06-18 09:26:45,828.35,329276
2021-06-18 09:26:46,828.35,329276
2021-06-18 09:26:47,828.35,329276
2021-06-18 09:26:48,828.4,329296
2021-06-18 09:26:49,828.4,329308
2021-06-18 09:26:50,828.45,330692
2021-06-18 09:26:51,828.85,330694
2021-06-18 09:26:52,828.85,330748
2021-06-18 09:26:53,828.85,330753
2021-06-18 09:26:54,828.85,330753
2021-06-18 09:26:55,828.85,330753
2021-06-18 09:26:56,828.85,330815
2021-06-18 09:26:57,828.9,330971
2021-06-18 09:26:58,829.1,331320
2021-06-18 09:26:59,829.1,331416
2021-06-18 09:27:00,829.1,331416
2021-06-18 09:27:01,829.1,331436
2021-06-18 09:27:02,829.1,331536
2021-06-18 09:27:03,829.3,331586
2021-06-18 09:27:04,829.6,332611
2021-06-18 09:27:05,829.7,333357
2021-06-18 09:27:06,829.5,333393
2021-06-18 09:27:07,830.0,334485
2021-06-18 09:27:08,829.0,335825
2021-06-18 09:27:09,829.2,335875
2021-06-18 09:27:11,829.0,336121
2021-06-18 09:27:13,829.2,336613
2021-06-18 09:27:14,829.2,336613
2021-06-18 09:27:15,829.0,336644
2021-06-18 09:27:16,829.1,336650
2021-06-18 09:27:17,828.1,338134
2021-06-18 09:27:18,828.1,338134
2021-06-18 09:27:19,828.35,338998
2021-06-18 09:27:20,828.0,339206
2021-06-18 09:27:21,827.95,339328
2021-06-18 09:27:22,827.95,339328
2021-06-18 09:27:23,827.95,339328
2021-06-18 09:27:24,827.75,339428
2021-06-18 09:27:25,827.85,339562
2021-06-18 09:27:26,827.85,339616
2021-06-18 09:27:27,827.9,339618
2021-06-18 09:27:28,827.75,339633
2021-06-18 09:27:29,827.85,339953
2021-06-18 09:27:30,827.85,340181
2021-06-18 09:27:31,827.85,340181
2021-06-18 09:27:32,827.85,340277
2021-06-18 09:27:33,828.0,340278
2021-06-18 09:27:34,828.0,340598
2021-06-18 09:27:35,828.0,341105
2021-06-18 09:27:36,828.0,341105
2021-06-18 09:27:37,827.9,341115
2021-06-18 09:27:38,827.9,341783
2021-06-18 09:27:39,828.45,342034
2021-06-18 09:27:40,828.45,342034
2021-06-18 09:27:41,828.45,342034
2021-06-18 09:27:43,828.45,342273
2021-06-18 09:27:45,828.7,342353
2021-06-18 09:27:46,828.7,342360
2021-06-18 09:27:48,828.7,342360
2021-06-18 09:27:49,828.7,342360
2021-06-18 09:27:50,828.7,342360
2021-06-18 09:27:51,828.35,342621
2021-06-18 09:27:52,828.25,342651
2021-06-18 09:27:53,828.25,342651
2021-06-18 09:27:54,828.25,342651
2021-06-18 09:27:56,828.25,342969
2021-06-18 09:27:55,828.75,342681
2021-06-18 09:27:57,828.25,343894
2021-06-18 09:27:58,828.25,343894
2021-06-18 09:27:59,828.05,343994
2021-06-18 09:28:00,828.05,344056
2021-06-18 09:28:01,828.05,344056
2021-06-18 09:28:02,828.45,344267
2021-06-18 09:28:03,828.45,344547
2021-06-18 09:28:04,828.05,344999
2021-06-18 09:28:05,828.1,345004
2021-06-18 09:28:06,828.1,345004
2021-06-18 09:28:07,828.45,345007
2021-06-18 09:28:08,828.05,345008
2021-06-18 09:28:09,828.05,345008
2021-06-18 09:28:14,828.1,345109
2021-06-18 09:28:15,828.1,345109
2021-06-18 09:28:16,828.6,345999
2021-06-18 09:28:17,828.6,346092
2021-06-18 09:28:18,828.7,346192
2021-06-18 09:28:19,828.7,346192
2021-06-18 09:28:20,828.5,346202
2021-06-18 09:28:21,828.5,346202
2021-06-18 09:28:22,828.4,346217
2021-06-18 09:28:23,828.7,346406
2021-06-18 09:28:24,828.7,346406
2021-06-18 09:28:25,828.25,346496
2021-06-18 09:28:27,828.25,346496
2021-06-18 09:28:28,828.25,346496
2021-06-18 09:28:29,828.35,346514
2021-06-18 09:28:30,828.35,346514
2021-06-18 09:28:31,828.7,346516
2021-06-18 09:28:32,828.35,346532
2021-06-18 09:28:33,828.35,346534
2021-06-18 09:28:34,828.8,347040
2021-06-18 09:28:35,828.8,347062
2021-06-18 09:28:36,828.35,347079
2021-06-18 09:28:37,828.45,347279
2021-06-18 09:28:38,828.45,347281
2021-06-18 09:28:39,828.45,347281
2021-06-18 09:28:40,828.45,347281
2021-06-18 09:28:41,828.45,347381
2021-06-18 09:28:42,828.75,347881
2021-06-18 09:28:43,828.75,347881
2021-06-18 09:28:44,828.75,347945
2021-06-18 09:28:45,828.75,347945
2021-06-18 09:28:46,828.75,347945
2021-06-18 09:28:47,828.45,347950
2021-06-18 09:28:48,828.45,347967
2021-06-18 09:28:49,828.8,348396
2021-06-18 09:28:50,828.8,348426
2021-06-18 09:28:51,828.8,348426
2021-06-18 09:28:53,828.8,348426
2021-06-18 09:28:54,828.7,348429
2021-06-18 09:28:55,828.8,348629
2021-06-18 09:28:55,828.8,348629
2021-06-18 09:28:56,828.9,348901
2021-06-18 09:28:57,828.9,348901
2021-06-18 09:28:58,828.9,348901
2021-06-18 09:28:59,828.9,348903
2021-06-18 09:29:00,828.45,348950
2021-06-18 09:29:01,828.45,348950
2021-06-18 09:29:02,828.45,348951
2021-06-18 09:29:03,828.75,349053
2021-06-18 09:29:04,828.75,349055
2021-06-18 09:29:05,828.3,349277
2021-06-18 09:29:06,828.6,349574
2021-06-18 09:29:07,828.6,351225
2021-06-18 09:29:08,828.6,351225
2021-06-18 09:29:09,828.45,351226
2021-06-18 09:29:10,828.25,351277
2021-06-18 09:29:11,828.05,351565
2021-06-18 09:29:12,828.0,351615
2021-06-18 09:29:13,828.3,351625
2021-06-18 09:29:14,828.0,352129
2021-06-18 09:29:15,828.0,352131
2021-06-18 09:29:16,828.0,353923
2021-06-18 09:29:17,828.0,353923
2021-06-18 09:29:18,828.0,353923
2021-06-18 09:29:19,828.0,353943
2021-06-18 09:29:20,828.0,353943
2021-06-18 09:29:21,827.55,354375
2021-06-18 09:29:22,828.0,354576
2021-06-18 09:29:23,827.55,354587
2021-06-18 09:29:24,827.55,354587
2021-06-18 09:29:25,827.55,354587
2021-06-18 09:29:26,827.55,354587
2021-06-18 09:29:27,827.55,354587
2021-06-18 09:29:28,827.55,354587
2021-06-18 09:29:29,827.55,354587
2021-06-18 09:29:30,827.55,354687
2021-06-18 09:29:31,827.55,354687
2021-06-18 09:29:32,827.95,354773
2021-06-18 09:29:33,827.95,354773
2021-06-18 09:29:34,827.5,355180
2021-06-18 09:29:35,827.5,355200
2021-06-18 09:29:36,827.4,355501
2021-06-18 09:29:37,827.4,355501
2021-06-18 09:29:38,827.4,355501
2021-06-18 09:29:39,827.45,355606
2021-06-18 09:29:40,827.15,355623
2021-06-18 09:29:41,827.15,355623
2021-06-18 09:29:42,827.3,355698
2021-06-18 09:29:43,827.3,355700
2021-06-18 09:29:44,827.3,355725
2021-06-18 09:29:45,827.3,355725
2021-06-18 09:29:46,827.05,356064
2021-06-18 09:29:47,827.1,356097
2021-06-18 09:29:48,827.05,356209
2021-06-18 09:29:49,827.05,356229
2021-06-18 09:29:50,827.05,356229
2021-06-18 09:29:51,827.05,356229
2021-06-18 09:29:52,827.05,356229
2021-06-18 09:29:53,827.1,356246
2021-06-18 09:29:54,827.3,356255
2021-06-18 09:29:55,827.3,356255
2021-06-18 09:29:56,827.3,356257
2021-06-18 09:29:57,827.3,356259
2021-06-18 09:29:58,827.1,356273
2021-06-18 09:30:00,827.3,356373
2021-06-18 09:30:00,827.3,356373
2021-06-18 09:30:01,827.3,356403
2021-06-18 09:30:02,827.3,356413
2021-06-18 09:30:03,827.3,356413
2021-06-18 09:30:04,827.3,356715
2021-06-18 09:30:05,827.3,356755
2021-06-18 09:30:06,827.3,356756
2021-06-18 09:30:07,827.15,356769
2021-06-18 09:30:08,827.3,356774
2021-06-18 09:30:09,827.3,357099
2021-06-18 09:30:10,827.3,357099
2021-06-18 09:30:11,827.3,357199
2021-06-18 09:30:12,827.3,357224
2021-06-18 09:30:13,827.3,357245
2021-06-18 09:30:14,827.3,357245
2021-06-18 09:30:15,827.3,357307
2021-06-18 09:30:16,827.3,357311
2021-06-18 09:30:17,827.3,357311
2021-06-18 09:30:18,827.3,357313
2021-06-18 09:30:19,827.3,358198
2021-06-18 09:30:20,827.1,358420
2021-06-18 09:30:21,827.05,358628
2021-06-18 09:30:22,827.05,358628
2021-06-18 09:30:23,827.05,358707
2021-06-18 09:30:25,827.05,358707
2021-06-18 09:30:25,827.05,358708
2021-06-18 09:30:26,826.5,361213
2021-06-18 09:30:27,826.65,361558
2021-06-18 09:30:28,826.5,361751
2021-06-18 09:30:29,826.45,361875
2021-06-18 09:30:30,826.45,361885
2021-06-18 09:30:31,826.35,361985
2021-06-18 09:30:32,826.45,362110
2021-06-18 09:30:33,826.45,362110
2021-06-18 09:30:34,826.2,362210
2021-06-18 09:30:35,826.65,363210
2021-06-18 09:30:36,826.25,363270
2021-06-18 09:30:37,826.25,363270
2021-06-18 09:30:38,826.2,363500
2021-06-18 09:30:39,826.45,363557
2021-06-18 09:30:41,826.6,363623
2021-06-18 09:30:42,826.2,363763
2021-06-18 09:30:43,826.1,364272
2021-06-18 09:30:44,825.8,364602
2021-06-18 09:30:46,825.85,364975
2021-06-18 09:30:47,825.25,365625
2021-06-18 09:30:48,825.25,365625
2021-06-18 09:30:49,825.65,366279
2021-06-18 09:30:51,825.5,367622
2021-06-18 09:30:52,825.5,367641
2021-06-18 09:30:53,825.5,367641
2021-06-18 09:30:54,825.5,367641
2021-06-18 09:30:55,825.25,367675
2021-06-18 09:30:55,825.25,367717
2021-06-18 09:30:56,825.35,367752
2021-06-18 09:30:57,825.35,367802
2021-06-18 09:30:58,825.35,367979
2021-06-18 09:30:59,825.35,367979
2021-06-18 09:31:00,825.25,367981
2021-06-18 09:31:01,825.15,368195
2021-06-18 09:31:02,825.15,369406
2021-06-18 09:31:03,825.2,369648
2021-06-18 09:31:04,825.2,369648
2021-06-18 09:31:05,825.2,369708
2021-06-18 09:31:06,825.2,369710
2021-06-18 09:31:07,825.0,369770
2021-06-18 09:31:08,825.15,369795
2021-06-18 09:31:09,825.2,369799
2021-06-18 09:31:10,825.0,369905
2021-06-18 09:31:11,825.2,369926
2021-06-18 09:31:12,825.0,369947
2021-06-18 09:31:13,825.2,369957
2021-06-18 09:31:14,825.2,369957
2021-06-18 09:31:15,825.2,369967
2021-06-18 09:31:16,825.0,370167
2021-06-18 09:31:18,825.2,370389
2021-06-18 09:31:19,825.2,370479
2021-06-18 09:31:21,825.2,370499
2021-06-18 09:31:22,825.0,370509
2021-06-18 09:31:24,825.2,370553
2021-06-18 09:31:25,825.0,370578
2021-06-18 09:31:25,825.2,370633
2021-06-18 09:31:26,825.2,370633
2021-06-18 09:31:27,825.2,372237
2021-06-18 09:31:28,825.2,372237
2021-06-18 09:31:29,825.4,372526
2021-06-18 09:31:30,825.4,372528
2021-06-18 09:31:31,825.4,372547
2021-06-18 09:31:32,825.4,372547
2021-06-18 09:31:33,825.25,372587
2021-06-18 09:31:34,825.4,372589
2021-06-18 09:31:35,825.4,372694
2021-06-18 09:31:36,825.75,373834
2021-06-18 09:31:37,826.2,373923
2021-06-18 09:31:38,826.2,373928
2021-06-18 09:31:39,825.95,373943
2021-06-18 09:31:40,825.95,373943
2021-06-18 09:31:42,826.4,374841
2021-06-18 09:31:43,826.8,374851
2021-06-18 09:31:43,826.8,374855
2021-06-18 09:31:44,826.8,374855
2021-06-18 09:31:45,826.8,374885
2021-06-18 09:31:46,826.8,374885
2021-06-18 09:31:47,826.8,374885
2021-06-18 09:31:48,826.9,375285
2021-06-18 09:31:50,826.8,375605
2021-06-18 09:31:52,826.35,375692
2021-06-18 09:31:53,826.35,375692
2021-06-18 09:31:54,826.8,376501
2021-06-18 09:31:55,826.8,376501
2021-06-18 09:31:56,826.8,376505
2021-06-18 09:31:57,826.8,376507
2021-06-18 09:31:58,826.8,376512
2021-06-18 09:31:59,826.8,376512
2021-06-18 09:32:00,826.35,376564
2021-06-18 09:32:01,826.35,376564
2021-06-18 09:32:02,826.35,376564
2021-06-18 09:32:03,826.75,376567
2021-06-18 09:32:04,826.7,376617
2021-06-18 09:32:05,826.7,376617
2021-06-18 09:32:06,826.15,376668
2021-06-18 09:32:07,826.55,376680
2021-06-18 09:32:09,826.5,376682
2021-06-18 09:32:10,826.5,376682
2021-06-18 09:32:10,826.5,376682
2021-06-18 09:32:11,826.5,376733
2021-06-18 09:32:12,826.5,376733
2021-06-18 09:32:13,826.5,376735
2021-06-18 09:32:14,826.5,376735
2021-06-18 09:32:15,826.5,376735
2021-06-18 09:32:16,826.5,376735
2021-06-18 09:32:17,826.45,376755
2021-06-18 09:32:18,826.5,377425
2021-06-18 09:32:19,826.5,377425
2021-06-18 09:32:20,826.5,378055
2021-06-18 09:32:21,826.5,378055
2021-06-18 09:32:22,826.5,379155
2021-06-18 09:32:23,826.5,379155
2021-06-18 09:32:24,826.5,379155
2021-06-18 09:32:25,826.25,379157
2021-06-18 09:32:26,826.25,379486
2021-06-18 09:32:27,826.25,379486
2021-06-18 09:32:28,826.25,379486
2021-06-18 09:32:29,826.35,379487
2021-06-18 09:32:30,826.35,379487
2021-06-18 09:32:32,826.35,379587
2021-06-18 09:32:33,826.35,379587
2021-06-18 09:32:34,826.35,379906
2021-06-18 09:32:35,826.35,379913
2021-06-18 09:32:35,826.3,379938
2021-06-18 09:32:36,826.3,379938
2021-06-18 09:32:37,826.3,379938
2021-06-18 09:32:39,826.3,379944
2021-06-18 09:32:40,826.55,380465
2021-06-18 09:32:41,826.55,380465
2021-06-18 09:32:42,826.3,380468
2021-06-18 09:32:42,826.3,380468
2021-06-18 09:32:44,826.5,380471
2021-06-18 09:32:45,826.5,380471
2021-06-18 09:32:45,826.5,380471
2021-06-18 09:32:47,826.5,380471
2021-06-18 09:32:48,826.5,380471
2021-06-18 09:32:49,826.5,380484
2021-06-18 09:32:50,826.5,380484
2021-06-18 09:32:51,826.5,380484
2021-06-18 09:32:52,826.5,380484
2021-06-18 09:32:53,826.5,380534
2021-06-18 09:32:54,826.5,380534
2021-06-18 09:32:55,826.55,381164
2021-06-18 09:32:56,826.3,381170
2021-06-18 09:32:57,826.55,381189
2021-06-18 09:32:58,826.55,381189
2021-06-18 09:32:59,826.55,381189
2021-06-18 09:33:00,826.55,381189
2021-06-18 09:33:00,826.55,381199
2021-06-18 09:33:01,826.55,381199
2021-06-18 09:33:02,826.55,381199
2021-06-18 09:33:03,826.5,381204
2021-06-18 09:33:04,826.5,381204
2021-06-18 09:33:05,826.55,382206
2021-06-18 09:33:06,826.55,382306
2021-06-18 09:33:07,826.55,382310
2021-06-18 09:33:09,826.15,382320
2021-06-18 09:33:10,826.15,382320
2021-06-18 09:33:11,826.15,382320
2021-06-18 09:33:12,826.15,382320
2021-06-18 09:33:13,826.15,382320
2021-06-18 09:33:14,826.55,383127
2021-06-18 09:33:15,826.35,383137
2021-06-18 09:33:16,826.5,383237
2021-06-18 09:33:17,826.5,383237
2021-06-18 09:33:18,826.35,383238
2021-06-18 09:33:19,826.35,383238
2021-06-18 09:33:20,826.5,383239
2021-06-18 09:33:20,826.5,383239
2021-06-18 09:33:21,826.5,383239
2021-06-18 09:33:22,826.35,383269
2021-06-18 09:33:23,826.5,383271
2021-06-18 09:33:25,826.5,383311
2021-06-18 09:33:26,826.5,383312
2021-06-18 09:33:27,826.5,383312
2021-06-18 09:33:28,826.35,383316
2021-06-18 09:33:29,826.35,383316
2021-06-18 09:33:30,826.5,383336
2021-06-18 09:33:31,826.35,383691
2021-06-18 09:33:32,826.35,383691
2021-06-18 09:33:33,826.5,383695
2021-06-18 09:33:34,826.5,383705
2021-06-18 09:33:35,826.35,383709
2021-06-18 09:33:36,826.35,383709
2021-06-18 09:33:37,826.35,383709
2021-06-18 09:33:38,826.5,385546
2021-06-18 09:33:39,826.5,385547
2021-06-18 09:33:40,826.35,385697
2021-06-18 09:33:41,826.35,385697
2021-06-18 09:33:42,826.35,385697
2021-06-18 09:33:42,826.35,385697
2021-06-18 09:33:43,826.4,385701
2021-06-18 09:33:44,826.4,385806
2021-06-18 09:33:46,826.35,385807
2021-06-18 09:33:47,826.35,385807
2021-06-18 09:33:48,826.4,385815
2021-06-18 09:33:49,826.4,385815
2021-06-18 09:33:50,826.35,385829
2021-06-18 09:33:51,826.35,385829
2021-06-18 09:33:51,826.35,385829
2021-06-18 09:33:53,826.55,386429
2021-06-18 09:33:53,826.55,386429
2021-06-18 09:33:55,826.05,388945
2021-06-18 09:33:56,826.3,389045
2021-06-18 09:33:56,826.3,389045
2021-06-18 09:33:58,826.05,389065
2021-06-18 09:34:00,826.3,389267
2021-06-18 09:34:01,826.3,389267
2021-06-18 09:34:02,826.3,389283
2021-06-18 09:34:03,826.3,389283
2021-06-18 09:34:04,826.3,389286
2021-06-18 09:34:05,826.3,389286
2021-06-18 09:34:06,826.3,389286
2021-06-18 09:34:07,826.3,389353
2021-06-18 09:34:08,826.3,389363
2021-06-18 09:34:09,826.3,389363
2021-06-18 09:34:10,826.2,389373
2021-06-18 09:34:11,826.2,389373
2021-06-18 09:34:12,826.2,389473
2021-06-18 09:34:13,826.05,389477
2021-06-18 09:34:13,826.05,389527
2021-06-18 09:34:14,826.2,389531
2021-06-18 09:34:16,826.2,389759
2021-06-18 09:34:17,826.2,389759
2021-06-18 09:34:17,826.2,389759
2021-06-18 09:34:19,826.2,389815
2021-06-18 09:34:20,826.2,389815
2021-06-18 09:34:21,826.05,389984
2021-06-18 09:34:22,826.05,390003
2021-06-18 09:34:23,826.05,390013
2021-06-18 09:34:24,826.05,390032
2021-06-18 09:34:25,826.05,390041
2021-06-18 09:34:26,826.05,390041
2021-06-18 09:34:27,826.0,390044
2021-06-18 09:34:28,826.0,390044
2021-06-18 09:34:29,826.05,390046
2021-06-18 09:34:30,826.05,390061
2021-06-18 09:34:30,826.0,390081
2021-06-18 09:34:31,826.2,391237
2021-06-18 09:34:33,826.0,391238
2021-06-18 09:34:34,826.0,391238
2021-06-18 09:34:35,826.0,391238
2021-06-18 09:34:36,826.2,391299
2021-06-18 09:34:37,826.2,391299
2021-06-18 09:34:38,826.2,391299
2021-06-18 09:34:39,826.2,391314
2021-06-18 09:34:40,826.2,391314
2021-06-18 09:34:41,826.05,392170
2021-06-18 09:34:42,826.05,392170
2021-06-18 09:34:43,826.0,392172
2021-06-18 09:34:44,825.8,392374
2021-06-18 09:34:45,825.8,392404
2021-06-18 09:34:46,825.8,392424
2021-06-18 09:34:47,825.9,392734
2021-06-18 09:34:48,825.9,392734
2021-06-18 09:34:49,825.9,392734
2021-06-18 09:34:51,825.8,392764
2021-06-18 09:34:53,825.9,392775
2021-06-18 09:34:54,825.9,392775
2021-06-18 09:34:55,825.9,392782
2021-06-18 09:34:56,825.8,392865
2021-06-18 09:34:57,825.5,393416
2021-06-18 09:34:58,825.6,393420
2021-06-18 09:34:59,825.6,393422
2021-06-18 09:35:00,825.5,393450
2021-06-18 09:35:01,825.5,393602
2021-06-18 09:35:02,825.4,393803
2021-06-18 09:35:03,825.4,393803
2021-06-18 09:35:04,825.4,393803
2021-06-18 09:35:05,825.6,396779
2021-06-18 09:35:06,825.6,396780
2021-06-18 09:35:07,825.4,396791
2021-06-18 09:35:08,825.2,396891
2021-06-18 09:35:09,825.45,396943
2021-06-18 09:35:10,825.1,397070
2021-06-18 09:35:11,825.25,397085
2021-06-18 09:35:12,825.05,397087
2021-06-18 09:35:13,825.15,397575
2021-06-18 09:35:14,825.15,397575
2021-06-18 09:35:15,825.15,397575
2021-06-18 09:35:16,825.15,397575
2021-06-18 09:35:17,825.25,398075
2021-06-18 09:35:18,825.25,398075
2021-06-18 09:35:19,825.25,398375
2021-06-18 09:35:20,825.0,398382
2021-06-18 09:35:21,825.0,398382
2021-06-18 09:35:22,825.0,401945
2021-06-18 09:35:23,824.85,401950
2021-06-18 09:35:24,825.1,402071
2021-06-18 09:35:25,825.1,402071
2021-06-18 09:35:26,824.85,402177
2021-06-18 09:35:27,824.85,402177
2021-06-18 09:35:28,824.85,402230
2021-06-18 09:35:29,825.0,402610
2021-06-18 09:35:29,825.0,402610
2021-06-18 09:35:30,824.8,402641
2021-06-18 09:35:32,824.8,402641
2021-06-18 09:35:33,824.8,402641
2021-06-18 09:35:34,825.05,403151
2021-06-18 09:35:35,824.8,403153
2021-06-18 09:35:36,824.95,403158
2021-06-18 09:35:37,824.8,403188
2021-06-18 09:35:38,824.8,403273
2021-06-18 09:35:39,824.95,403274
2021-06-18 09:35:40,824.95,403409
2021-06-18 09:35:41,824.8,403509
2021-06-18 09:35:42,824.8,403509
2021-06-18 09:35:43,824.8,403509
2021-06-18 09:35:44,824.95,403519
2021-06-18 09:35:45,824.8,403619
2021-06-18 09:35:46,824.95,403719
2021-06-18 09:35:47,824.8,403721
2021-06-18 09:35:48,824.8,403721
2021-06-18 09:35:49,824.8,403721
2021-06-18 09:35:50,824.8,403743
2021-06-18 09:35:51,824.8,403743
2021-06-18 09:35:52,824.8,403743
2021-06-18 09:35:53,824.5,404996
2021-06-18 09:35:54,824.5,404996
2021-06-18 09:35:55,824.75,405160
2021-06-18 09:35:56,824.45,405247
2021-06-18 09:35:57,824.45,405247
2021-06-18 09:35:58,824.45,405247
2021-06-18 09:35:59,824.45,405247
2021-06-18 09:36:00,824.45,405247
2021-06-18 09:36:01,824.45,405312
2021-06-18 09:36:02,824.6,405332
2021-06-18 09:36:03,824.6,405332
2021-06-18 09:36:04,824.5,405338
2021-06-18 09:36:05,824.6,405442
2021-06-18 09:36:06,824.2,405567
2021-06-18 09:36:07,824.4,405767
2021-06-18 09:36:08,824.4,405782
2021-06-18 09:36:09,824.0,406795
2021-06-18 09:36:10,824.2,406807
2021-06-18 09:36:11,824.15,407865
2021-06-18 09:36:12,824.0,407981
2021-06-18 09:36:13,824.0,408120
2021-06-18 09:36:15,824.05,408193
2021-06-18 09:36:16,824.05,408193
2021-06-18 09:36:17,824.05,408200
2021-06-18 09:36:18,824.05,408300
2021-06-18 09:36:19,824.05,408300
2021-06-18 09:36:20,824.0,408350
2021-06-18 09:36:21,824.0,408350
2021-06-18 09:36:22,824.0,408457
2021-06-18 09:36:23,824.05,408530
2021-06-18 09:36:24,824.05,408530
2021-06-18 09:36:25,824.05,408530
2021-06-18 09:36:26,824.05,408530
2021-06-18 09:36:27,823.75,411068
2021-06-18 09:36:28,823.9,411123
2021-06-18 09:36:29,823.5,414357
2021-06-18 09:36:30,823.25,415309
2021-06-18 09:36:31,823.45,415518
2021-06-18 09:36:32,823.45,415575
2021-06-18 09:36:33,823.15,415763
2021-06-18 09:36:34,823.45,415770
2021-06-18 09:36:35,823.15,415780
2021-06-18 09:36:36,823.45,416595
2021-06-18 09:36:37,823.15,416605
2021-06-18 09:36:38,823.15,416606
2021-06-18 09:36:39,823.15,416806
2021-06-18 09:36:40,823.45,416813
2021-06-18 09:36:41,823.45,416923
2021-06-18 09:36:42,823.15,417183
2021-06-18 09:36:43,823.15,417423
2021-06-18 09:36:44,823.15,417899
2021-06-18 09:36:46,823.15,418429
2021-06-18 09:36:47,823.35,421564
2021-06-18 09:36:48,823.15,422494
2021-06-18 09:36:49,823.05,422703
2021-06-18 09:36:50,823.05,422703
2021-06-18 09:36:51,823.05,422942
2021-06-18 09:36:52,823.05,422942
2021-06-18 09:36:53,822.8,423382
2021-06-18 09:36:54,822.8,423532
2021-06-18 09:36:55,822.95,423683
2021-06-18 09:36:56,822.95,423740
2021-06-18 09:36:57,822.7,423776
2021-06-18 09:36:58,822.95,424117
2021-06-18 09:36:59,822.75,424404
2021-06-18 09:37:00,822.75,424446
2021-06-18 09:37:01,822.75,424446
2021-06-18 09:37:02,822.95,425295
2021-06-18 09:37:03,822.95,425372
2021-06-18 09:37:04,822.85,425493
2021-06-18 09:37:05,822.75,426093
2021-06-18 09:37:07,822.85,426171
2021-06-18 09:37:08,822.8,426195
2021-06-18 09:37:09,822.85,426201
2021-06-18 09:37:10,822.65,426824
2021-06-18 09:37:11,822.65,429481
2021-06-18 09:37:12,822.55,431056
2021-06-18 09:37:13,822.45,431270
2021-06-18 09:37:15,822.6,431418
2021-06-18 09:37:16,822.5,431555
2021-06-18 09:37:17,822.55,431559
2021-06-18 09:37:18,822.5,431660
2021-06-18 09:37:20,822.5,432048
2021-06-18 09:37:21,822.55,432101
2021-06-18 09:37:22,822.5,432675
2021-06-18 09:37:23,822.6,433209
2021-06-18 09:37:24,822.35,433286
2021-06-18 09:37:25,822.6,433296
2021-06-18 09:37:27,822.6,433380
2021-06-18 09:37:26,822.6,433370
2021-06-18 09:37:28,822.6,434002
2021-06-18 09:37:29,822.65,434432
2021-06-18 09:37:30,822.5,434619
2021-06-18 09:37:31,822.6,434654
2021-06-18 09:37:32,822.6,435307
2021-06-18 09:37:33,822.6,435312
2021-06-18 09:37:34,822.5,435962
2021-06-18 09:37:35,822.6,436067
2021-06-18 09:37:36,822.6,436267
2021-06-18 09:37:37,822.55,436268
2021-06-18 09:37:38,822.6,436269
2021-06-18 09:37:39,822.6,436799
2021-06-18 09:37:40,822.6,436799
2021-06-18 09:37:41,822.6,436801
2021-06-18 09:37:42,822.6,436901
2021-06-18 09:37:43,822.6,436901
2021-06-18 09:37:44,822.6,437006
2021-06-18 09:37:45,822.6,437006
2021-06-18 09:37:46,822.6,438109
2021-06-18 09:37:47,822.6,438310
2021-06-18 09:37:48,822.6,439437
2021-06-18 09:37:49,822.5,439441
2021-06-18 09:37:52,822.6,439697
2021-06-18 09:37:58,822.6,439769
2021-06-18 09:38:03,822.6,440083
2021-06-18 09:38:09,822.6,440617
2021-06-18 09:38:14,822.2,441491
2021-06-18 09:38:19,822.75,444601
2021-06-18 09:38:25,822.55,445351
2021-06-18 09:38:31,822.75,445432
2021-06-18 09:38:36,822.7,445548
2021-06-18 09:38:42,822.75,446348
2021-06-18 09:38:53,823.45,457344
2021-06-18 09:38:59,823.25,459251
2021-06-18 09:39:04,823.35,460621
2021-06-18 09:39:10,823.2,464352
2021-06-18 09:39:16,822.85,467717
2021-06-18 09:39:21,822.5,468312
2021-06-18 09:39:27,822.5,470371
2021-06-18 09:39:32,823.0,471181
2021-06-18 09:39:37,823.0,471287
2021-06-18 09:39:42,823.2,472239
2021-06-18 09:39:47,823.2,474695
2021-06-18 09:39:53,823.1,474924
2021-06-18 09:39:58,823.05,475100
2021-06-18 09:40:03,822.8,477206
2021-06-18 09:40:08,822.5,479951
2021-06-18 09:40:14,822.35,480124
2021-06-18 09:40:19,822.35,480783
2021-06-18 09:40:25,822.3,481148
2021-06-18 09:40:30,822.2,482474
2021-06-18 09:40:35,822.25,483322
2021-06-18 09:40:41,822.2,484129
2021-06-18 09:40:46,822.0,485110
2021-06-18 09:40:51,822.25,485755
2021-06-18 09:40:57,822.2,486433
2021-06-18 09:41:02,822.2,486952
2021-06-18 09:41:07,822.2,487288
2021-06-18 09:41:13,821.65,491033
2021-06-18 09:41:18,821.9,494553
2021-06-18 09:41:22,821.9,495016
2021-06-18 09:41:27,822.15,495539
2021-06-18 09:41:32,822.1,495746
2021-06-18 09:41:37,822.1,496189
2021-06-18 09:41:42,822.0,496399
2021-06-18 09:41:47,822.1,498522
2021-06-18 09:41:52,822.1,499028
2021-06-18 09:41:57,821.6,500601
2021-06-18 09:42:02,822.0,500874
2021-06-18 09:42:08,822.0,501427
2021-06-18 09:42:13,822.0,501582
2021-06-18 09:42:18,822.0,501901
2021-06-18 09:42:23,821.6,503403
2021-06-18 09:42:28,821.6,504314
2021-06-18 09:42:33,821.5,505185
2021-06-18 09:42:38,821.65,506202
2021-06-18 09:42:44,821.55,507866
2021-06-18 09:42:49,821.15,508181
2021-06-18 09:42:51,821.45,508552
2021-06-18 09:42:51,821.5,508652
2021-06-18 09:42:52,821.1,508688
2021-06-18 09:42:53,821.0,509696
2021-06-18 09:42:55,821.1,510909
2021-06-18 09:42:56,821.15,510934
2021-06-18 09:42:57,821.15,510954
2021-06-18 09:42:58,821.1,511054
2021-06-18 09:42:58,821.1,511054
2021-06-18 09:42:59,821.1,511221
2021-06-18 09:43:00,820.8,511846
2021-06-18 09:43:01,821.05,512079
2021-06-18 09:43:02,821.05,512844
2021-06-18 09:43:03,820.7,512956
2021-06-18 09:43:04,820.7,512996
2021-06-18 09:43:06,820.7,513046
2021-06-18 09:43:06,821.15,513546
2021-06-18 09:43:07,821.0,513575
2021-06-18 09:43:08,821.0,513575
2021-06-18 09:43:10,820.75,513725
2021-06-18 09:43:11,821.0,513736
2021-06-18 09:43:12,821.0,513752
2021-06-18 09:43:13,821.0,513752
2021-06-18 09:43:14,821.0,513894
2021-06-18 09:43:15,821.0,513894
2021-06-18 09:43:16,820.7,513919
2021-06-18 09:43:17,821.0,513954
2021-06-18 09:43:18,820.7,513974
2021-06-18 09:43:19,821.0,514024
2021-06-18 09:43:20,820.7,514026
2021-06-18 09:43:21,820.7,514136
2021-06-18 09:43:22,821.0,514153
2021-06-18 09:43:23,821.0,514153
2021-06-18 09:43:24,821.0,514153
2021-06-18 09:43:25,821.0,514153
2021-06-18 09:43:26,821.0,514158
2021-06-18 09:43:27,821.0,514158
2021-06-18 09:43:28,821.0,514191
2021-06-18 09:43:29,821.0,514216
2021-06-18 09:43:30,821.0,514216
2021-06-18 09:43:31,821.0,514450
2021-06-18 09:43:32,821.05,514934
2021-06-18 09:43:33,821.05,514934
2021-06-18 09:43:34,821.0,514936
2021-06-18 09:43:35,821.0,514938
2021-06-18 09:43:36,820.8,514948
2021-06-18 09:43:37,820.8,514948
2021-06-18 09:43:38,821.0,515048
2021-06-18 09:43:39,820.8,515057
2021-06-18 09:43:40,821.0,515107
2021-06-18 09:43:41,820.8,515195
2021-06-18 09:43:42,821.0,515315
2021-06-18 09:43:43,820.8,515528
2021-06-18 09:43:44,820.7,515573
2021-06-18 09:43:45,820.7,515703
2021-06-18 09:43:46,820.9,515782
2021-06-18 09:43:47,820.9,515858
2021-06-18 09:43:48,820.7,516005
2021-06-18 09:43:48,820.9,516007
2021-06-18 09:43:49,820.6,517891
2021-06-18 09:43:50,820.6,517916
2021-06-18 09:43:51,820.55,517935
2021-06-18 09:43:52,820.6,517996
2021-06-18 09:43:53,820.6,518456
2021-06-18 09:43:54,820.6,518512
2021-06-18 09:43:55,820.6,518517
2021-06-18 09:43:57,820.5,518521
2021-06-18 09:43:58,820.5,518521
2021-06-18 09:43:59,820.6,518523
2021-06-18 09:44:00,820.5,518595
2021-06-18 09:44:01,820.6,519282
2021-06-18 09:44:02,820.6,519282
2021-06-18 09:44:03,820.6,519304
2021-06-18 09:44:04,820.6,519304
2021-06-18 09:44:05,820.5,519305
2021-06-18 09:44:06,820.7,520669
2021-06-18 09:44:07,820.7,520947
2021-06-18 09:44:08,820.7,520947
2021-06-18 09:44:09,820.9,520949
2021-06-18 09:44:10,820.7,521059
2021-06-18 09:44:11,820.7,521095
2021-06-18 09:44:12,820.7,521116
2021-06-18 09:44:13,820.9,521125
2021-06-18 09:44:14,820.9,521137
2021-06-18 09:44:15,820.85,521319
2021-06-18 09:44:16,820.8,521469
2021-06-18 09:44:17,820.8,521761
2021-06-18 09:44:18,820.8,521761
2021-06-18 09:44:19,821.0,521763
2021-06-18 09:44:20,820.95,521793
2021-06-18 09:44:21,821.0,521844
2021-06-18 09:44:22,821.0,522002
2021-06-18 09:44:23,821.0,522102
2021-06-18 09:44:24,821.0,522117
2021-06-18 09:44:25,821.0,522427
2021-06-18 09:44:26,821.0,523081
2021-06-18 09:44:27,821.0,523083
2021-06-18 09:44:28,821.0,523103
2021-06-18 09:44:28,821.0,523103
2021-06-18 09:44:29,821.0,523503
2021-06-18 09:44:30,821.0,523543
2021-06-18 09:44:31,820.8,525021
2021-06-18 09:44:32,821.0,526505
2021-06-18 09:44:33,821.0,526665
2021-06-18 09:44:34,821.0,526665
2021-06-18 09:44:35,820.8,526680
2021-06-18 09:44:36,820.8,526680
2021-06-18 09:44:37,820.8,526742
2021-06-18 09:44:39,820.8,526742
2021-06-18 09:44:40,820.8,526837
2021-06-18 09:44:41,820.8,526837
2021-06-18 09:44:42,820.5,528427
2021-06-18 09:44:43,820.3,528462
2021-06-18 09:44:44,820.5,528467
2021-06-18 09:44:45,820.3,528474
2021-06-18 09:44:46,820.3,528474
2021-06-18 09:44:47,820.55,528577
2021-06-18 09:44:49,820.3,528882
2021-06-18 09:44:50,820.3,528882
2021-06-18 09:44:51,820.3,528907
2021-06-18 09:44:51,820.3,528907
2021-06-18 09:44:52,820.55,528917
2021-06-18 09:44:53,820.55,528989
2021-06-18 09:44:54,820.55,528999
2021-06-18 09:44:55,820.3,529019
2021-06-18 09:44:58,820.55,529031
2021-06-18 09:44:59,820.55,529031
2021-06-18 09:45:00,820.1,529917
2021-06-18 09:45:02,820.1,529976
2021-06-18 09:45:03,819.8,534794
2021-06-18 09:45:04,819.85,535004
2021-06-18 09:45:06,819.8,536735
2021-06-18 09:45:07,819.8,536735
2021-06-18 09:45:08,819.8,536735
2021-06-18 09:45:09,819.3,536851
2021-06-18 09:45:10,819.3,536851
2021-06-18 09:45:11,819.8,537544
2021-06-18 09:45:12,819.65,538026
2021-06-18 09:45:13,819.65,538097
2021-06-18 09:45:14,819.6,538113
2021-06-18 09:45:15,819.25,538243
2021-06-18 09:45:16,819.45,538490
2021-06-18 09:45:17,819.0,540043
2021-06-18 09:45:18,819.25,540206
2021-06-18 09:45:19,819.3,540606
2021-06-18 09:45:20,819.3,540614
2021-06-18 09:45:21,819.5,542262
2021-06-18 09:45:22,819.5,542409
2021-06-18 09:45:23,819.3,542521
2021-06-18 09:45:24,819.5,543681
2021-06-18 09:45:25,819.5,543735
2021-06-18 09:45:26,819.25,543747
2021-06-18 09:45:27,819.5,543757
2021-06-18 09:45:28,819.5,543757
2021-06-18 09:45:29,819.8,545208
2021-06-18 09:45:30,819.9,545587
2021-06-18 09:45:31,819.9,545587
2021-06-18 09:45:32,819.8,545606
2021-06-18 09:45:33,819.8,545684
2021-06-18 09:45:33,819.8,545668
2021-06-18 09:45:35,819.7,545784
2021-06-18 09:45:36,819.7,546053
2021-06-18 09:45:36,819.7,546090
2021-06-18 09:45:37,819.7,546090
2021-06-18 09:45:38,819.7,546100
2021-06-18 09:45:39,819.7,546100
2021-06-18 09:45:41,819.7,546109
2021-06-18 09:45:42,819.7,546109
2021-06-18 09:45:42,819.45,546119
2021-06-18 09:45:44,819.7,546169
2021-06-18 09:45:45,819.7,546169
2021-06-18 09:45:46,819.7,546654
2021-06-18 09:45:46,819.8,547219
2021-06-18 09:45:47,819.85,547296
2021-06-18 09:45:49,819.5,547961
2021-06-18 09:45:50,819.95,548081
2021-06-18 09:45:51,820.55,549853
2021-06-18 09:45:52,820.5,549953
2021-06-18 09:45:53,820.55,549978
2021-06-18 09:45:54,820.55,550030
2021-06-18 09:45:55,820.55,550082
2021-06-18 09:45:55,820.55,550082
2021-06-18 09:45:56,820.55,550082
2021-06-18 09:45:57,820.55,550084
2021-06-18 09:45:59,820.55,550153
2021-06-18 09:46:00,820.5,550259
2021-06-18 09:46:01,820.1,550309
2021-06-18 09:46:02,820.6,550329
2021-06-18 09:46:03,820.6,550369
2021-06-18 09:46:03,820.6,550369
2021-06-18 09:46:04,820.2,550441
2021-06-18 09:46:05,820.2,550441
2021-06-18 09:46:07,820.15,550998
2021-06-18 09:46:09,820.2,551642
2021-06-18 09:46:10,819.75,551749
2021-06-18 09:46:11,820.05,552080
2021-06-18 09:46:12,820.15,552620
2021-06-18 09:46:13,819.7,552646
2021-06-18 09:46:14,819.7,552646
2021-06-18 09:46:15,819.55,552759
2021-06-18 09:46:15,819.55,552759
2021-06-18 09:46:16,819.95,552814
2021-06-18 09:46:18,819.75,552824
2021-06-18 09:46:19,819.95,552914
2021-06-18 09:46:20,819.95,552916
2021-06-18 09:46:21,819.9,552917
2021-06-18 09:46:22,819.95,552967
2021-06-18 09:46:22,819.95,552967
2021-06-18 09:46:24,819.7,553146
2021-06-18 09:46:24,819.7,553146
2021-06-18 09:46:26,819.95,553148
2021-06-18 09:46:27,819.9,553159
2021-06-18 09:46:28,819.9,553314
2021-06-18 09:46:29,819.25,556297
2021-06-18 09:46:30,819.1,556298
2021-06-18 09:46:31,819.0,556488
2021-06-18 09:46:32,818.95,557018
2021-06-18 09:46:33,818.8,558471
2021-06-18 09:46:34,818.9,559581
2021-06-18 09:46:35,818.9,559581
2021-06-18 09:46:36,818.35,560307
2021-06-18 09:46:37,818.35,560307
2021-06-18 09:46:38,818.4,560309
2021-06-18 09:46:39,818.4,560435
2021-06-18 09:46:40,818.4,560512
2021-06-18 09:46:41,818.4,560712
2021-06-18 09:46:42,818.35,560722
2021-06-18 09:46:43,818.4,560754
2021-06-18 09:46:43,818.4,560805
2021-06-18 09:46:44,818.4,560812
2021-06-18 09:46:46,818.3,561132
2021-06-18 09:46:47,818.35,561182
2021-06-18 09:46:48,818.35,561285
2021-06-18 09:46:49,818.35,561333
2021-06-18 09:46:49,818.3,561383
2021-06-18 09:46:51,818.35,562138
2021-06-18 09:46:52,818.35,562164
2021-06-18 09:46:53,818.1,562174
2021-06-18 09:46:54,818.35,562875
2021-06-18 09:46:55,818.1,563032
2021-06-18 09:46:56,818.05,563331
2021-06-18 09:46:57,818.05,563633
2021-06-18 09:46:58,817.35,569680
2021-06-18 09:46:59,817.0,569961
2021-06-18 09:47:00,817.05,571066
2021-06-18 09:47:01,816.8,571624
2021-06-18 09:47:02,817.3,573816
2021-06-18 09:47:03,817.3,573926
2021-06-18 09:47:04,817.3,574236
2021-06-18 09:47:05,817.3,574408
2021-06-18 09:47:06,818.05,574798
2021-06-18 09:47:07,818.0,576850
2021-06-18 09:47:07,817.5,576972
2021-06-18 09:47:09,818.0,577561
2021-06-18 09:47:10,817.55,577795
2021-06-18 09:47:11,817.95,578115
2021-06-18 09:47:12,817.8,579118
2021-06-18 09:47:13,817.6,579317
2021-06-18 09:47:14,817.65,579319
2021-06-18 09:47:15,817.65,579329
2021-06-18 09:47:16,817.75,579934
2021-06-18 09:47:17,817.75,579934
2021-06-18 09:47:18,817.75,580037
2021-06-18 09:47:19,817.75,580106
2021-06-18 09:47:20,817.75,580106
2021-06-18 09:47:22,817.85,581258
2021-06-18 09:47:23,817.75,581501
2021-06-18 09:47:24,817.9,581709
2021-06-18 09:47:25,817.9,581874
2021-06-18 09:47:26,817.95,582078
2021-06-18 09:47:27,817.95,582335
2021-06-18 09:47:28,817.6,582401
2021-06-18 09:47:29,817.9,582408
2021-06-18 09:47:30,817.9,582496
2021-06-18 09:47:31,817.75,582521
2021-06-18 09:47:32,817.6,582796
2021-06-18 09:47:33,817.55,582907
2021-06-18 09:47:34,817.6,583007
2021-06-18 09:47:35,817.6,583312
2021-06-18 09:47:36,817.9,583314
2021-06-18 09:47:37,817.6,583574
2021-06-18 09:47:39,817.9,583601
2021-06-18 09:47:38,817.6,583574
2021-06-18 09:47:40,818.2,585277
2021-06-18 09:47:42,818.35,586267
2021-06-18 09:47:43,817.9,586433
2021-06-18 09:47:44,817.75,586484
2021-06-18 09:47:45,817.6,586531
2021-06-18 09:47:46,817.95,586575
2021-06-18 09:47:47,817.95,586678
2021-06-18 09:47:48,817.9,586683
2021-06-18 09:47:49,817.9,587318
2021-06-18 09:47:50,817.95,587418
2021-06-18 09:47:51,817.95,587668
2021-06-18 09:47:52,817.95,587962
2021-06-18 09:47:53,817.95,588452
2021-06-18 09:47:54,818.2,588480
2021-06-18 09:47:55,818.2,588485
2021-06-18 09:47:56,817.6,590164
2021-06-18 09:47:57,817.8,590314
2021-06-18 09:47:58,817.8,590354
2021-06-18 09:47:59,817.8,590738
2021-06-18 09:48:01,817.75,590743
2021-06-18 09:48:00,817.75,590739
2021-06-18 09:48:02,817.65,591198
2021-06-18 09:48:03,816.45,594322
2021-06-18 09:48:04,816.6,594640
2021-06-18 09:48:05,816.25,594646
2021-06-18 09:48:06,816.25,594873
2021-06-18 09:48:07,816.45,594913
2021-06-18 09:48:08,816.45,594913
2021-06-18 09:48:09,816.3,594965
2021-06-18 09:48:10,816.4,595673
2021-06-18 09:48:11,816.3,595710
2021-06-18 09:48:12,816.3,596013
2021-06-18 09:48:13,816.45,596505
2021-06-18 09:48:14,816.1,596521
2021-06-18 09:48:16,816.1,597126
2021-06-18 09:48:15,816.1,597016
2021-06-18 09:48:17,816.3,597496
2021-06-18 09:48:18,816.3,597539
2021-06-18 09:48:19,816.0,597566
2021-06-18 09:48:20,816.3,597767
2021-06-18 09:48:21,816.3,598443
2021-06-18 09:48:22,816.0,598659
2021-06-18 09:48:23,816.35,598739
2021-06-18 09:48:24,816.35,598758
2021-06-18 09:48:25,816.0,598763
2021-06-18 09:48:26,816.35,598914
2021-06-18 09:48:27,816.0,599033
2021-06-18 09:48:28,816.45,599928
2021-06-18 09:48:29,816.6,600174
2021-06-18 09:48:30,816.9,600182
2021-06-18 09:48:31,816.9,600182
2021-06-18 09:48:32,816.9,600282
2021-06-18 09:48:33,816.55,600798
2021-06-18 09:48:34,816.9,600808
2021-06-18 09:48:35,816.9,600808
2021-06-18 09:48:36,816.9,601153
2021-06-18 09:48:37,816.65,601356
2021-06-18 09:48:38,816.6,601451
2021-06-18 09:48:39,816.9,601483
2021-06-18 09:48:40,816.6,601553
2021-06-18 09:48:41,816.35,602712
2021-06-18 09:48:42,816.05,602855
2021-06-18 09:48:43,816.3,603438
2021-06-18 09:48:44,816.0,603690
2021-06-18 09:48:45,816.0,603690
2021-06-18 09:48:46,816.1,603740
2021-06-18 09:48:47,816.1,603748
2021-06-18 09:48:48,816.0,603826
2021-06-18 09:48:49,816.0,604356
2021-06-18 09:48:50,816.05,605240
2021-06-18 09:48:51,815.5,605615
2021-06-18 09:48:52,815.6,605796
2021-06-18 09:48:53,815.4,605975
2021-06-18 09:48:55,815.5,606272
2021-06-18 09:48:56,815.55,607339
2021-06-18 09:48:57,815.45,607384
2021-06-18 09:48:58,815.45,607625
2021-06-18 09:48:59,815.45,607825
2021-06-18 09:49:00,815.45,608014
2021-06-18 09:49:01,815.45,608014
2021-06-18 09:49:02,815.8,608779
2021-06-18 09:49:03,816.0,608796
2021-06-18 09:49:04,816.0,608796
2021-06-18 09:49:05,815.3,609049
2021-06-18 09:49:06,815.5,609054
2021-06-18 09:49:07,815.3,609056
2021-06-18 09:49:08,815.6,611158
2021-06-18 09:49:09,815.6,611237
2021-06-18 09:49:10,815.6,611344
2021-06-18 09:49:12,815.6,611350
2021-06-18 09:49:13,815.6,612183
2021-06-18 09:49:14,815.6,612183
2021-06-18 09:49:15,815.6,612383
2021-06-18 09:49:16,816.1,613906
2021-06-18 09:49:17,816.2,614284
2021-06-18 09:49:18,816.45,614291
2021-06-18 09:49:20,816.4,616814
2021-06-18 09:49:21,816.4,616814
2021-06-18 09:49:22,816.4,616825
2021-06-18 09:49:23,815.9,618704
2021-06-18 09:49:24,816.4,618804
2021-06-18 09:49:25,816.35,618877
2021-06-18 09:49:26,816.35,618877
2021-06-18 09:49:27,816.4,619017
2021-06-18 09:49:28,816.4,619017
2021-06-18 09:49:30,817.0,620647
2021-06-18 09:49:31,817.05,620667
2021-06-18 09:49:32,817.3,620772
2021-06-18 09:49:33,817.3,620772
2021-06-18 09:49:34,817.3,620781
2021-06-18 09:49:35,817.3,620828
2021-06-18 09:49:37,817.4,623019
2021-06-18 09:49:37,817.0,623022
2021-06-18 09:49:39,817.0,623022
2021-06-18 09:49:39,817.0,623022
2021-06-18 09:49:40,817.35,623740
2021-06-18 09:49:41,817.0,623919
2021-06-18 09:49:42,817.0,623939
2021-06-18 09:49:43,817.0,624634
2021-06-18 09:49:44,817.4,624664
2021-06-18 09:49:45,817.5,625089
2021-06-18 09:49:46,817.5,625089
2021-06-18 09:49:47,817.15,625095
2021-06-18 09:49:49,817.55,625195
2021-06-18 09:49:49,817.6,625390
2021-06-18 09:49:51,817.6,625490
2021-06-18 09:49:52,817.6,625571
2021-06-18 09:49:52,817.6,625574
2021-06-18 09:49:53,817.6,625574
2021-06-18 09:49:55,817.15,625599
2021-06-18 09:49:55,817.5,625657
2021-06-18 09:49:56,817.15,625707
2021-06-18 09:49:58,817.45,625710
2021-06-18 09:49:58,817.45,625710
2021-06-18 09:49:59,817.45,625710
2021-06-18 09:50:00,817.15,625810
2021-06-18 09:50:01,817.45,625960
2021-06-18 09:50:02,817.45,625960
2021-06-18 09:50:03,817.15,626237
2021-06-18 09:50:04,817.15,626549
2021-06-18 09:50:05,817.15,626600
2021-06-18 09:50:06,817.15,626701
2021-06-18 09:50:08,817.15,627233
2021-06-18 09:50:08,817.15,627233
2021-06-18 09:50:09,817.4,627485
2021-06-18 09:50:10,817.4,627485
2021-06-18 09:50:11,817.35,627495
2021-06-18 09:50:12,817.15,627579
2021-06-18 09:50:13,817.15,627599
2021-06-18 09:50:14,817.15,627599
2021-06-18 09:50:15,817.3,627793
2021-06-18 09:50:16,817.3,627899
2021-06-18 09:50:17,817.3,627899
2021-06-18 09:50:19,817.15,630085
2021-06-18 09:50:20,817.15,630094
2021-06-18 09:50:20,817.15,630194
2021-06-18 09:50:22,817.15,630208
2021-06-18 09:50:23,817.0,630313
2021-06-18 09:50:24,817.15,630315
2021-06-18 09:50:25,817.15,630315
2021-06-18 09:50:26,815.9,636115
2021-06-18 09:50:26,815.6,636714
2021-06-18 09:50:28,815.6,637033
2021-06-18 09:50:29,815.55,638087
2021-06-18 09:50:29,815.55,638187
2021-06-18 09:50:30,815.55,639149
2021-06-18 09:50:31,816.0,639177
2021-06-18 09:50:32,816.0,639177
2021-06-18 09:50:33,816.0,639177
2021-06-18 09:50:35,815.85,639277
2021-06-18 09:50:35,815.8,639386
2021-06-18 09:50:36,815.8,639396
2021-06-18 09:50:38,815.9,639970
2021-06-18 09:50:39,815.9,640038
2021-06-18 09:50:39,815.9,640038
2021-06-18 09:50:41,815.9,640425
2021-06-18 09:50:41,815.9,640425
2021-06-18 09:50:42,816.0,640435
2021-06-18 09:50:43,816.0,640555
2021-06-18 09:50:44,816.0,640950
2021-06-18 09:50:45,816.05,641243
2021-06-18 09:50:46,816.5,641252
2021-06-18 09:50:47,816.5,641252
2021-06-18 09:50:48,816.5,641288
2021-06-18 09:50:49,816.5,641288
2021-06-18 09:50:50,816.05,641331
2021-06-18 09:50:51,816.5,641431
2021-06-18 09:50:52,816.65,641646
2021-06-18 09:50:53,816.6,641647
2021-06-18 09:50:54,816.6,641661
2021-06-18 09:50:55,816.6,641665
2021-06-18 09:50:56,816.6,641665
2021-06-18 09:50:57,816.5,641742
2021-06-18 09:50:58,816.5,641846
2021-06-18 09:51:00,816.0,641880
2021-06-18 09:51:00,816.0,641880
2021-06-18 09:51:02,816.0,641880
2021-06-18 09:51:03,816.25,641885
2021-06-18 09:51:04,816.25,641885
2021-06-18 09:51:06,816.25,641907
2021-06-18 09:51:09,816.25,642066
2021-06-18 09:51:10,816.35,642777
2021-06-18 09:51:09,816.4,642713
2021-06-18 09:51:11,816.5,642805
2021-06-18 09:51:12,816.25,642962
2021-06-18 09:51:13,816.25,642962
2021-06-18 09:51:14,816.5,643012
2021-06-18 09:51:15,816.5,643081
2021-06-18 09:51:16,816.5,643143
2021-06-18 09:51:17,816.5,643146
2021-06-18 09:51:18,816.15,643147
2021-06-18 09:51:19,816.4,643568
2021-06-18 09:51:20,816.4,643579
2021-06-18 09:51:21,816.4,643588
2021-06-18 09:51:22,816.4,643620
2021-06-18 09:51:23,816.4,643620
2021-06-18 09:51:24,816.4,644083
2021-06-18 09:51:25,816.65,644128
2021-06-18 09:51:26,816.35,644222
2021-06-18 09:51:27,816.35,644222
2021-06-18 09:51:29,816.8,644362
2021-06-18 09:51:30,816.8,644362
2021-06-18 09:51:31,816.8,644663
2021-06-18 09:51:31,816.8,644683
2021-06-18 09:51:32,816.65,644754
2021-06-18 09:51:33,816.8,644876
2021-06-18 09:51:34,816.8,644886
2021-06-18 09:51:35,817.0,644986
2021-06-18 09:51:36,816.8,644987
2021-06-18 09:51:37,817.0,645157
2021-06-18 09:51:38,817.0,645169
2021-06-18 09:51:39,817.0,645169
2021-06-18 09:51:40,817.0,645169
2021-06-18 09:51:42,816.75,646300
2021-06-18 09:51:42,817.1,646314
2021-06-18 09:51:43,817.1,646320
2021-06-18 09:51:44,817.1,646370
2021-06-18 09:51:46,817.1,646625
2021-06-18 09:51:46,817.1,646630
2021-06-18 09:51:47,817.0,646633
2021-06-18 09:51:48,817.0,646633
2021-06-18 09:51:50,817.15,646742
2021-06-18 09:51:51,817.15,646742
2021-06-18 09:51:52,817.15,646742
2021-06-18 09:51:53,817.3,646794
2021-06-18 09:51:54,817.0,646839
2021-06-18 09:51:56,817.0,646865
2021-06-18 09:51:57,817.15,646965
2021-06-18 09:51:58,817.0,647139
2021-06-18 09:51:59,816.75,647143
2021-06-18 09:52:00,817.0,647153
2021-06-18 09:52:00,817.0,647153
2021-06-18 09:52:02,817.1,647454
2021-06-18 09:52:03,817.1,649412
2021-06-18 09:52:04,817.0,649493
2021-06-18 09:52:04,817.0,649493
2021-06-18 09:52:05,817.1,649513
2021-06-18 09:52:06,817.1,649560
2021-06-18 09:52:08,816.55,649964
2021-06-18 09:52:09,816.95,649977
2021-06-18 09:52:10,817.15,654045
2021-06-18 09:52:11,817.35,654280
2021-06-18 09:52:12,817.35,654349
2021-06-18 09:52:13,817.35,654349
2021-06-18 09:52:14,817.35,654349
2021-06-18 09:52:15,817.15,654369
2021-06-18 09:52:16,817.2,654374
2021-06-18 09:52:17,817.1,654908
2021-06-18 09:52:18,817.1,654908
2021-06-18 09:52:20,817.1,654908
2021-06-18 09:52:20,816.55,655953
2021-06-18 09:52:21,816.8,655994
2021-06-18 09:52:22,816.8,656095
2021-06-18 09:52:23,816.8,656095
2021-06-18 09:52:24,816.75,656205
2021-06-18 09:52:25,816.3,657013
2021-06-18 09:52:26,816.3,657013
2021-06-18 09:52:28,816.3,657031
2021-06-18 09:52:29,816.3,657057
2021-06-18 09:52:30,816.3,657111
2021-06-18 09:52:31,816.3,657161
2021-06-18 09:52:32,816.3,657237
2021-06-18 09:52:32,816.3,657237
2021-06-18 09:52:33,816.05,657240
2021-06-18 09:52:34,816.3,657280
2021-06-18 09:52:35,816.3,657280
2021-06-18 09:52:37,816.3,657282
2021-06-18 09:52:38,816.3,657296
2021-06-18 09:52:39,816.3,657300
2021-06-18 09:52:40,816.3,657300
2021-06-18 09:52:40,816.3,657300
2021-06-18 09:52:41,816.3,657350
2021-06-18 09:52:43,816.3,657491
2021-06-18 09:52:44,816.3,657501
2021-06-18 09:52:44,816.3,657501
2021-06-18 09:52:45,816.3,657505
2021-06-18 09:52:46,816.3,657621
2021-06-18 09:52:47,816.3,657631
2021-06-18 09:52:48,816.3,657631
2021-06-18 09:52:51,816.3,657697
2021-06-18 09:52:51,816.3,657697
2021-06-18 09:52:52,816.3,657697
2021-06-18 09:52:53,816.3,657722
2021-06-18 09:52:54,816.3,657741
2021-06-18 09:52:55,816.3,657741
2021-06-18 09:52:57,816.3,658054
2021-06-18 09:52:57,816.3,658054
2021-06-18 09:52:59,816.3,658109
2021-06-18 09:53:00,816.3,658135
2021-06-18 09:53:01,816.25,658345
2021-06-18 09:53:02,816.25,658345
2021-06-18 09:53:03,816.25,658345
2021-06-18 09:53:04,816.25,658345
2021-06-18 09:53:05,815.7,663498
2021-06-18 09:53:06,815.7,663498
2021-06-18 09:53:06,815.7,663498
2021-06-18 09:53:07,815.7,665201
2021-06-18 09:53:09,815.45,665211
2021-06-18 09:53:10,815.45,665211
2021-06-18 09:53:11,815.45,665211
2021-06-18 09:53:12,815.5,665361
2021-06-18 09:53:13,815.5,665361
2021-06-18 09:53:14,815.45,665369
2021-06-18 09:53:15,815.35,665374
2021-06-18 09:53:17,815.4,665384
2021-06-18 09:53:18,815.4,665409
2021-06-18 09:53:19,815.35,665429
2021-06-18 09:53:20,815.4,665604
2021-06-18 09:53:21,815.4,666226
2021-06-18 09:53:22,815.4,666226
2021-06-18 09:53:22,815.4,666226
2021-06-18 09:53:23,815.4,666236
2021-06-18 09:53:24,815.4,666737
2021-06-18 09:53:25,815.4,666737
2021-06-18 09:53:26,815.4,666737
2021-06-18 09:53:27,815.4,666737
2021-06-18 09:53:28,815.35,666744
2021-06-18 09:53:29,815.35,666744
2021-06-18 09:53:30,815.35,666764
2021-06-18 09:53:31,815.3,666939
2021-06-18 09:53:33,815.3,666939
2021-06-18 09:53:34,815.3,667091
2021-06-18 09:53:35,815.0,673201
2021-06-18 09:53:36,815.0,674383
2021-06-18 09:53:37,815.0,674383
2021-06-18 09:53:37,815.0,674383
2021-06-18 09:53:39,814.7,674858
2021-06-18 09:53:40,814.7,674878
2021-06-18 09:53:41,815.0,675679
2021-06-18 09:53:42,815.0,675690
2021-06-18 09:53:43,814.7,675931
2021-06-18 09:53:44,815.0,676244
2021-06-18 09:53:45,815.0,676244
2021-06-18 09:53:46,815.0,676244
2021-06-18 09:53:47,815.0,676324
2021-06-18 09:53:48,815.0,676325
2021-06-18 09:53:49,815.0,676350
2021-06-18 09:53:50,815.0,676612
2021-06-18 09:53:52,814.6,677200
2021-06-18 09:53:53,815.0,677250
2021-06-18 09:53:54,815.0,677270
2021-06-18 09:53:55,815.0,677305
2021-06-18 09:53:56,815.0,677355
2021-06-18 09:53:57,815.0,677402
2021-06-18 09:53:58,815.0,677411
2021-06-18 09:53:59,814.8,677412
2021-06-18 09:54:00,814.9,677422
2021-06-18 09:54:00,814.9,677422
2021-06-18 09:54:01,814.9,677422
2021-06-18 09:54:03,814.7,677832
2021-06-18 09:54:04,814.75,678037
2021-06-18 09:54:05,815.0,680015
2021-06-18 09:54:05,815.0,680015
2021-06-18 09:54:06,815.0,680693
2021-06-18 09:54:07,815.0,680693
2021-06-18 09:54:08,814.75,680756
2021-06-18 09:54:09,814.75,680833
2021-06-18 09:54:11,815.0,680877
2021-06-18 09:54:12,815.0,680877
2021-06-18 09:54:13,815.0,680886
2021-06-18 09:54:15,815.3,684165
2021-06-18 09:54:15,815.25,684770
2021-06-18 09:54:16,815.4,684852
2021-06-18 09:54:17,815.05,684879
2021-06-18 09:54:19,815.25,684964
2021-06-18 09:54:20,815.25,684964
2021-06-18 09:54:21,814.95,685276
2021-06-18 09:54:22,815.0,685436
2021-06-18 09:54:23,814.9,685487
2021-06-18 09:54:24,815.0,685497
2021-06-18 09:54:25,815.1,686199
2021-06-18 09:54:25,814.9,686200
2021-06-18 09:54:26,814.9,686200
2021-06-18 09:54:27,814.75,686250
2021-06-18 09:54:28,815.1,686300
2021-06-18 09:54:29,815.1,686314
2021-06-18 09:54:30,815.1,686415
2021-06-18 09:54:31,815.1,686734
2021-06-18 09:54:32,815.1,686734
2021-06-18 09:54:33,815.1,686734
2021-06-18 09:54:34,815.1,686783
2021-06-18 09:54:36,815.1,686849
2021-06-18 09:54:37,815.0,686874
2021-06-18 09:54:37,815.0,686874
2021-06-18 09:54:38,815.25,688048
2021-06-18 09:54:39,815.25,688048
2021-06-18 09:54:40,815.25,688048
2021-06-18 09:54:41,815.25,688048
2021-06-18 09:54:42,815.25,688048
2021-06-18 09:54:43,815.25,688660
2021-06-18 09:54:46,815.3,688713
2021-06-18 09:54:47,815.35,688714
2021-06-18 09:54:48,815.45,688977
2021-06-18 09:54:48,815.45,688977
2021-06-18 09:54:50,815.45,688977
2021-06-18 09:54:51,815.5,689657
2021-06-18 09:54:51,815.5,689657
2021-06-18 09:54:52,815.0,689743
2021-06-18 09:54:53,815.25,689748
2021-06-18 09:54:54,815.25,689748
2021-06-18 09:54:55,815.0,689758
2021-06-18 09:54:56,815.25,689765
2021-06-18 09:54:57,815.25,689796
2021-06-18 09:54:58,815.25,689940
2021-06-18 09:55:00,815.0,690454
2021-06-18 09:55:01,815.1,690907
2021-06-18 09:55:02,815.0,690919
2021-06-18 09:55:03,815.1,691545
2021-06-18 09:55:04,815.05,691595
2021-06-18 09:55:05,815.05,691645
2021-06-18 09:55:06,815.05,691645
2021-06-18 09:55:07,814.6,692066
2021-06-18 09:55:07,814.6,692066
2021-06-18 09:55:09,814.75,692701
2021-06-18 09:55:09,814.5,692821
2021-06-18 09:55:11,814.7,692829
2021-06-18 09:55:12,814.3,693022
2021-06-18 09:55:13,814.3,693083
2021-06-18 09:55:13,814.3,693107
2021-06-18 09:55:15,814.25,693515
2021-06-18 09:55:16,814.3,694217
2021-06-18 09:55:17,814.3,694285
2021-06-18 09:55:18,814.0,696571
2021-06-18 09:55:19,814.25,696715
2021-06-18 09:55:20,814.2,696940
2021-06-18 09:55:20,814.2,696940
2021-06-18 09:55:21,814.2,696940
2021-06-18 09:55:22,814.2,696940
2021-06-18 09:55:23,814.3,697709
2021-06-18 09:55:24,814.3,697759
2021-06-18 09:55:26,814.3,697759
2021-06-18 09:55:27,814.1,697843
2021-06-18 09:55:28,814.3,697905
2021-06-18 09:55:28,814.3,697905
2021-06-18 09:55:30,814.2,698129
2021-06-18 09:55:31,814.55,698199
2021-06-18 09:55:32,814.35,698226
2021-06-18 09:55:32,814.35,698226
2021-06-18 09:55:33,814.5,698480
2021-06-18 09:55:35,814.55,699026
2021-06-18 09:55:35,814.55,699026
2021-06-18 09:55:36,814.55,699030
2021-06-18 09:55:38,814.6,699560
2021-06-18 09:55:38,814.6,699560
2021-06-18 09:55:39,814.55,699810
2021-06-18 09:55:40,814.95,699832
2021-06-18 09:55:41,814.95,699832
2021-06-18 09:55:42,814.95,699832
2021-06-18 09:55:43,814.6,699892
2021-06-18 09:55:44,814.6,699924
2021-06-18 09:55:46,814.65,700024
2021-06-18 09:55:46,814.6,699962
2021-06-18 09:55:48,814.6,700094
2021-06-18 09:55:48,814.6,700094
2021-06-18 09:55:49,814.6,700094
2021-06-18 09:55:50,814.55,700372
2021-06-18 09:55:51,814.25,700414
2021-06-18 09:55:53,814.6,701122
2021-06-18 09:55:56,814.6,701233
2021-06-18 09:55:56,814.6,701243
2021-06-18 09:55:57,814.35,701434
2021-06-18 09:55:59,814.35,701743
2021-06-18 09:55:59,814.35,701724
2021-06-18 09:56:01,814.65,701750
2021-06-18 09:56:01,814.65,701750
2021-06-18 09:56:03,814.6,701805
2021-06-18 09:56:05,814.65,701901
2021-06-18 09:56:05,814.65,701901
2021-06-18 09:56:07,814.55,702142
2021-06-18 09:56:08,814.45,702147
2021-06-18 09:56:08,814.45,702147
2021-06-18 09:56:09,814.25,702324
2021-06-18 09:56:12,814.25,702796
2021-06-18 09:56:13,814.1,702826
2021-06-18 09:56:14,814.0,702904
2021-06-18 09:56:15,814.0,702904
2021-06-18 09:56:16,814.0,702906
2021-06-18 09:56:16,814.0,702936
2021-06-18 09:56:17,814.25,702946
2021-06-18 09:56:19,814.25,702946
2021-06-18 09:56:20,814.65,704113
2021-06-18 09:56:21,814.6,704145
2021-06-18 09:56:22,814.6,704145
2021-06-18 09:56:24,814.6,704145
2021-06-18 09:56:25,814.45,704184
2021-06-18 09:56:25,814.45,704206
2021-06-18 09:56:27,814.3,704228
2021-06-18 09:56:28,814.5,706577
2021-06-18 09:56:30,814.1,706594
2021-06-18 09:56:31,814.4,706596
2021-06-18 09:56:32,814.5,706683
2021-06-18 09:56:33,814.5,706685
2021-06-18 09:56:34,814.5,706687
2021-06-18 09:56:35,814.05,706887
2021-06-18 09:56:36,814.5,707637
2021-06-18 09:56:37,814.5,707637
2021-06-18 09:56:38,814.1,707659
2021-06-18 09:56:39,814.55,707679
2021-06-18 09:56:40,814.55,707679
2021-06-18 09:56:41,814.55,707679
2021-06-18 09:56:42,814.55,707679
2021-06-18 09:56:43,814.45,707689
2021-06-18 09:56:44,814.45,707689
2021-06-18 09:56:45,814.1,707719
2021-06-18 09:56:46,814.05,707808
2021-06-18 09:56:47,814.0,707917
2021-06-18 09:56:48,814.0,707917
2021-06-18 09:56:49,813.8,709025
2021-06-18 09:56:50,813.95,710049
2021-06-18 09:56:50,813.95,710049
2021-06-18 09:56:52,814.0,710508
2021-06-18 09:56:53,814.0,710508
2021-06-18 09:56:54,813.55,710658
2021-06-18 09:56:55,813.5,711158
2021-06-18 09:56:56,813.5,711218
2021-06-18 09:56:57,813.7,711465
2021-06-18 09:56:58,813.2,712465
2021-06-18 09:56:59,813.3,712607
2021-06-18 09:57:00,813.3,712607
2021-06-18 09:57:02,813.2,712946
2021-06-18 09:57:03,813.0,714771
2021-06-18 09:57:04,813.25,714881
2021-06-18 09:57:05,813.0,715023
2021-06-18 09:57:06,812.6,718355
2021-06-18 09:57:06,812.55,718797
2021-06-18 09:57:08,812.25,719779
2021-06-18 09:57:10,812.3,719849
2021-06-18 09:57:10,813.1,721733
2021-06-18 09:57:12,812.3,722008
2021-06-18 09:57:12,812.3,722008
2021-06-18 09:57:13,813.05,723408
2021-06-18 09:57:14,812.45,723668
2021-06-18 09:57:15,812.4,723788
2021-06-18 09:57:16,812.35,723929
2021-06-18 09:57:18,812.65,724302
2021-06-18 09:57:19,812.6,724413
2021-06-18 09:57:21,812.3,724929
2021-06-18 09:57:22,812.3,724974
2021-06-18 09:57:23,812.3,724974
2021-06-18 09:57:24,812.6,725004
2021-06-18 09:57:25,812.3,725102
2021-06-18 09:57:26,812.0,728283
2021-06-18 09:57:27,812.6,728422
2021-06-18 09:57:29,812.55,728911
2021-06-18 09:57:29,812.65,730212
2021-06-18 09:57:32,812.7,730332
2021-06-18 09:57:32,812.7,730332
2021-06-18 09:57:33,812.7,730332
2021-06-18 09:57:35,812.8,730597
2021-06-18 09:57:36,812.8,731612
2021-06-18 09:57:37,812.05,731692
2021-06-18 09:57:38,812.4,732864
2021-06-18 09:57:39,812.5,733873
2021-06-18 09:57:40,811.9,734026
2021-06-18 09:57:42,812.5,735358
2021-06-18 09:57:43,812.1,735409
2021-06-18 09:57:43,812.1,735409
2021-06-18 09:57:45,812.1,735429
2021-06-18 09:57:46,812.5,735631
2021-06-18 09:57:47,812.1,735636
2021-06-18 09:57:48,812.5,735661
2021-06-18 09:57:48,812.5,735661
2021-06-18 09:57:51,813.1,739376
2021-06-18 09:57:52,812.95,741418
2021-06-18 09:57:53,812.65,741758
2021-06-18 09:57:54,812.55,742348
2021-06-18 09:57:55,812.9,742371
2021-06-18 09:57:56,812.9,742372
2021-06-18 09:57:57,812.9,742492
2021-06-18 09:57:58,812.95,742696
2021-06-18 09:57:59,813.2,743854
2021-06-18 09:58:00,813.6,743904
2021-06-18 09:58:01,813.6,743904
2021-06-18 09:58:02,813.1,743925
2021-06-18 09:58:03,813.6,744025
2021-06-18 09:58:04,813.1,744045
2021-06-18 09:58:05,813.1,744045
2021-06-18 09:58:06,813.6,744095
2021-06-18 09:58:07,813.6,744107
2021-06-18 09:58:08,813.6,744111
2021-06-18 09:58:09,813.2,744133
2021-06-18 09:58:10,813.6,744324
2021-06-18 09:58:11,813.3,744366
2021-06-18 09:58:12,813.6,744470
2021-06-18 09:58:13,813.6,744470
2021-06-18 09:58:14,813.9,746085
2021-06-18 09:58:15,813.6,746185
2021-06-18 09:58:16,814.0,746825
2021-06-18 09:58:17,814.0,746825
2021-06-18 09:58:18,814.0,746945
2021-06-18 09:58:19,814.0,747239
2021-06-18 09:58:20,814.0,747239
2021-06-18 09:58:21,813.6,747525
2021-06-18 09:58:23,814.0,747876
2021-06-18 09:58:24,814.0,747941
2021-06-18 09:58:25,813.6,747951
2021-06-18 09:58:26,814.0,748062
2021-06-18 09:58:27,814.0,748295
2021-06-18 09:58:28,814.0,748295
2021-06-18 09:58:29,813.6,748345
2021-06-18 09:58:30,814.0,748445
2021-06-18 09:58:31,814.0,749027
2021-06-18 09:58:32,814.0,749032
2021-06-18 09:58:33,814.0,749252
2021-06-18 09:58:34,814.0,749502
2021-06-18 09:58:35,814.0,749503
2021-06-18 09:58:36,814.0,749513
2021-06-18 09:58:37,814.0,749515
2021-06-18 09:58:38,813.85,750936
2021-06-18 09:58:39,814.0,750939
2021-06-18 09:58:40,813.95,751006
2021-06-18 09:58:41,813.8,751019
2021-06-18 09:58:42,813.95,751089
2021-06-18 09:58:43,813.95,751089
2021-06-18 09:58:44,813.95,751091
2021-06-18 09:58:45,813.95,751091
2021-06-18 09:58:46,813.8,751625
2021-06-18 09:58:47,814.0,751732
2021-06-18 09:58:48,814.0,751982
2021-06-18 09:58:49,814.0,752052
2021-06-18 09:58:50,814.3,752474
2021-06-18 09:58:51,814.4,752674
2021-06-18 09:58:52,814.4,752674
2021-06-18 09:58:53,814.05,752714
2021-06-18 09:58:54,814.4,752918
2021-06-18 09:58:55,814.4,752968
2021-06-18 09:58:56,813.85,762633
2021-06-18 09:58:57,813.8,763563
2021-06-18 09:58:58,813.8,763563
2021-06-18 09:58:59,813.5,764891
2021-06-18 09:59:00,814.4,764893
2021-06-18 09:59:01,814.0,764968
2021-06-18 09:59:02,814.4,764992
2021-06-18 09:59:03,814.0,765193
2021-06-18 09:59:04,814.0,765329
2021-06-18 09:59:05,814.45,765591
2021-06-18 09:59:06,814.05,765601
2021-06-18 09:59:07,814.4,765621
2021-06-18 09:59:08,813.95,765821
2021-06-18 09:59:10,814.0,765903
2021-06-18 09:59:12,814.1,766196
2021-06-18 09:59:15,814.35,766298
2021-06-18 09:59:16,814.1,766301
2021-06-18 09:59:18,814.1,766301
2021-06-18 09:59:19,814.4,766888
2021-06-18 09:59:21,814.15,766892
2021-06-18 09:59:20,814.15,766892
2021-06-18 09:59:22,814.15,766892
2021-06-18 09:59:23,814.15,766902
2021-06-18 09:59:24,814.15,766902
2021-06-18 09:59:25,814.15,766902
2021-06-18 09:59:26,814.35,766912
2021-06-18 09:59:27,814.35,766912
2021-06-18 09:59:28,814.35,766912
2021-06-18 09:59:29,814.35,766912
2021-06-18 09:59:30,814.35,766912
2021-06-18 09:59:31,814.55,767485
2021-06-18 09:59:32,814.8,768178
2021-06-18 09:59:33,815.0,768569
2021-06-18 09:59:34,815.1,769269
2021-06-18 09:59:35,815.1,769269
2021-06-18 09:59:36,815.45,769270
2021-06-18 09:59:37,815.45,769351
2021-06-18 09:59:38,815.45,769361
2021-06-18 09:59:39,815.7,771411
2021-06-18 09:59:40,815.7,771411
2021-06-18 09:59:41,815.7,771442
2021-06-18 09:59:42,815.7,771442
2021-06-18 09:59:43,815.9,772540
2021-06-18 09:59:44,815.7,773017
2021-06-18 09:59:45,816.0,777475
2021-06-18 09:59:46,815.75,777553
2021-06-18 09:59:47,815.7,777590
2021-06-18 09:59:48,815.75,777862
2021-06-18 09:59:49,815.75,778233
2021-06-18 09:59:50,815.65,779653
2021-06-18 09:59:51,815.6,779693
2021-06-18 09:59:53,815.6,779972
2021-06-18 09:59:54,815.6,780052
2021-06-18 09:59:55,815.65,784391
2021-06-18 09:59:57,815.6,784756
2021-06-18 09:59:58,815.6,784756
2021-06-18 09:59:59,815.65,784757
2021-06-18 10:00:00,815.8,785818
2021-06-18 10:00:01,815.8,785819
2021-06-18 10:00:02,815.8,786007
2021-06-18 10:00:03,815.45,786432
2021-06-18 10:00:04,815.4,788487
2021-06-18 10:00:05,815.3,788489
2021-06-18 10:00:06,815.0,788554
2021-06-18 10:00:07,815.0,790267
2021-06-18 10:00:08,815.0,790267
2021-06-18 10:00:09,814.85,791986
2021-06-18 10:00:10,814.3,791994
2021-06-18 10:00:11,814.8,792362
2021-06-18 10:00:12,814.25,792372
2021-06-18 10:00:13,814.7,792383
2021-06-18 10:00:14,814.7,792408
2021-06-18 10:00:15,814.6,792409
2021-06-18 10:00:16,814.6,792659
2021-06-18 10:00:17,814.45,792839
2021-06-18 10:00:18,814.45,792840
2021-06-18 10:00:20,814.0,793511
2021-06-18 10:00:21,814.0,793511
2021-06-18 10:00:22,814.2,793589
2021-06-18 10:00:23,814.2,793589
2021-06-18 10:00:25,814.2,793711
2021-06-18 10:00:26,814.2,793711
2021-06-18 10:00:27,814.2,793712
2021-06-18 10:00:28,814.2,793712
2021-06-18 10:00:29,814.2,793712
2021-06-18 10:00:30,814.0,793912
2021-06-18 10:00:31,813.85,793946
2021-06-18 10:00:32,814.1,794026
2021-06-18 10:00:33,814.1,794101
2021-06-18 10:00:34,813.75,794176
2021-06-18 10:00:35,813.75,794184
2021-06-18 10:00:36,814.1,794186
2021-06-18 10:00:37,813.5,795468
2021-06-18 10:00:38,813.45,795473
2021-06-18 10:00:39,813.45,795473
2021-06-18 10:00:40,813.25,795570
2021-06-18 10:00:41,812.85,795620
2021-06-18 10:00:42,812.85,795620
2021-06-18 10:00:43,812.9,795676
2021-06-18 10:00:45,812.95,797172
2021-06-18 10:00:46,812.95,797698
2021-06-18 10:00:47,812.95,797698
2021-06-18 10:00:48,812.2,799078
2021-06-18 10:00:49,812.05,799644
2021-06-18 10:00:50,812.05,799654
2021-06-18 10:00:51,812.55,800583
2021-06-18 10:00:52,812.95,800770
2021-06-18 10:00:53,812.95,800770
2021-06-18 10:00:54,812.95,800770
2021-06-18 10:00:56,812.7,800771
2021-06-18 10:00:57,813.0,801784
2021-06-18 10:00:58,813.0,801796
2021-06-18 10:00:59,813.25,801986
2021-06-18 10:00:59,813.55,802136
2021-06-18 10:01:00,813.4,802289
2021-06-18 10:01:01,814.0,802339
2021-06-18 10:01:02,814.0,802339
2021-06-18 10:01:03,814.0,802339
2021-06-18 10:01:04,814.0,802340
2021-06-18 10:01:06,814.0,802362
2021-06-18 10:01:06,814.0,802352
2021-06-18 10:01:07,814.2,802364
2021-06-18 10:01:08,814.2,802364
2021-06-18 10:01:09,814.4,802480
2021-06-18 10:01:10,813.95,803161
2021-06-18 10:01:11,813.95,803161
2021-06-18 10:01:12,813.95,803161
2021-06-18 10:01:13,814.35,803163
2021-06-18 10:01:14,813.9,803213
2021-06-18 10:01:15,813.9,803213
2021-06-18 10:01:16,814.15,803250
2021-06-18 10:01:17,814.3,803350
2021-06-18 10:01:18,813.85,803825
2021-06-18 10:01:19,813.85,803825
2021-06-18 10:01:21,814.3,804217
2021-06-18 10:01:23,814.3,804218
2021-06-18 10:01:24,814.35,805191
2021-06-18 10:01:25,815.0,806340
2021-06-18 10:01:25,814.4,806578
2021-06-18 10:01:26,814.4,806628
2021-06-18 10:01:27,814.4,806729
2021-06-18 10:01:28,814.4,806729
2021-06-18 10:01:29,814.5,806829
2021-06-18 10:01:31,814.3,806932
2021-06-18 10:01:33,814.25,806937
2021-06-18 10:01:34,814.25,806942
2021-06-18 10:01:35,814.25,807184
2021-06-18 10:01:36,814.1,807191
2021-06-18 10:01:37,814.0,807209
2021-06-18 10:01:38,814.0,807209
2021-06-18 10:01:39,814.0,807283
2021-06-18 10:01:40,814.0,807368
2021-06-18 10:01:41,814.0,807398
2021-06-18 10:01:42,814.0,807398
2021-06-18 10:01:43,814.25,807930
2021-06-18 10:01:44,814.25,807930
2021-06-18 10:01:45,813.95,807980
2021-06-18 10:01:46,814.25,807999
2021-06-18 10:01:47,814.35,808034
2021-06-18 10:01:48,814.6,808812
2021-06-18 10:01:50,814.6,808812
2021-06-18 10:01:50,814.15,808824
2021-06-18 10:01:52,814.15,808824
2021-06-18 10:01:53,814.2,808874
2021-06-18 10:01:53,814.25,808879
2021-06-18 10:01:54,814.25,808910
2021-06-18 10:01:55,814.15,808921
2021-06-18 10:01:56,814.25,808926
2021-06-18 10:01:57,814.25,808926
2021-06-18 10:01:58,814.25,809106
2021-06-18 10:01:59,814.1,809125
2021-06-18 10:02:00,814.25,809130
2021-06-18 10:02:01,814.1,809140
2021-06-18 10:02:02,814.25,809210
2021-06-18 10:02:03,814.25,809540
2021-06-18 10:02:04,813.95,809541
2021-06-18 10:02:05,814.2,809601
2021-06-18 10:02:06,814.2,809601
2021-06-18 10:02:07,814.2,809601
2021-06-18 10:02:08,814.2,809603
2021-06-18 10:02:09,813.85,809803
2021-06-18 10:02:10,814.1,809888
2021-06-18 10:02:11,814.0,809898
2021-06-18 10:02:12,813.9,809902
2021-06-18 10:02:13,813.9,809944
2021-06-18 10:02:14,814.05,810052
2021-06-18 10:02:15,814.05,810052
2021-06-18 10:02:16,814.0,810077
2021-06-18 10:02:17,814.0,810077
2021-06-18 10:02:18,814.0,810249
2021-06-18 10:02:19,813.9,810369
2021-06-18 10:02:20,813.9,810405
2021-06-18 10:02:22,814.05,810482
2021-06-18 10:02:23,813.9,810537
2021-06-18 10:02:24,813.9,810537
2021-06-18 10:02:25,813.9,810537
2021-06-18 10:02:25,813.9,810537
2021-06-18 10:02:26,813.85,811542
2021-06-18 10:02:27,814.0,812055
2021-06-18 10:02:28,814.05,812113
2021-06-18 10:02:29,814.05,812157
2021-06-18 10:02:30,814.05,812257
2021-06-18 10:02:31,814.05,812299
2021-06-18 10:02:32,814.05,812624
2021-06-18 10:02:33,814.15,813012
2021-06-18 10:02:34,814.1,813059
2021-06-18 10:02:35,814.25,813137
2021-06-18 10:02:36,815.0,813554
2021-06-18 10:02:37,814.8,813611
2021-06-18 10:02:38,815.15,814233
2021-06-18 10:02:41,815.0,814328
2021-06-18 10:02:42,815.0,814328
2021-06-18 10:02:43,815.0,814338
2021-06-18 10:02:44,815.4,814346
2021-06-18 10:02:45,815.4,814346
2021-06-18 10:02:46,815.4,814407
2021-06-18 10:02:46,815.1,814906
2021-06-18 10:02:47,815.1,814916
2021-06-18 10:02:48,815.3,815412
2021-06-18 10:02:49,815.3,815415
2021-06-18 10:02:51,815.1,815455
2021-06-18 10:02:53,815.75,816985
2021-06-18 10:02:53,815.75,816985
2021-06-18 10:02:54,816.0,817095
2021-06-18 10:02:56,816.0,817120
2021-06-18 10:02:57,816.0,817220
2021-06-18 10:02:58,816.0,817361
2021-06-18 10:02:59,816.0,817363
2021-06-18 10:03:00,816.0,818416
2021-06-18 10:03:01,816.0,818416
2021-06-18 10:03:02,816.0,818426
2021-06-18 10:03:03,815.95,818431
2021-06-18 10:03:04,816.0,818460
2021-06-18 10:03:05,815.9,818470
2021-06-18 10:03:06,815.8,818951
2021-06-18 10:03:07,815.9,819236
2021-06-18 10:03:08,815.9,819256
2021-06-18 10:03:09,815.9,819306
2021-06-18 10:03:10,815.9,819332
2021-06-18 10:03:11,815.9,819541
2021-06-18 10:03:11,815.9,819446
2021-06-18 10:03:13,815.9,819575
2021-06-18 10:03:14,816.0,820872
2021-06-18 10:03:15,816.0,821730
2021-06-18 10:03:16,816.0,821730
2021-06-18 10:03:19,816.2,822444
2021-06-18 10:03:20,816.3,823190
2021-06-18 10:03:21,816.2,823389
2021-06-18 10:03:22,816.3,823390
2021-06-18 10:03:23,816.4,824199
2021-06-18 10:03:24,816.4,824211
2021-06-18 10:03:25,816.4,824411
2021-06-18 10:03:26,816.4,824446
2021-06-18 10:03:27,816.4,824846
2021-06-18 10:03:28,816.4,824947
2021-06-18 10:03:29,816.4,824947
2021-06-18 10:03:30,816.2,824956
2021-06-18 10:03:31,816.4,825024
2021-06-18 10:03:32,816.4,825040
2021-06-18 10:03:33,816.2,825212
2021-06-18 10:03:34,816.4,825272
2021-06-18 10:03:35,816.4,825432
2021-06-18 10:03:36,816.4,825432
2021-06-18 10:03:37,816.3,825858
2021-06-18 10:03:39,816.3,826279
2021-06-18 10:03:40,816.3,828470
2021-06-18 10:03:41,816.25,828963
2021-06-18 10:03:42,816.3,829467
2021-06-18 10:03:43,816.3,829467
2021-06-18 10:03:44,816.3,829524
2021-06-18 10:03:44,816.3,829579
2021-06-18 10:03:46,816.5,831250
2021-06-18 10:03:47,817.05,832102
2021-06-18 10:03:48,816.75,832410
2021-06-18 10:03:49,816.8,832413
2021-06-18 10:03:50,816.8,832504
2021-06-18 10:03:50,816.8,832504
2021-06-18 10:03:52,816.8,832531
2021-06-18 10:03:52,816.8,832931
2021-06-18 10:03:53,816.8,833212
2021-06-18 10:03:54,817.0,833222
2021-06-18 10:03:55,817.1,833427
2021-06-18 10:03:56,817.1,833607
2021-06-18 10:03:57,816.8,833732
2021-06-18 10:03:58,816.8,833732
2021-06-18 10:03:59,816.8,833753
2021-06-18 10:04:00,816.75,834877
2021-06-18 10:04:02,817.0,834892
2021-06-18 10:04:03,817.0,834892
2021-06-18 10:04:03,816.85,834901
2021-06-18 10:04:05,816.85,834972
2021-06-18 10:04:05,817.0,835224
2021-06-18 10:04:07,817.0,835226
2021-06-18 10:04:07,817.0,835226
2021-06-18 10:04:08,817.0,835234
2021-06-18 10:04:09,816.8,835304
2021-06-18 10:04:11,816.8,835467
2021-06-18 10:04:12,816.85,836872
2021-06-18 10:04:15,816.85,837640
2021-06-18 10:04:15,816.85,837665
2021-06-18 10:04:16,816.85,837680
2021-06-18 10:04:17,816.4,844554
2021-06-18 10:04:18,816.0,845865
2021-06-18 10:04:19,816.0,846932
2021-06-18 10:04:20,816.2,846950
2021-06-18 10:04:21,816.2,846964
2021-06-18 10:04:22,816.1,847528
2021-06-18 10:04:23,816.1,848056
2021-06-18 10:04:25,815.9,848166
2021-06-18 10:04:26,816.0,848386
2021-06-18 10:04:27,816.0,848386
2021-06-18 10:04:28,816.2,850398
2021-06-18 10:04:29,816.2,852270
2021-06-18 10:04:30,816.2,852561
2021-06-18 10:04:31,816.65,852611
2021-06-18 10:04:32,816.3,852855
2021-06-18 10:04:34,816.3,853032
2021-06-18 10:04:35,816.5,853178
2021-06-18 10:04:36,816.3,853180
2021-06-18 10:04:37,816.3,853180
2021-06-18 10:04:38,816.55,853190
2021-06-18 10:04:40,816.55,853191
2021-06-18 10:04:41,816.2,853517
2021-06-18 10:04:41,816.2,853517
2021-06-18 10:04:42,816.2,855022
2021-06-18 10:04:43,816.45,855062
2021-06-18 10:04:44,816.2,855106
2021-06-18 10:04:45,816.2,855129
2021-06-18 10:04:46,816.2,855129
2021-06-18 10:04:48,816.1,857280
2021-06-18 10:04:50,816.1,857658
2021-06-18 10:04:51,816.1,857678
2021-06-18 10:04:52,816.1,857678
2021-06-18 10:04:53,816.1,857901
2021-06-18 10:04:54,816.0,857951
2021-06-18 10:04:55,816.1,858064
2021-06-18 10:04:57,816.0,858144
2021-06-18 10:04:58,816.0,858144
2021-06-18 10:04:59,816.15,858804
2021-06-18 10:05:01,816.1,858931
2021-06-18 10:05:02,816.15,859928
2021-06-18 10:05:03,816.15,859928
2021-06-18 10:05:03,816.25,859973
2021-06-18 10:05:04,816.25,859973
2021-06-18 10:05:05,816.8,860285
2021-06-18 10:05:06,816.8,860397
2021-06-18 10:05:07,816.8,860407
2021-06-18 10:05:08,816.7,860594
2021-06-18 10:05:09,816.7,860594
2021-06-18 10:05:10,817.0,860766
2021-06-18 10:05:12,817.0,860832
2021-06-18 10:05:12,817.0,860832
2021-06-18 10:05:13,817.1,861142
2021-06-18 10:05:14,817.2,861256
2021-06-18 10:05:15,817.25,862390
2021-06-18 10:05:16,817.15,862402
2021-06-18 10:05:17,817.2,862507
2021-06-18 10:05:18,817.2,862507
2021-06-18 10:05:19,817.2,862520
2021-06-18 10:05:20,817.15,863150
2021-06-18 10:05:21,817.2,863496
2021-06-18 10:05:22,817.2,863657
2021-06-18 10:05:23,817.2,863698
2021-06-18 10:05:24,817.2,863698
2021-06-18 10:05:25,817.25,863757
2021-06-18 10:05:26,817.25,863757
2021-06-18 10:05:27,817.25,864161
2021-06-18 10:05:28,817.45,864919
2021-06-18 10:05:29,817.5,865152
2021-06-18 10:05:30,817.5,865262
2021-06-18 10:05:31,817.55,865314
2021-06-18 10:05:32,817.55,865678
2021-06-18 10:05:33,817.55,865710
2021-06-18 10:05:34,817.55,865710
2021-06-18 10:05:35,817.75,866938
2021-06-18 10:05:36,817.8,867096
2021-06-18 10:05:37,817.8,867116
2021-06-18 10:05:39,817.85,867261
2021-06-18 10:05:39,817.95,867356
2021-06-18 10:05:40,817.95,867376
2021-06-18 10:05:41,818.0,868182
2021-06-18 10:05:42,818.0,868702
2021-06-18 10:05:43,818.05,869097
2021-06-18 10:05:44,818.05,869097
2021-06-18 10:05:45,818.05,869818
2021-06-18 10:05:46,818.0,869830
2021-06-18 10:05:48,817.95,869845
2021-06-18 10:05:49,818.0,869992
2021-06-18 10:05:50,818.15,870391
2021-06-18 10:05:51,817.55,870955
2021-06-18 10:05:52,817.95,871956
2021-06-18 10:05:53,817.95,872211
2021-06-18 10:05:53,817.95,872212
2021-06-18 10:05:57,818.05,873250
2021-06-18 10:05:58,818.0,873264
2021-06-18 10:05:58,818.05,874084
2021-06-18 10:06:00,817.95,874276
2021-06-18 10:06:00,818.0,874575
2021-06-18 10:06:01,817.8,876144
2021-06-18 10:06:03,817.8,876144
2021-06-18 10:06:04,817.65,876323
2021-06-18 10:06:05,817.55,876348
2021-06-18 10:06:06,817.95,876503
2021-06-18 10:06:07,817.6,876605
2021-06-18 10:06:08,818.0,877205
2021-06-18 10:06:10,817.95,877218
2021-06-18 10:06:11,817.95,877218
2021-06-18 10:06:12,817.95,877218
2021-06-18 10:06:13,817.95,877218
2021-06-18 10:06:13,817.95,877220
2021-06-18 10:06:14,817.95,877220
2021-06-18 10:06:15,817.95,877220
2021-06-18 10:06:18,817.8,878251
2021-06-18 10:06:19,817.65,878260
2021-06-18 10:06:20,817.75,879107
2021-06-18 10:06:21,817.5,879117
2021-06-18 10:06:22,817.65,879121
2021-06-18 10:06:23,817.5,879126
2021-06-18 10:06:25,817.55,879199
2021-06-18 10:06:26,817.55,879221
2021-06-18 10:06:27,817.9,880395
2021-06-18 10:06:27,817.9,880395
2021-06-18 10:06:28,817.9,880979
2021-06-18 10:06:30,818.8,884710
2021-06-18 10:06:31,818.8,885079
2021-06-18 10:06:32,818.8,885708
2021-06-18 10:06:32,818.75,885709
2021-06-18 10:06:33,818.5,885720
2021-06-18 10:06:34,818.5,885785
2021-06-18 10:06:35,818.75,885885
2021-06-18 10:06:36,818.6,886028
2021-06-18 10:06:38,818.8,886113
2021-06-18 10:06:38,818.8,886113
2021-06-18 10:06:39,818.8,886113
2021-06-18 10:06:41,818.9,886893
2021-06-18 10:06:42,819.0,887735
2021-06-18 10:06:43,819.2,888742
2021-06-18 10:06:44,819.15,888957
2021-06-18 10:06:45,819.3,889061
2021-06-18 10:06:46,819.3,889712
2021-06-18 10:06:47,819.35,890059
2021-06-18 10:06:48,819.65,890239
2021-06-18 10:06:49,819.4,890264
2021-06-18 10:06:51,819.5,890362
2021-06-18 10:06:50,819.4,890282
2021-06-18 10:06:52,819.5,890523
2021-06-18 10:06:53,819.5,890783
2021-06-18 10:06:54,819.5,890783
2021-06-18 10:06:55,819.5,890788
2021-06-18 10:06:56,818.4,894924
2021-06-18 10:06:57,818.25,894950
2021-06-18 10:06:58,818.3,895219
2021-06-18 10:06:59,818.3,895219
2021-06-18 10:07:00,818.25,895329
2021-06-18 10:07:01,818.0,895395
2021-06-18 10:07:02,818.25,895415
2021-06-18 10:07:03,818.2,895715
2021-06-18 10:07:04,818.25,896067
2021-06-18 10:07:05,818.25,896167
2021-06-18 10:07:06,818.25,896969
2021-06-18 10:07:07,818.0,896975
2021-06-18 10:07:08,818.25,897103
2021-06-18 10:07:09,818.25,897217
2021-06-18 10:07:10,818.25,897242
2021-06-18 10:07:11,818.0,897285
2021-06-18 10:07:12,818.25,897385
2021-06-18 10:07:13,818.25,897413
2021-06-18 10:07:13,818.25,897413
2021-06-18 10:07:16,818.25,897419
2021-06-18 10:07:17,818.25,897420
2021-06-18 10:07:18,818.25,897423
2021-06-18 10:07:19,818.25,897423
2021-06-18 10:07:20,818.25,897509
2021-06-18 10:07:21,818.25,897511
2021-06-18 10:07:22,818.25,897511
2021-06-18 10:07:23,818.25,897512
2021-06-18 10:07:23,818.25,897512
2021-06-18 10:07:25,818.25,897564
2021-06-18 10:07:26,818.25,897664
2021-06-18 10:07:28,818.25,897691
2021-06-18 10:07:29,818.25,897691
2021-06-18 10:07:30,818.05,897861
2021-06-18 10:07:31,818.05,897883
2021-06-18 10:07:33,818.2,897884
2021-06-18 10:07:34,818.2,897885
2021-06-18 10:07:35,818.0,897991
2021-06-18 10:07:36,818.05,898007
2021-06-18 10:07:37,818.0,898502
2021-06-18 10:07:38,818.0,898524
2021-06-18 10:07:39,818.0,898524
2021-06-18 10:07:40,818.0,899026
2021-06-18 10:07:41,817.6,899591
2021-06-18 10:07:43,817.65,899911
2021-06-18 10:07:44,817.55,900866
2021-06-18 10:07:45,817.5,901206
2021-06-18 10:07:45,817.5,901183
2021-06-18 10:07:48,817.65,901213
2021-06-18 10:07:49,817.65,901215
2021-06-18 10:07:50,817.25,901415
2021-06-18 10:07:51,817.25,901415
2021-06-18 10:07:52,817.6,901425
2021-06-18 10:07:53,817.25,901430
2021-06-18 10:07:53,817.55,901442
2021-06-18 10:07:54,817.55,901442
2021-06-18 10:07:56,817.55,901492
2021-06-18 10:07:57,817.55,901494
2021-06-18 10:07:58,817.55,901494
2021-06-18 10:07:59,817.55,901494
2021-06-18 10:08:00,817.25,901504
2021-06-18 10:08:01,817.5,901505
2021-06-18 10:08:02,817.45,901535
2021-06-18 10:08:03,817.25,901718
2021-06-18 10:08:04,817.25,901996
2021-06-18 10:08:05,817.25,902296
2021-06-18 10:08:06,817.25,902759
2021-06-18 10:08:07,817.5,904979
2021-06-18 10:08:08,817.5,904979
2021-06-18 10:08:09,817.05,905697
2021-06-18 10:08:10,816.95,906789
2021-06-18 10:08:10,817.0,906716
2021-06-18 10:08:12,816.95,906789
2021-06-18 10:08:13,816.95,907339
2021-06-18 10:08:14,816.95,907339
2021-06-18 10:08:14,817.0,907589
2021-06-18 10:08:16,817.1,907642
2021-06-18 10:08:19,817.05,908455
2021-06-18 10:08:20,817.25,908461
2021-06-18 10:08:20,817.25,908461
2021-06-18 10:08:22,817.05,908561
2021-06-18 10:08:23,817.05,908563
2021-06-18 10:08:25,817.25,908588
2021-06-18 10:08:26,817.25,908698
2021-06-18 10:08:26,817.25,908698
2021-06-18 10:08:28,817.25,908698
2021-06-18 10:08:29,817.25,908698
2021-06-18 10:08:30,817.25,908698
2021-06-18 10:08:31,817.05,908720
2021-06-18 10:08:32,817.25,908750
2021-06-18 10:08:33,817.05,908758
2021-06-18 10:08:34,817.25,909008
2021-06-18 10:08:35,817.25,909008
2021-06-18 10:08:36,817.25,909008
2021-06-18 10:08:37,817.25,909010
2021-06-18 10:08:38,817.25,909010
2021-06-18 10:08:39,817.05,909175
2021-06-18 10:08:40,817.05,909175
2021-06-18 10:08:42,817.15,909374
2021-06-18 10:08:45,817.25,909567
2021-06-18 10:08:47,817.05,909855
2021-06-18 10:08:48,816.9,910950
2021-06-18 10:08:49,816.5,911050
2021-06-18 10:08:50,816.5,911050
2021-06-18 10:08:51,816.2,911420
2021-06-18 10:08:52,816.2,911420
2021-06-18 10:08:53,816.2,911420
2021-06-18 10:08:54,816.0,911681
2021-06-18 10:08:55,816.2,911731
2021-06-18 10:08:56,816.2,911731
2021-06-18 10:08:57,816.2,911731
2021-06-18 10:08:58,816.2,911731
2021-06-18 10:08:59,816.2,911731
2021-06-18 10:09:00,816.2,911731
2021-06-18 10:09:01,816.2,911731
2021-06-18 10:09:02,816.2,912243
2021-06-18 10:09:03,816.2,912365
2021-06-18 10:09:04,816.1,912540
2021-06-18 10:09:05,816.1,912540
2021-06-18 10:09:06,816.1,912562
2021-06-18 10:09:07,816.1,912562
2021-06-18 10:09:08,816.1,912562
2021-06-18 10:09:09,816.2,912574
2021-06-18 10:09:10,816.0,912575
2021-06-18 10:09:11,816.2,912595
2021-06-18 10:09:12,816.2,912700
2021-06-18 10:09:13,816.2,913146
2021-06-18 10:09:15,816.15,913152
2021-06-18 10:09:16,816.15,915448
2021-06-18 10:09:17,816.2,915453
2021-06-18 10:09:18,816.0,915761
2021-06-18 10:09:19,816.0,915761
2021-06-18 10:09:20,816.15,915781
2021-06-18 10:09:21,816.05,916053
2021-06-18 10:09:22,816.05,916053
2021-06-18 10:09:23,816.1,916124
2021-06-18 10:09:24,816.15,916364
2021-06-18 10:09:25,816.05,916686
2021-06-18 10:09:27,816.05,916695
2021-06-18 10:09:26,816.05,916695
2021-06-18 10:09:28,816.15,916700
2021-06-18 10:09:29,816.15,916702
2021-06-18 10:09:30,816.15,916702
2021-06-18 10:09:31,816.0,916774
2021-06-18 10:09:32,816.0,916875
2021-06-18 10:09:33,816.15,916877
2021-06-18 10:09:34,816.15,916878
2021-06-18 10:09:35,816.15,916878
2021-06-18 10:09:36,816.15,916878
2021-06-18 10:09:37,816.15,916883
2021-06-18 10:09:38,816.0,916903
2021-06-18 10:09:39,816.0,916903
2021-06-18 10:09:40,816.0,916903
2021-06-18 10:09:41,816.0,916903
2021-06-18 10:09:42,816.15,917053
2021-06-18 10:09:43,816.0,917057
2021-06-18 10:09:44,816.1,917060
2021-06-18 10:09:45,816.1,917060
2021-06-18 10:09:46,816.1,917080
2021-06-18 10:09:47,816.1,917080
2021-06-18 10:09:48,816.1,917080
2021-06-18 10:09:49,816.1,917085
2021-06-18 10:09:50,816.1,917085
2021-06-18 10:09:51,816.1,917109
2021-06-18 10:09:52,816.1,917109
2021-06-18 10:09:54,816.05,917512
2021-06-18 10:09:55,816.05,917512
2021-06-18 10:09:56,816.05,917632
2021-06-18 10:09:58,816.1,917642
2021-06-18 10:09:57,816.05,917632
2021-06-18 10:09:59,816.1,917697
2021-06-18 10:10:00,816.1,917697
2021-06-18 10:10:01,816.0,918248
2021-06-18 10:10:02,816.0,918348
2021-06-18 10:10:03,816.0,918452
2021-06-18 10:10:04,816.0,918552
2021-06-18 10:10:05,815.7,918732
2021-06-18 10:10:06,815.85,919092
2021-06-18 10:10:07,815.85,919092
2021-06-18 10:10:08,816.0,919701
2021-06-18 10:10:09,816.0,919708
2021-06-18 10:10:10,815.55,922123
2021-06-18 10:10:11,815.55,923359
2021-06-18 10:10:12,815.55,923409
2021-06-18 10:10:13,815.7,923424
2021-06-18 10:10:14,815.7,923424
2021-06-18 10:10:15,815.95,923426
2021-06-18 10:10:16,815.95,923426
2021-06-18 10:10:17,815.9,923451
2021-06-18 10:10:18,815.7,923458
2021-06-18 10:10:20,815.9,923478
2021-06-18 10:10:21,815.6,923549
2021-06-18 10:10:22,815.85,923556
2021-06-18 10:10:23,815.7,923606
2021-06-18 10:10:24,815.7,923606
2021-06-18 10:10:25,815.85,923679
2021-06-18 10:10:26,815.85,923807
2021-06-18 10:10:27,815.6,923810
2021-06-18 10:10:28,815.6,923810
2021-06-18 10:10:29,815.6,923829
2021-06-18 10:10:30,815.85,923859
2021-06-18 10:10:31,815.85,923859
2021-06-18 10:10:32,815.6,923959
2021-06-18 10:10:33,815.6,923959
2021-06-18 10:10:34,815.85,923960
2021-06-18 10:10:35,815.55,923984
2021-06-18 10:10:36,815.55,923990
2021-06-18 10:10:37,815.35,925519
2021-06-18 10:10:38,815.35,925619
2021-06-18 10:10:39,815.3,925620
2021-06-18 10:10:40,815.25,926240
2021-06-18 10:10:41,815.0,926262
2021-06-18 10:10:42,815.2,926274
2021-06-18 10:10:43,815.0,926809
2021-06-18 10:10:44,815.0,926965
2021-06-18 10:10:45,815.15,927377
2021-06-18 10:10:46,815.15,927377
2021-06-18 10:10:47,815.0,927427
2021-06-18 10:10:48,815.0,927480
2021-06-18 10:10:49,814.5,928492
2021-06-18 10:10:50,814.5,928542
2021-06-18 10:10:51,814.5,928565
2021-06-18 10:10:52,814.9,928615
2021-06-18 10:10:53,814.55,928715
2021-06-18 10:10:54,814.9,928717
2021-06-18 10:10:55,814.9,929997
2021-06-18 10:10:56,814.65,930277
2021-06-18 10:10:58,814.65,930277
2021-06-18 10:11:00,814.65,930663
2021-06-18 10:11:02,814.65,930663
2021-06-18 10:11:03,814.95,933264
2021-06-18 10:11:03,814.7,934756
2021-06-18 10:11:04,814.6,935056
2021-06-18 10:11:06,814.6,935078
2021-06-18 10:11:06,814.6,935078
2021-06-18 10:11:07,814.9,935080
2021-06-18 10:11:08,814.9,935080
2021-06-18 10:11:09,814.55,935092
2021-06-18 10:11:10,814.5,935385
2021-06-18 10:11:11,814.4,935386
2021-06-18 10:11:12,814.9,938722
2021-06-18 10:11:13,815.15,940310
2021-06-18 10:11:14,815.25,941231
2021-06-18 10:11:15,814.95,941297
2021-06-18 10:11:16,815.25,941299
2021-06-18 10:11:17,815.25,941309
2021-06-18 10:11:18,815.0,941359
2021-06-18 10:11:19,815.0,941359
2021-06-18 10:11:20,815.0,941360
2021-06-18 10:11:21,815.0,941360
2021-06-18 10:11:22,815.0,942544
2021-06-18 10:11:23,815.0,942544
2021-06-18 10:11:24,815.15,942552
2021-06-18 10:11:26,814.85,942688
2021-06-18 10:11:27,814.85,942688
2021-06-18 10:11:28,814.85,942688
2021-06-18 10:11:28,814.85,942688
2021-06-18 10:11:29,815.0,943188
2021-06-18 10:11:31,814.7,943243
2021-06-18 10:11:31,814.7,943243
2021-06-18 10:11:32,814.6,943255
2021-06-18 10:11:33,815.1,944555
2021-06-18 10:11:34,815.0,944557
2021-06-18 10:11:35,814.9,944843
2021-06-18 10:11:36,815.0,944844
2021-06-18 10:11:37,815.0,944845
2021-06-18 10:11:38,814.9,944850
2021-06-18 10:11:39,815.0,944852
2021-06-18 10:11:41,814.9,944854
2021-06-18 10:11:41,814.9,944854
2021-06-18 10:11:42,814.9,944854
2021-06-18 10:11:43,814.9,944854
2021-06-18 10:11:45,815.0,944876
2021-06-18 10:11:46,815.05,945498
2021-06-18 10:11:46,815.45,946501
2021-06-18 10:11:47,815.45,946581
2021-06-18 10:11:49,815.45,946581
2021-06-18 10:11:49,815.45,946581
2021-06-18 10:11:50,815.05,946651
2021-06-18 10:11:51,815.2,946654
2021-06-18 10:11:52,815.2,946679
2021-06-18 10:11:53,815.2,946694
2021-06-18 10:11:54,815.2,946694
2021-06-18 10:11:55,815.2,946694
2021-06-18 10:11:56,815.2,946694
2021-06-18 10:11:58,815.2,946702
2021-06-18 10:11:58,815.2,946701
2021-06-18 10:11:59,815.2,946702
2021-06-18 10:12:00,815.2,946702
2021-06-18 10:12:01,815.0,946703
2021-06-18 10:12:02,815.0,946703
2021-06-18 10:12:03,815.05,946704
2021-06-18 10:12:04,815.05,946707
2021-06-18 10:12:05,815.0,946807
2021-06-18 10:12:06,815.05,946808
2021-06-18 10:12:07,815.05,946816
2021-06-18 10:12:09,815.05,947116
2021-06-18 10:12:09,815.05,947116
2021-06-18 10:12:10,815.0,947138
2021-06-18 10:12:12,815.05,947223
2021-06-18 10:12:14,815.05,947232
2021-06-18 10:12:15,815.05,947232
2021-06-18 10:12:16,815.05,947290
2021-06-18 10:12:17,815.05,947292
2021-06-18 10:12:19,815.05,947370
2021-06-18 10:12:19,815.05,947620
2021-06-18 10:12:20,815.05,947623
2021-06-18 10:12:21,815.05,947623
2021-06-18 10:12:23,815.05,947675
2021-06-18 10:12:23,815.05,947673
2021-06-18 10:12:24,815.05,947677
2021-06-18 10:12:25,815.05,947677
2021-06-18 10:12:26,815.05,947677
2021-06-18 10:12:28,815.05,947682
2021-06-18 10:12:29,815.05,947682
2021-06-18 10:12:30,815.05,947682
2021-06-18 10:12:30,815.05,947682
2021-06-18 10:12:31,815.0,947714
2021-06-18 10:12:32,815.05,947715
2021-06-18 10:12:33,815.05,947715
2021-06-18 10:12:34,815.05,947715
2021-06-18 10:12:35,815.15,948724
2021-06-18 10:12:36,814.9,948880
2021-06-18 10:12:37,815.05,948882
2021-06-18 10:12:39,815.05,948932
2021-06-18 10:12:40,815.05,948987
2021-06-18 10:12:40,815.05,948987
2021-06-18 10:12:41,814.75,949030
2021-06-18 10:12:42,814.75,949030
2021-06-18 10:12:43,815.0,949035
2021-06-18 10:12:44,815.0,949035
2021-06-18 10:12:45,815.0,949035
2021-06-18 10:12:46,814.9,949040
2021-06-18 10:12:48,814.9,949041
2021-06-18 10:12:49,815.0,949046
2021-06-18 10:12:50,815.0,949046
2021-06-18 10:12:50,815.0,949046
2021-06-18 10:12:51,814.95,949070
2021-06-18 10:12:52,814.95,949070
2021-06-18 10:12:53,814.95,949070
2021-06-18 10:12:54,815.0,949071
2021-06-18 10:12:56,815.0,949371
2021-06-18 10:12:57,815.0,949373
2021-06-18 10:12:58,814.9,949523
2021-06-18 10:12:59,814.9,950023
2021-06-18 10:13:00,814.9,950023
2021-06-18 10:13:01,814.9,950026
2021-06-18 10:13:02,815.0,950061
2021-06-18 10:13:03,814.7,950915
2021-06-18 10:13:04,814.9,952227
2021-06-18 10:13:05,814.9,952227
2021-06-18 10:13:06,814.9,952227
2021-06-18 10:13:06,814.9,952227
2021-06-18 10:13:07,814.75,952232
2021-06-18 10:13:08,814.75,952232
2021-06-18 10:13:10,814.75,952237
2021-06-18 10:13:11,814.7,952323
2021-06-18 10:13:12,814.75,952374
2021-06-18 10:13:13,814.75,953845
2021-06-18 10:13:13,814.75,953845
2021-06-18 10:13:14,814.75,953845
2021-06-18 10:13:15,814.5,953980
2021-06-18 10:13:16,814.5,953990
2021-06-18 10:13:18,814.5,954040
2021-06-18 10:13:19,814.5,954086
2021-06-18 10:13:20,814.5,954087
2021-06-18 10:13:21,814.45,955447
2021-06-18 10:13:22,814.0,957170
2021-06-18 10:13:23,814.4,957515
2021-06-18 10:13:23,814.4,957515
2021-06-18 10:13:24,814.4,957527
2021-06-18 10:13:25,814.4,957531
2021-06-18 10:13:26,814.4,957584
2021-06-18 10:13:27,814.4,958886
2021-06-18 10:13:28,814.4,959041
2021-06-18 10:13:29,814.4,959041
2021-06-18 10:13:31,814.3,959220
2021-06-18 10:13:34,814.3,959242
2021-06-18 10:13:35,814.3,959503
2021-06-18 10:13:36,814.4,959504
2021-06-18 10:13:37,814.4,959504
2021-06-18 10:13:38,814.4,959504
2021-06-18 10:13:39,814.3,959524
2021-06-18 10:13:40,814.3,959524
2021-06-18 10:13:41,814.4,959644
2021-06-18 10:13:42,814.4,959644
2021-06-18 10:13:42,814.4,959644
2021-06-18 10:13:45,814.3,959646
2021-06-18 10:13:46,814.3,959669
2021-06-18 10:13:47,814.3,959669
2021-06-18 10:13:48,814.4,961010
2021-06-18 10:13:49,814.3,961036
2021-06-18 10:13:50,814.4,961039
2021-06-18 10:13:51,814.4,961045
2021-06-18 10:13:53,814.4,961057
2021-06-18 10:13:54,814.4,961059
2021-06-18 10:13:54,814.4,961059
2021-06-18 10:13:55,814.4,961069
2021-06-18 10:13:56,814.4,961074
2021-06-18 10:13:57,814.4,961076
2021-06-18 10:13:58,814.5,963379
2021-06-18 10:13:59,814.6,963814
2021-06-18 10:14:01,814.6,963817
2021-06-18 10:14:00,814.6,963817
2021-06-18 10:14:02,814.75,963832
2021-06-18 10:14:03,814.6,964082
2021-06-18 10:14:04,814.75,964230
2021-06-18 10:14:05,814.75,964230
2021-06-18 10:14:06,814.75,964431
2021-06-18 10:14:08,814.75,964458
2021-06-18 10:14:11,814.6,964765
2021-06-18 10:14:11,815.0,964898
2021-06-18 10:14:12,815.0,965015
2021-06-18 10:14:13,815.0,965016
2021-06-18 10:14:14,815.05,965339
2021-06-18 10:14:17,815.2,965661
2021-06-18 10:14:18,815.2,965661
2021-06-18 10:14:19,815.2,965663
2021-06-18 10:14:20,815.3,966043
2021-06-18 10:14:21,815.3,966293
2021-06-18 10:14:23,815.3,966295
2021-06-18 10:14:24,815.3,966480
2021-06-18 10:14:26,815.25,966490
2021-06-18 10:14:27,815.2,966818
2021-06-18 10:14:28,815.2,968500
2021-06-18 10:14:29,815.2,968500
2021-06-18 10:14:30,815.2,968572
2021-06-18 10:14:30,815.2,968622
2021-06-18 10:14:31,815.2,968622
2021-06-18 10:14:32,815.2,968622
2021-06-18 10:14:33,815.2,968642
2021-06-18 10:14:34,815.25,968664
2021-06-18 10:14:35,815.25,968664
2021-06-18 10:14:36,815.25,968667
2021-06-18 10:14:37,815.25,968669
2021-06-18 10:14:38,815.25,968669
2021-06-18 10:14:39,815.25,968669
2021-06-18 10:14:40,815.25,968673
2021-06-18 10:14:42,815.25,968673
2021-06-18 10:14:43,815.2,968683
2021-06-18 10:14:43,815.2,968683
2021-06-18 10:14:44,815.2,968685
2021-06-18 10:14:45,815.2,968708
2021-06-18 10:14:46,815.2,968923
2021-06-18 10:14:47,815.2,968923
2021-06-18 10:14:48,815.2,968923
2021-06-18 10:14:50,815.25,969517
2021-06-18 10:14:51,815.25,969517
2021-06-18 10:14:52,815.3,969739
2021-06-18 10:14:53,815.25,969765
2021-06-18 10:14:54,815.25,969765
2021-06-18 10:14:55,815.25,969765
2021-06-18 10:14:56,815.25,969765
2021-06-18 10:14:57,815.25,969870
2021-06-18 10:14:58,815.25,969870
2021-06-18 10:14:59,815.3,969880
2021-06-18 10:15:00,815.25,970090
2021-06-18 10:15:01,815.3,970095
2021-06-18 10:15:02,815.25,970132
2021-06-18 10:15:03,815.45,970432
2021-06-18 10:15:04,815.45,970432
2021-06-18 10:15:05,815.25,970441
2021-06-18 10:15:06,815.2,971328
2021-06-18 10:15:07,815.15,971768
2021-06-18 10:15:08,815.05,971790
2021-06-18 10:15:09,815.05,971790
2021-06-18 10:15:10,815.05,971790
2021-06-18 10:15:11,815.05,971790
2021-06-18 10:15:12,815.05,971790
2021-06-18 10:15:13,815.05,971905
2021-06-18 10:15:13,815.05,971790
2021-06-18 10:15:14,814.95,972298
2021-06-18 10:15:15,814.75,972313
2021-06-18 10:15:16,814.7,972323
2021-06-18 10:15:17,814.3,972623
2021-06-18 10:15:19,814.75,973623
2021-06-18 10:15:19,814.75,973623
2021-06-18 10:15:21,814.75,973623
2021-06-18 10:15:22,814.75,973782
2021-06-18 10:15:23,814.75,973782
2021-06-18 10:15:24,814.25,973797
2021-06-18 10:15:25,814.3,973802
2021-06-18 10:15:28,814.4,974359
2021-06-18 10:15:29,814.4,974559
2021-06-18 10:15:30,814.4,974560
2021-06-18 10:15:31,814.35,974583
2021-06-18 10:15:32,814.35,974590
2021-06-18 10:15:33,814.35,974590
2021-06-18 10:15:34,814.7,975239
2021-06-18 10:15:35,814.7,975267
2021-06-18 10:15:36,814.65,975282
2021-06-18 10:15:37,814.65,975282
2021-06-18 10:15:38,814.65,975282
2021-06-18 10:15:39,814.7,975283
2021-06-18 10:15:40,814.7,975432
2021-06-18 10:15:40,814.7,975432
2021-06-18 10:15:41,814.65,975447
2021-06-18 10:15:42,814.65,975447
2021-06-18 10:15:43,814.65,975547
2021-06-18 10:15:44,814.65,975557
2021-06-18 10:15:46,814.8,975607
2021-06-18 10:15:47,814.8,975607
2021-06-18 10:15:48,814.65,975610
2021-06-18 10:15:49,814.8,975907
2021-06-18 10:15:51,814.8,975918
2021-06-18 10:15:52,814.85,975950
2021-06-18 10:15:53,814.8,975957
2021-06-18 10:15:54,814.8,975957
2021-06-18 10:15:55,814.85,976139
2021-06-18 10:15:56,814.85,976159
2021-06-18 10:15:58,814.85,976159
2021-06-18 10:15:57,814.85,976159
2021-06-18 10:15:59,815.0,976631
2021-06-18 10:16:00,815.0,976631
2021-06-18 10:16:01,815.0,976632
2021-06-18 10:16:02,815.0,976652
2021-06-18 10:16:03,815.0,977202
2021-06-18 10:16:04,815.2,977276
2021-06-18 10:16:04,815.2,977276
2021-06-18 10:16:05,815.2,977283
2021-06-18 10:16:06,815.2,977305
2021-06-18 10:16:07,815.2,977310
2021-06-18 10:16:09,815.4,977324
2021-06-18 10:16:11,815.4,977324
2021-06-18 10:16:12,815.5,977624
2021-06-18 10:16:13,815.4,977626
2021-06-18 10:16:14,815.4,977626
2021-06-18 10:16:15,815.5,977634
2021-06-18 10:16:16,815.5,977637
2021-06-18 10:16:17,815.5,977678
2021-06-18 10:16:18,815.5,977678
2021-06-18 10:16:19,815.5,977690
2021-06-18 10:16:20,815.5,977690
2021-06-18 10:16:21,815.5,977690
2021-06-18 10:16:22,815.5,977790
2021-06-18 10:16:23,815.5,977792
2021-06-18 10:16:23,815.45,977793
2021-06-18 10:16:25,815.5,977893
2021-06-18 10:16:27,815.5,978195
2021-06-18 10:16:28,815.5,978195
2021-06-18 10:16:29,815.6,978638
2021-06-18 10:16:30,815.45,978688
2021-06-18 10:16:31,815.45,978688
2021-06-18 10:16:32,815.6,978689
2021-06-18 10:16:33,815.45,978726
2021-06-18 10:16:34,815.45,978726
2021-06-18 10:16:35,815.45,978726
2021-06-18 10:16:36,815.45,978726
2021-06-18 10:16:37,815.4,979586
2021-06-18 10:16:38,815.4,979586
2021-06-18 10:16:39,815.4,979694
2021-06-18 10:16:40,815.4,979696
2021-06-18 10:16:41,815.4,979696
2021-06-18 10:16:42,815.4,979712
2021-06-18 10:16:43,815.4,979712
2021-06-18 10:16:45,815.4,979912
2021-06-18 10:16:46,815.4,979912
2021-06-18 10:16:47,815.4,979912
2021-06-18 10:16:47,815.4,979912
2021-06-18 10:16:48,815.4,979926
2021-06-18 10:16:49,815.4,979932
2021-06-18 10:16:50,815.3,979955
2021-06-18 10:16:51,815.4,979957
2021-06-18 10:16:53,815.4,979957
2021-06-18 10:16:54,815.4,979957
2021-06-18 10:16:55,815.4,979957
2021-06-18 10:16:56,815.4,979958
2021-06-18 10:16:57,815.4,979960
2021-06-18 10:16:58,815.4,979960
2021-06-18 10:16:59,815.4,979960
2021-06-18 10:17:00,815.4,979966
2021-06-18 10:17:01,815.4,979966
2021-06-18 10:17:02,815.2,980496
2021-06-18 10:17:04,815.25,980577
2021-06-18 10:17:06,815.25,980577
2021-06-18 10:17:07,815.25,980577
2021-06-18 10:17:08,815.25,980577
2021-06-18 10:17:09,815.25,980577
2021-06-18 10:17:10,815.25,980577
2021-06-18 10:17:11,815.05,980599
2021-06-18 10:17:12,815.05,980601
2021-06-18 10:17:13,815.25,980613
2021-06-18 10:17:14,815.25,980613
2021-06-18 10:17:15,815.6,984613
2021-06-18 10:17:16,815.6,984613
2021-06-18 10:17:17,815.25,984619
2021-06-18 10:17:18,815.25,984619
2021-06-18 10:17:19,815.25,984783
2021-06-18 10:17:19,815.25,984783
2021-06-18 10:17:20,815.25,984783
2021-06-18 10:17:22,815.25,984783
2021-06-18 10:17:23,815.25,984784
2021-06-18 10:17:24,815.25,984794
2021-06-18 10:17:25,815.2,984814
2021-06-18 10:17:26,815.2,984838
2021-06-18 10:17:26,815.2,984857
2021-06-18 10:17:27,815.2,984863
2021-06-18 10:17:28,815.2,984872
2021-06-18 10:17:30,815.2,984872
2021-06-18 10:17:31,815.2,984920
2021-06-18 10:17:32,815.2,984945
2021-06-18 10:17:34,815.2,984945
2021-06-18 10:17:35,815.25,985036
2021-06-18 10:17:36,815.25,985036
2021-06-18 10:17:37,815.2,985242
2021-06-18 10:17:38,815.2,985242
2021-06-18 10:17:39,815.2,985242
2021-06-18 10:17:40,815.2,985263
2021-06-18 10:17:41,815.2,985429
2021-06-18 10:17:41,815.25,985431
2021-06-18 10:17:42,815.25,985463
2021-06-18 10:17:43,815.25,985463
2021-06-18 10:17:45,815.0,985506
2021-06-18 10:17:45,815.25,985463
2021-06-18 10:17:46,815.0,985524
2021-06-18 10:17:48,815.0,985524
2021-06-18 10:17:49,815.2,985534
2021-06-18 10:17:49,815.2,985634
2021-06-18 10:17:53,815.0,985762
2021-06-18 10:17:58,815.0,985805
2021-06-18 10:18:02,815.2,985809
2021-06-18 10:18:06,815.2,986247
2021-06-18 10:18:10,815.2,986455
2021-06-18 10:18:14,815.2,986512
2021-06-18 10:18:18,815.2,986612
2021-06-18 10:18:22,815.2,987012
2021-06-18 10:18:26,815.2,987142
2021-06-18 10:18:30,815.05,987278
2021-06-18 10:18:34,815.2,987283
2021-06-18 10:18:39,815.3,988715
2021-06-18 10:18:44,815.2,989915
2021-06-18 10:18:48,815.3,989973
2021-06-18 10:18:54,815.3,990361
2021-06-18 10:18:59,815.7,991639
2021-06-18 10:19:04,815.8,991930
2021-06-18 10:19:09,815.8,992747
2021-06-18 10:19:13,815.8,992800
2021-06-18 10:19:18,815.8,992835
2021-06-18 10:19:22,815.7,992838
2021-06-18 10:19:26,815.75,996011
2021-06-18 10:19:31,816.0,998069
2021-06-18 10:19:36,815.35,998310
2021-06-18 10:19:41,815.2,1009757
2021-06-18 10:19:46,815.0,1011526
2021-06-18 10:19:51,815.35,1011537
2021-06-18 10:20:01,815.3,1012484
2021-06-18 10:20:05,815.3,1012488
2021-06-18 10:20:10,815.35,1012512
2021-06-18 10:20:14,815.3,1014294
2021-06-18 10:20:19,815.35,1014909
2021-06-18 10:20:23,815.5,1018570
2021-06-18 10:20:28,816.0,1019390
2021-06-18 10:20:33,816.0,1019680
2021-06-18 10:20:42,816.5,1021489
2021-06-18 10:20:46,816.65,1021624
2021-06-18 10:20:51,816.8,1023437
2021-06-18 10:20:56,816.55,1024959
2021-06-18 10:21:01,816.8,1025838
2021-06-18 10:21:05,816.7,1026114
2021-06-18 10:21:10,816.65,1027100
2021-06-18 10:21:15,816.45,1027342
